3078 5072
256 391 275 453 6
632 406 674 446 aa
699 405 786 445 vrars
809 403 1021 444 ruavsraravs
1059 457 1087 514 ·

256 579 276 622 a
298 555 523 642 Theophrasto
545 555 591 618 ita
613 553 749 618 delinita
771 559 835 616 est:
877 551 1044 637 τραγῳδία
1066 548 1157 614 ἐστὶν
1179 540 1323 635 ἡρωϊκῆς
1345 543 1399 616 sri-

256 683 314 743 χης
335 660 536 741 περίσταοις.
571 654 757 742 tragoedia,
777 661 821 740 ut
835 652 982 738 quidam,
1005 675 1024 716 a
1044 649 1153 740 τράγῳ
1175 663 1209 717 et
1227 643 1297 742 ᾠδῇ
1312 653 1401 718 dicta

258 741 496 847 estj'quoniam
518 758 596 822 olim
622 756 787 822 actoribus
815 756 949 839 tragicis
977 749 1112 841 τράγος,
1142 754 1176 820 id
1206 765 1254 819 cst
1279 755 1400 836 hircus,

154 923 160 932 .
258 862 438 950 praemium
459 869 574 936 cantus
592 847 848 947 proponebatur,
871 860 926 944 qui
941 857 1149 924 Liberalibus
1172 857 1224 922 die
1244 858 1327 922 festo
1346 857 1399 920 Li·

257 963 336 1029 hero
366 963 452 1050 patri
475 963 518 1029 oh
538 962 600 1028 hoc
623 965 730 1050 ipsum
753 958 999 1043 immolabatur,
1032 962 1125 1046 quia,
1153 969 1189 1023 ut
1210 959 1313 1026 Varro
1341 960 1422 1042 ait„

258 1065 440 1152 depascunt
458 1067 575 1148 uitem3
620 1077 652 1128 et
674 1062 830 1128 Horatius
853 1062 886 1128 in
909 1071 978 1127 arte
1000 1063 1143 1148 poetica:

385 1169 528 1232 carmine
551 1168 606 1254 qui
626 1165 752 1250 tragico
779 1163 877 1228 uilem
901 1166 1040 1229 certauit
1059 1165 1100 1229 ob
1123 1164 1261 1244 hircum,

387 1291 464 1336 mox
487 1271 584 1333 etiam
606 1269 745 1354 agrestis
767 1276 894 1354 satyros
917 1267 1076 1349 nudauit,⁸

260 1379 293 1434 et
313 1369 480 1456 Vergilius
501 1372 536 1436 in
555 1371 730 1456 georgicon
749 1367 907 1450 secundo,
931 1391 1003 1434 oum
1024 1375 1056 1432 et
1079 1368 1164 1433 sacri
1185 1389 1290 1454 genus
1311 1389 1399 1432 mon·

176 1535 182 1546 ,
260 1480 343 1536 strat
364 1481 398 1536 ct
420 1495 552 1540 eausam
574 1472 649 1537 talis
671 1471 797 1536 hostiae
819 1472 927 1536 reddit
946 1470 997 1534 his
1021 1470 1187 1534 uersibus:
1404 1498 1427 1538 m

390 1597 454 1639 non
477 1575 575 1640 aliam
597 1575 638 1640 ob
659 1573 787 1660 culpam
809 1572 938 1638 Baccho
961 1594 1058 1658 caper
1077 1571 1227 1637 omuibus
1250 1572 1315 1636 aris

387 1676 542 1741 caeditur.
598 1731 601 1738 .

260 1775 317 1840 alii
340 1789 449 1841 autem
470 1786 586 1865 putant
606 1798 626 1841 a
649 1776 756 1857 faece,
786 1798 883 1862 quarn
905 1775 1106 1842 Graecorum
1135 1775 1267 1864 quidem
1297 1769 1402 1858 τρύγα

260 1878 441 1966 appellant,
465 1879 666 1964 tragoediam
688 1879 885 1944 nominatam
913 1901 972 1966 per
987 1879 1200 1943 mutationem
1220 1877 1399 1942 litterarum

260 2003 283 2043 υ
304 1982 337 2044 in
360 2003 382 2043 α
408 2001 521 2064 uersa,
550 1983 703 2067 quoniam
732 1969 815 2044 olim'
829 1980 973 2046 noudum
995 1980 1143 2068 personis
1169 1981 1201 2065 [a
1223 1979 1433 2066 Thespidelu

260 2082 398 2167 repertis
413 2081 494 2146 tales
510 2082 638 2147 fabulas
661 2083 807 2169 peruncti
831 2103 888 2148 ora
909 2082 1056 2148 faecibus
1071 2082 1255 2168 agitabant,
1279 2090 1314 2146 ut
1331 2103 1401 2146 rur·

261 2205 332 2246 sum
357 2193 407 2248 est
427 2183 582 2249 Horatius
604 2186 696 2249 testis
718 2186 781 2248 sic:

261 2319 266 2388 Ι
286 2311 305 2388 ἢ
322 2315 401 2402 παρὰ
414 2315 465 2388 τὴν
478 2315 566 2388 τρύγα
586 2316 618 2374 dl
636 2317 689 2390 τήν
701 2317 885 2389 δωρουμένην
901 2323 904 2387 Ι
922 2312 990 2389 ἤτοι,
1001 2317 1051 2402 τόγ
1063 2316 1146 2374 olvbv
1163 2313 1271 2388 Ἀτοικιρ
1289 2313 1402 2380 πάντας

261 2383 333 2456 λόγῳ
348 2389 385 2458 1η
405 2383 454 2442 τὸν
472 2383 577 2456 τράγον
597 2384 629 2442 dl
647 2389 695 2442 nul
708 2383 884 2456 τετράγωνον
896 2383 994 2442 στάσιν
1010 2392 1013 2456 Ι
1029 2409 1046 2458 η
1060 2385 1113 2458 τὴν
1124 2390 1287 2456 τραγῳδίαν
1305 2405 1334 2440 τε
1353 2385 1402 2440 καὶ

260 2456 441 2524 θρηνῳδίαν.
460 2461 661 2510 Euarithiusde
675 2461 768 2510 fabula
782 2461 843 2510 init.
863 2460 905 2509 cd.
926 2461 1126 2525 Lindenhmg:
1147 2459 1271 2509 ‘Initium
1291 2465 1400 2524 tragoe-

260 2527 323 2577 diae
343 2535 371 2577 et
393 2529 553 2578 comoediae
573 2545 589 2578 a
612 2529 693 2579 rebus
710 2528 812 2578 diuinis
831 2534 872 2578 cat
891 2528 1064 2590 inchoatum,
1084 2528 1182 2592 quibus
1200 2544 1248 2592 pro
1267 2527 1401 2576 fructibus

259 2601 325 2645 uota
343 2596 482 2646 soluentes
501 2597 685 2662 operabantur
702 2597 818 2661 antiqui.
855 2612 918 2646 narn
941 2597 1061 2646 incensis
1081 2597 1134 2645 iaur
1154 2596 1289 2646 altaribus
1308 2603 1335 2644 at
1354 2595 1401 2646 ad·

260 2669 331 2712 moto
350 2656 426 2713 hirdo
446 2663 472 2714 id
486 2679 573 2730 genus
586 2665 726 2722 carminis,
748 2663 819 2730 quod
838 2680 917 2714 sacer
936 2664 1033 2714 chorus
1051 2663 1186 2714 reddebat
1199 2663 1299 2713 Libero
1319 2664 1401 2727 patri',

259 2730 404 2794 tragoedia
428 2730 585 2782 dicebatur:
609 2732 654 2781 uel
676 2725 735 2798 αἀὀ
758 2731 808 2781 τοῦ
831 2724 937 2798 τράγου
960 2729 1008 2782 καὶ
1033 2731 1083 2798 τῆς
1102 2723 1191 2800 ridde,
1228 2731 1280 2780 hoc
1305 2736 1347 2780 est
1365 2731 1401 2780 ab

259 2797 348 2859 hirco,
373 2799 450 2848 hoste
474 2798 617 2849 uinearum
636 2805 661 2850 ot
685 2816 701 2849 a
726 2799 882 2860 cantilena;
919 2801 978 2850 eius
996 2800 1082 2866 ipsius
1101 2801 1141 2850 rei
1163 2799 1238 2864 apud
1256 2798 1401 2864 Virgilium

259 2865 342 2929 plena
355 2863 384 2915 fit
402 2865 517 2916 rn'entio:
536 2868 589 2917 uel·
599 2867 668 2932 quud
680 2867 756 2918 hirco
769 2867 923 2918 donabatur
935 2870 994 2918 eius
1008 2868 1138 2918 carminis
1151 2875 1246 2932 poeta,
1267 2865 1311 2916 uel
1331 2867 1402 2931 quod

259 2939 320 2982 uter
338 2933 398 2984 eius
416 2935 497 2984 musti
516 2935 612 3000 plenus
632 2934 764 2985 sollcrnno
783 2938 932 3000 praemium
952 2937 1111 2987 cantoribus
1130 2937 1235 2997 lueret,
1265 2933 1310 2984 uel
1330 2935 1401 3000 quod

259 3015 307 3050 ora
325 3017 375 3052 sua
387 3002 513 3052 faecibus
531 3002 703 3068 perlirebant
721 3005 826 3054 scenici
845 3011 909 3054 ante
928 3021 1004 3055 uarun
1018 3020 1195 3070 personarum
1215 3005 1249 3053 ab
1265 3001 1402 3067 Aeschylo

258 3076 405 3134 repertum.
441 3071 535 3120 faeces
560 3073 628 3120 enirn
647 3070 776 3122 dicuutur
794 3073 900 3122 Graece
919 3066 1028 3138 τρὺγες.
1065 3090 1099 3122 ox
1121 3072 1164 3122 hia
1183 3072 1290 3137 quidem
1310 3071 1403 3122 causis

257 3137 419 3202 tragoediae
438 3154 536 3188 nomeu
550 3147 590 3188 est
602 3138 767 3189 inuentum'
788 3140 913 3190 Ilouatus
932 3141 964 3190 de
984 3140 1126 3191 corrroedia
1145 3140 1188 3189 ed.
1201 3139 1400 3202 Lindenbrug.:

258 3203 365 3270 ‘Caper
383 3221 500 3273 namque
519 3207 661 3272 predonis
679 3208 721 3258 his
740 3209 872 3270 dabatur,
892 3211 956 3273 quia
975 3209 1079 3271 ultibus
1102 3209 1211 3258 noxium
1231 3208 1334 3258 animal
1353 3207 1401 3256 ha-

258 3273 387 3322 bebatur:
409 3291 425 3324 a
444 3291 495 3339 qrro
510 3277 590 3326 ctiam
609 3277 770 3340 tragoediae
788 3293 886 3328 nomeu
906 3285 1028 3327 exortum
1042 3285 1082 3326 cst
1097 3313 1190 3327 .....
1210 3275 1334 3326 nonnulli
1354 3291 1400 3326 au·

258 3345 313 3390 tem
332 3357 365 3390 err
384 3357 496 3392 amurca
516 3341 577 3409 [olei
596 3343 660 3394 faex
673 3361 744 3410 qrruo
758 3352 800 3394 cst
818 3345 912 3395 humor
926 3343 1068 3412 aquatilis]
1090 3345 1261 3408 tragoediam
1279 3344 1335 3394 diei
1352 3359 1400 3394 uo-

259 3410 371 3474 cariquc
390 3411 542 3462 maluerunt
560 3448 566 3460 .
581 3448 587 3460 .
603 3449 630 3460 ..
650 3411 768 3478 Thespis
791 3419 884 3466 aritenr
901 3414 1003 3478 primus
1021 3414 1090 3462 hacc
1113 3414 1217 3478 scripta
1235 3413 1263 3462 in
1282 3413 1401 3462 omniurn

258 3478 386 3528 notitiam
403 3480 525 3544 protulit,
558 3485 655 3544 postea
678 3481 831 3546 Aeschylus
854 3487 964 3532 secutus
988 3482 1139 3546 exemplum
1162 3481 1324 3546 publicauit.
1367 3481 1400 3530 de

363 3677 376 3728 l
405 3667 590 3728 atheofrastc
616 3671 641 3726 A
671 3669 860 3728 nthcolrasto
888 3673 967 3728 But
1001 3691 1036 3729 eo
1066 3669 1161 3728 irrisio
1189 3671 1223 3728 M
1252 3665 1264 3748 l}
1298 3679 1399 3748 tragy·

258 3751 309 3811 dia
330 3760 377 3810 est
401 3753 527 3812 eroticcs
551 3753 680 3832 thyches
703 3754 861 3833 peristasis
888 3761 912 3812 A
934 3755 1066 3832 tragidia
1088 3763 1135 3814 est
1150 3755 1300 3814 heroticds
1320 3752 1400 3830 (ero-

257 3838 353 3896 ticaes
376 3837 421 3912 M)
440 3837 545 3918 lychos
571 3841 730 3917 peristasis
747 3841 808 3897 ΒΜ
831 3835 844 3920 ll
869 3850 886 3900 2
913 3849 1069 3918 stragoeto
1098 3839 1220 3899 dedicta
1244 3843 1297 3898 ΑΒ
1322 3848 1400 3898 atro-

256 3921 355 3998 goede
376 3922 456 3982 dicta
474 3923 507 3978 M
524 3917 537 4004 ΙΙ
563 3931 580 3984 3
599 3923 751 3983 actoribus
777 3927 948 3984 Caesarius:
968 3925 1141 3984 arrctorihus
1163 3927 1251 3984 ABM
1269 3920 1283 4007 {l
1298 3934 1401 4002 tragos

257 4009 344 4064 ΑΒΜ
361 4001 375 4088 ΙΙ
396 4017 412 4070 6
429 4009 458 4066 in
474 4018 539 4066 arte
554 4007 688 4088 poetica]
706 4031 730 4069 ο.
751 4018 808 4068 220
826 4007 840 4088 Η
856 4019 870 4074 7
892 4011 1007 4088 tragico
1024 4013 1051 4068 B
1072 4012 1190 4088 tragica
1208 4015 1233 4070 A
1254 4012 1401 4086 tragicam

256 4093 290 4148 M
307 4085 321 4172 ll
340 4101 358 4154 8
376 4101 405 4150 et
420 4101 540 4170 satyros
556 4095 641 4172 (saty
657 4095 697 4171 B)
723 4097 852 4173 agrestis
874 4096 998 4155 nouauit
1022 4097 1110 4154 ABM
1128 4097 1140 4174 li
1166 4096 1332 4154 nominauit
1355 4099 1399 4153 ed.

254 4180 347 4250 princ.
364 4170 377 4256 ll
392 4177 447 4239 ltin
459 4177 624 4255 georgicon
642 4178 790 4258 secundo]
811 4201 834 4240 ο.
849 4189 907 4240 380
922 4177 936 4262 Η
952 4189 985 4244 13
1000 4183 1088 4240 sicce
1102 4183 1241 4240 Malloea
1256 4181 1401 4238 Balleete
1426 4217 1433 4258 .·

255 4265 280 4318 A
296 4257 309 4340 ll
323 4269 412 4339 tryga
426 4265 451 4318 A
471 4263 550 4339 triga
562 4266 593 4322 M
608 4265 687 4340 tirga
700 4267 725 4322 Β
741 4261 754 4347 ll
773 4275 802 4328 15
814 4285 934 4326 uersam
950 4269 1036 4324 ABM
1050 4261 1063 4348 ΙΙ
1078 4287 1097 4326 a
1112 4266 1268 4346 'l'hespide
1281 4267 1400 4324 seclusi:

256 4345 425 4424 athesipido
440 4349 498 4404 AM
508 4347 657 4428 atesipidc
674 4351 701 4408 B
716 4343 728 4432 ΙΙ
748 4360 778 4414 16
790 4361 907 4411 rursum
919 4354 951 4410 M
961 4372 1047 4412 rursu
1063 4357 1087 4410 A
1102 4371 1203 4419 rursus
1222 4354 1247 4408 Β
1263 4345 1276 4432 ΙΙ
1294 4350 1399 4412 17110-

254 4427 362 4508 ratius]
378 4436 412 4491 de
433 4439 497 4490 arto
510 4439 625 4506 poetico
645 4431 702 4492 2²75
