3190 5098
289 341 351 405 418
394 333 398 343 ’
551 339 556 350 “
617 361 842 410 ovausrrosss
867 359 1090 402 svsroumuau

289 515 404 574 diserte
419 512 521 587 tradit,
540 512 636 574 Attici
649 513 765 573 nomini
779 512 856 571 haec
874 511 982 572 addita
996 521 1080 571 sunt:
1096 514 1135 568 od
1150 529 1229 588 prem
1245 517 1431 572 1111011111-

288 621 332 673 m's
349 620 479 690 epistolae
499 637 529 696 p.
557 623 685 689 112,·17.
714 634 793 694 quae
813 614 907 674 verba
934 633 1002 672 cum
1023 611 1188 672 Suetonius
1214 614 1348 673 scribere
1370 635 1433 672 uon

288 719 439 795 potuerit,
459 718 507 776 cui
525 718 665 777 sufficere
680 716 785 776 debuit
807 725 837 775 et
852 735 925 774 vero
946 712 1081 788 suffecit,
1104 727 1138 774 ut
1159 715 1350 775 celeberrimi
1370 715 1431 774 bis·

171 884 181 901 ·
289 821 392 890 turici,
426 827 460 879 ut
488 819 552 878 alia
577 821 728 891 omittam,
763 819 936 876 memoriam
968 816 1049 896 apud
1079 817 1225 900 aequales
1258 828 1431 890 revocaret,

289 922 423 1000 equitem
441 941 508 982 eum
529 922 699 980 Romanum
715 919 770 997 (cf.
792 921 897 997 Nepos
913 919 977 978 vita
998 921 1092 978 Attici
1112 919 1141 997 1)
1169 921 1356 993 nominasse,
1376 939 1432 997 pro
1465 907 1473 916 ⁵

289 1022 469 1082 emblemate
493 1023 636 1083 habenda
657 1023 740 1095 suut,
768 1021 850 1101 quod
876 1041 912 1080 eo
935 1030 1070 1099 tempore
1101 1021 1214 1080 factum
1239 1033 1285 1080 est
1309 1042 1369 1101 quo
1391 1021 1431 1080 de

288 1125 392 1184 Attico
415 1124 501 1184 nulla
522 1126 582 1184 iam
604 1125 665 1184 alia
689 1124 797 1184 notitia
819 1133 973 1203 superstes
995 1125 1067 1196 fnit,
1094 1143 1184 1204 quarn
1209 1143 1277 1182 esse
1300 1121 1339 1182 ad
1362 1143 1431 1182 eurn

198 1305 203 1312 .
290 1220 448 1285 Ciceronis
475 1227 629 1304 epistulas.
677 1234 803 1305 recepta
837 1235 937 1284 autem
968 1245 1005 1284 ea
1034 1236 1081 1284 est
1108 1245 1145 1286 ex
1175 1228 1241 1304 ipso
1267 1225 1327 1284 hoc
1353 1224 1431 1283 libro

289 1347 318 1405 p.
346 1337 411 1398 105,
437 1337 478 1390 14.
531 1330 614 1408 atqui
639 1328 718 1387 haue
745 1327 1009 1406 interpolationem
1037 1327 1181 1388 Italorum
1204 1327 1348 1386 memoria
1377 1345 1430 1385 on·

289 1430 450 1508 tiquiorem
468 1450 537 1490 esse
556 1431 586 1488 ih
606 1429 767 1509 propatulo
790 1439 850 1502 est,
872 1429 986 1510 quippe
1001 1429 1110 1509 quibus
1130 1429 1225 1487 Attici
1245 1447 1356 1487 nomen
1378 1426 1430 1486 de·

288 1551 368 1589 mum
387 1531 626 1609 recuperandum
640 1532 733 1590 fuerit
747 1552 787 1591 ex
800 1529 971 1611 corruptela
985 1533 1067 1602 Sotti,
1082 1551 1171 1612 quarn
1184 1531 1215 1589 in
1228 1529 1432 1590 Henochiano

288 1631 396 1692 saltem
411 1634 587 1712 apographo
601 1634 694 1694 fnisse
708 1653 872 1694 consensus
887 1653 1019 1692 meorum
1031 1631 1176 1692 librorum
1189 1631 1287 1691 docet.
1309 1651 1371 1691 nou
1387 1632 1432 1690 ita

289 1743 373 1792 certa
389 1744 435 1794 est
451 1745 536 1794 aetas
553 1735 630 1794 alins
646 1736 903 1814 interpolationis,
932 1753 1011 1814 quae
1026 1734 1057 1792 in
1073 1733 1203 1794 indicem
1219 1733 1429 1811 grammatico·

288 1855 353 1894 rum
369 1856 398 1915 p.
415 1845 449 1899 98
471 1837 606 1915 inrepsit.
639 1836 811 1896 eiciendum
830 1837 909 1897 enim
931 1846 978 1897 eet
997 1835 1070 1894 inde
1088 1835 1158 1896 Aeli
1176 1835 1356 1896 Praeconini
1375 1855 1430 1896 no·

288 1957 366 2010 men,
379 1938 430 2018 qui
443 1959 509 1996 eum
521 1958 539 1996 a
551 1939 731 2017 Tranquillo
744 1939 775 1998 in
791 1939 984 2017 praefatione
998 1945 1114 1996 tantum
1126 1945 1376 1998 commemoratus
1390 1938 1432 1997 ait

290 2041 319 2098 in
333 2039 465 2100 indicem
478 2041 570 2120 recipi
583 2055 644 2099 non
656 2042 797 2120 potuerit.
822 2039 927 2099 eodem
940 2040 1005 2098 iure
1017 2037 1143 2098 Servius
1155 2038 1281 2100 Clodius
1292 2038 1373 2098 hunc
1386 2039 1430 2098 lo·
1514 2101 1525 2126 ι

289 2161 356 2200 cnm
371 2141 428 2200 sibi
445 2161 571 2220 poscere
583 2151 712 2222 poterat.
736 2152 828 2222 etque
843 2152 877 2201 ιι1
892 2141 975 2200 ireos
994 2141 1156 2201 manifesto
1167 2141 1327 2221 prodatur,
1339 2141 1370 2199 in
1385 2141 1430 2200 in·

288 2242 357 2302 dice
380 2243 487 2304 eadem
508 2244 683 2322 corruptela
707 2228 880 2302 Prosecutus
899 2253 1060 2321 conparet,
1087 2243 1218 2323 quaein
1239 2243 1430 2323 praelatione

288 2365 319 2424 p·
333 2355 397 2419 101,
420 2347 608 2420 1411111111,
627 2355 660 2404 ut
671 2346 742 2404 binc
753 2344 827 2404 ilinc
839 2347 992 2406 invectum
1011 2363 1079 2404 esse
1091 2365 1200 2404 nomen
1214 2353 1328 2424 pateat.
1352 2344 1429 2404 anti·

289 2449 465 2525 quissimum
477 2469 550 2508 vero
561 2469 607 2508 me
619 2446 719 2507 iudice
729 2456 777 2506 est
789 2447 939 2508 emblema
956 2467 1015 2527 quo
1029 2447 1179 2506 rhetorum
1197 2445 1290 2506 index
1303 2447 1430 2523 insignis

289 2558 343 2608 eat.
357 2551 410 2627 qui
422 2550 544 2608 nomina
553 2551 643 2609 etiam
656 2569 759 2608 eorum
770 2549 922 2608 rhetorum
933 2550 1077 2622 continet,
1087 2568 1213 2628 quornm
1225 2546 1263 2608 de
1277 2531 1429 2622 viu,'cum

288 2651 452 2710 Fuldensis
466 2650 544 2710 liber
560 2651 638 2710 hanc
656 2660 774 2731 partem
789 2653 848 2711 fine
864 2659 1034 2712 truncatam
1056 2649 1245 2725 exhibuerit,
1268 2649 1352 2708 nullo
1369 2648 1430 2708 alia

288 2753 397 2810 notitia
413 2761 577 2830 superest,
596 2773 686 2833 quam
705 2773 833 2832 eaquae
854 2753 892 2812 ab
903 2753 1091 2833 Hieronymo
1110 2773 1148 2812 11
1167 2753 1284 2830 integro
1302 2751 1430 2812 Suetoui

289 2850 365 2912 libro
376 2862 522 2932 excerpta
539 2839 618 2914 sunt:
640 2853 749 2914 dosunt
764 2863 864 2914 autem
883 2857 908 2916 si
925 2854 1056 2914 indicem
1074 2856 1228 2934 sequimur
1241 2852 1429 2914 vitoeundo·

289 2955 348 3015 einr
359 2953 523 3014 rhetorum.
546 2954 715 3034 dereptam
730 2957 821 3034 igitur
837 2977 940 3018 eorum
955 2966 1101 3036 eucerpta
1115 2955 1201 3017 dedit
1214 2957 1430 3035 Hieronymus,

289 3055 328 3116 de
344 3065 485 3137 quattuor
505 3056 676 3116 rhetoribus
692 3058 759 3116 solu
777 3061 899 3118 nomina
916 3058 1041 3119 residua
1058 3067 1135 3118 sunt.
1152 3051 1293 3118 i'amvero
1305 3056 1428 3118 ultimus

289 3177 391 3218 eorum
406 3167 475 3236 post
487 3157 711 3236 Quintilianum
727 3159 902 3238 producitur
918 3160 1014 3219 Iulius
1025 3160 1108 3220 Tiro,
1133 3169 1164 3218 at
1175 3160 1326 3220 rhetorem
1339 3159 1429 3219 huius

288 3261 415 3320 nominis
430 3259 525 3320 fuisse
539 3261 779 3330 aliotestimonio
797 3283 858 3320 non
872 3269 1001 3321 constat.
1039 3261 1097 3321 hoc
1113 3270 1230 3320 tontum
1245 3261 1362 3322 Plinius
1379 3281 1428 3340 ep.

289 3363 334 3422 VI
346 3374 376 3425 :u
390 3361 500 3438 tradit,
513 3362 663 3424 homiuem
675 3364 822 3444 aliquem,
836 3364 885 3424 cui
900 3363 977 3422 illud
991 3383 1101 3423 nomen
1114 3363 1179 3438 fuit,
1191 3371 1339 3424 mortuum
1350 3382 1428 3436 esse,

289 3483 355 3523 com
371 3464 523 3524 Traianus
535 3465 565 3522 in
579 3465 679 3524 Dacia
695 3475 786 3526 esset.
809 3463 920 3524 deinde
938 3466 1141 3542 suspicionem
1152 3475 1270 3538 movet,
1290 3463 1370 3546 quod
1386 3465 1429 3522 ita

288 3564 481 3625 statuendum
498 3575 578 3625 esset
594 3577 663 3644 post
677 3566 899 3645 Quintilianum
917 3565 995 3625 11111
1018 3569 1109 3626 etiem
1123 3567 1252 3626 rhetoris
1267 3569 1360 3624 vitam
1376 3585 1428 3644 po·

288 3667 385 3726 ruisse
398 3665 591 3742 Suetonium,
605 3668 687 3748 quod
703 3689 740 3728 eo
755 3669 850 3745 magis
863 3667 1032 3728 mirandum
1048 3679 1143 3741 essct,
1162 3667 1317 3748 quodiam
1332 3665 1428 3744 Quin·

288 3768 413 3828 tilianus
425 3767 463 3827 de
476 3767 614 3828 omnibns
631 3771 806 3830 inlustribus
819 3769 891 3829 viris
906 3771 1045 3848 proxime
1058 3770 1097 3829 ad
1110 3768 1284 3850 Tranquilli
1298 3778 1429 3829 aetatem

289 3868 416 3929 aceedit.
444 3871 528 3950 atqui
546 3869 628 3948 apud
645 3871 865 3952 Hieronymum
883 3872 961 3932 alius
978 3872 1101 3930 'Pisonis
1117 3872 1229 3940 mentio
1245 3871 1294 3948 iit,
1310 3870 1430 3930 scilieet

290 3971 448 4030 clarissimi
460 3970 542 4032 illins
555 3972 711 4034 Ciceronis
727 3973 839 4033 liberti.
862 3972 916 4034 sed
928 3973 1040 4033 dixerit
1056 3975 1221 4053 quispiam:
1234 3971 1373 4032 nescisne
1385 3972 1428 4032 hl.

287 4071 423 4131 Tullium
441 4073 586 4133 Tironem
604 4094 663 4134 non
680 4075 774 4136 foisse
792 4075 944 4135 rhetorem
963 4094 1023 4134 nec
1037 4075 1062 4134 si
1080 4074 1189 4133 fuisset
1209 4075 1346 4152 potuisse
1360 4081 1428 4131 11111

288 4182 357 4250 post
369 4172 592 4250 Quintilianum
610 4175 706 4255 poni?
728 4175 835 4250 audior
855 4175 910 4237 sed
929 4175 1114 4236 contendere
1131 4174 1230 4245 nolui,
1246 4195 1265 4233 1
1281 4173 1428 4235 Suetonio

289 4273 346 4332 hoc
362 4275 476 4334 lactum
493 4295 569 4336 esse.
588 4278 709 4356 quaeris
725 4276 804 4336 uude
819 4277 878 4336 huc
896 4279 960 4338 eius
978 4295 1087 4337 nornen
1106 4275 1293 4355 inrepserit?
1316 4283 1349 4334 ut
1367 4275 1427 4332 iam

288 4391 369 4432 nono
387 4375 501 4448 dicam,
522 4375 604 4456 quod
623 4377 703 4438 infra
720 4379 883 4438 coniuncta
897 4379 1083 4456 conplurium
1095 4377 1277 4437 indiciorum
1297 4376 1329 4434 ri
1344 4375 1427 4434 erin·
