3138 5100
259 1199 379 1360 *ln
415 1204 703 1326 viram
738 1205 1182 1328 'suasura

439 1469 1024 1610 COMMENTARIVS

268 1745 273 1758 ·
357 1707 705 1792 FRIDERICI
725 1709 1116 1794 RITSCHELII.

208 2067 286 2126 ·'In
302 2068 365 2126 vita
380 2068 521 2128 Terentii
545 2066 739 2126 emendanda
755 2077 847 2148 atque
863 2067 1044 2128 adnotanda
1059 2069 1167 2150 quibus
1183 2073 1299 2132 Donati

165 2167 319 2228 codicibus
334 2191 406 2230 usus
422 2171 492 2242 sim,
513 2169 576 2230 dixi
592 2190 622 2248 p.
639 2177 672 2231 26
693 2169 761 2228 libri
776 2170 1075 2230 Reifferscheidiani.
1104 2173 1154 2231 Dc
1170 2173 1298 2250 singulis

164 2269 344 2331 sichaboto.
657 2349 659 2356 Ι

249 2373 539 2454 Aantiquissimus‚
563 2371 684 2452 dequo
708 2371 832 2451 quidem
848 2381 981 2446 constet,
1005 2373 1207 2458 Parisinus
1231 2381 1300 2436 7920

166 2484 225 2547 est,
248 2476 370 2534 saeculo
389 2487 423 2532 xl
445 2475 476 2534 in
501 2471 683 2532 membranis
699 2475 843 2553 scriptus,
861 2475 932 2534 olim
948 2475 1007 2534 nisi
1024 2475 1199 2534 coniectura
1218 2475 1299 2534 fallit
1353 2533 1357 2538 .

165 2576 272 2636 lodoci
287 2575 377 2635 Badii
393 2576 551 2648 decennii,
575 2574 612 2633 ab
635 2577 693 2635 hoo
715 2595 830 2654 genero
854 2597 907 2636 suo
932 2560 1063 2636 donatus
1079 2575 1215 2636 Roberto
1232 2577 1298 2636 Ste-

165 2677 284 2756 phano,
315 2687 386 2756 post
415 2699 433 2736 a
462 2679 555 2736 Petro
578 2679 711 2737 Daniele
741 2697 911 2756 possessus.
955 2679 1026 2738 Non
1051 2679 1160 2756 exiguo
1184 2679 1209 2738 is
1232 2679 1298 2738 usui

165 2799 231 2838 cum
258 2779 385 2838 editioni
413 2778 645 2858 Stephanianae
671 2779 728 2838 suit
753 2787 815 2838 tum
840 2778 1161 2840 Lindenbruchianae.
1205 2781 1298 2840 Prae·

164 2890 250 2940 terea
270 2882 336 2940 ficri
357 2889 460 2961 potest
481 2891 513 2942 ut
534 2883 593 2942 iarn
607 2870 742 2940 ¹saeculo
765 2891 811 2938 xv
838 2901 856 2938 a
877 2881 1017 2942 Terentii
1039 2882 1156 2944 editore
1182 2903 1243 2942 uno
1270 2890 1300 2942 et

164 2983 237 3042 item
252 2984 347 3042 altero
364 2984 519 3062 inspectus
536 2985 583 3044 sit.
596 2983 675 3042 -E
692 2983 801 3041 ceteris
817 2981 987 3057 codicibus,
1011 3004 1087 3064 quos
1108 2986 1229 3044 soeculo
1254 2995 1300 3042 xv

164 3086 293 3164 scriptos
309 3085 552 3144 noviciorum
567 3085 619 3144 vol
635 3085 818 3143 deteriorum
835 3087 958 3144 nomine
975 3087 1173 3165 complector,

158 3235 169 3244 .
249 3189 276 3244 Β
291 3187 363 3246 item
378 3187 578 3246 Parisinus
602 3194 647 3244 est
669 3195 751 3258 7921,
775 3185 961 3247 chartaceus.
997 3189 1166 3268 Vtrumque
1188 3207 1299 3264 magna

165 3309 230 3348 enm
252 3309 323 3347 cura
343 3287 492 3347 Ludovici
514 3287 618 3346 Rothii
640 3307 748 3346 caussa
770 3286 898 3348 Iacobus
919 3289 1115 3347 Hunailrerus
1136 3288 1298 3346 Helvetios

166 3371 308 3456 contulit:
328 3389 411 3450 unde
429 3387 664 3467 discrepantiam
680 3389 846 3466 scripturae
864 3409 984 3448 omnem
999 3389 1127 3448 Rothius
1143 3389 1175 3448 in
1190 3389 1301 3448 Museo

165 3493 271 3574 philol.
287 3493 438 3552 erenano
463 3489 598 3550 exhibuit
619 3491 681 3552 vol.
698 3501 747 3548 x11
772 3487 812 3567 (a.
832 3489 912 3564 1857)
933 3511 964 3569 p.
983 3498 1033 3552 174
1047 3511 1131 3570 sqq.‚
1154 3490 1299 3550 selectam

164 3595 197 3654 in
212 3595 406 3674 praefatione
423 3592 562 3652 Suetonii
582 3591 709 3670 Lipsiae
725 3591 808 3670 apud
823 3591 859 3650 B.
877 3591 914 3652 G.
931 3591 1127 3651 Teubnerum
1142 3611 1170 3650 a.
1194 3600 1261 3654 1858
1281 3610 1300 3650 a

164 3716 198 3756 se
215 3696 288 3756 editi
304 3718 335 3775 p.
352 3706 460 3753 Lxxlx
477 3715 523 3774 sq.
558 3691 695 3752 Eosdem
716 3703 817 3752 autern
838 3692 959 3752 codices
983 3713 1049 3752 oum
1071 3693 1188 3772 aliquot
1204 3683 1299 3752 'annis

165 3807 237 3858 ante
257 3797 430 3858 Ludovicns
453 3795 633 3875 Sohopcnus
663 3803 782 3868 nostor,
809 3793 879 3854 dum
900 3795 1025 3854 Parisiis
1048 3795 1149 3872 degit,
1175 3814 1245 3854 suos
1267 3794 1299 3852 in

164 3919 235 3959 usus
251 3900 401 3960 consolita
422 3898 583 3976 diligentia
600 3899 784 3957 excussisset
804 3897 930 3976 eiusque
953 3897 1150 3968 conlationis,
1173 3916 1233 3976 qua
1255 3903 1301 3954 est

166 4009 196 4060 et
216 4001 399 4061 liberalitate
423 4007 454 4058 et
476 4001 617 4062 comitate
640 4019 763 4080 prorsus
786 3997 923 4070 amabili,
948 3999 1067 4077 copiam
1089 3998 1163 4056 milri
1184 3997 1301 4056 faceret

166 4103 439 4182 exoptatissimam:
463 4102 520 4160 etsi
545 4100 695 4162 derebus
718 4101 875 4181 plerisque
899 4100 972 4158 satis
1001 4100 1082 4158 inter
1105 4099 1300 4177 Sobopenum

165 4203 437 4285 Hunaikerumque
453 4204 619 4263 convenire
636 4203 782 4280 cognovi,
806 4209 909 4260 tamen
933 4201 1083 4281 quaedam
1106 4198 1301 4258 offendebam

165 4306 292 4366 molesto
313 4303 554 4366 testimoniorum
577 4303 705 4364 discidio
727 4311 788 4362 tam
809 4302 949 4379 ambigua
969 4312 1001 4362 ut
1023 4323 1085 4360 non
1106 4301 1301 4360 mediocriter

165 4407 357 4468 haesitarem.
400 4409 466 4466 Hos
489 4408 580 4486 igitur
601 4406 758 4485 scrupulos
780 4413 814 4482 ut
837 4403 875 4462 de
899 4403 999 4462 medio
1023 4424 1129 4464 omnes
1150 4403 1298 4474 tollerem,

218 4541 336 4576 BVBTOM
355 4539 419 4576 Mla·
1058 4505 1094 4566 3¹
