3072 5064
237 376 299 440 232
742 391 873 434 cnnrvu

237 539 362 604 oriente
382 537 497 604 nubila
519 547 610 620 sunt,
632 539 666 602 in
690 539 786 604 India
806 561 931 604 serene.
966 561 1103 626 quorum
1126 539 1257 605 ordines
1279 549 1312 604 et
1334 539 1384 605 in·

238 640 423 704 stitutiones
450 663 509 727 per
534 642 666 704 nomine
693 643 786 706 iuxta
813 641 960 706 Graecos
988 655 1019 704 et
1042 641 1179 706 Latinos
1208 642 1381 708 duodecim

237 750 408 806 uentorum
431 742 579 806 subiecta
598 743 800 808 domonstrat
820 743 925 829 ligure
953 749 1061 824 (Aipora
1083 751 1176 824 llll).
1220 743 1380 830 quosdam

238 849 346 908 sutem
369 843 579 930 Tranquillus
603 846 751 932 proprios
773 844 916 909 locorum
933 843 1031 909 flatus
1051 846 1148 910 certis
1162 845 1305 932 appellet
1326 865 1382 910 uo·

237 943 379 1027 cubulis,
402 969 465 1032 quo
489 967 530 1008 ex
552 969 686 1010 nurnero
709 955 800 1010 sunt:
833 946 867 1008 in
889 945 988 1032 Syria
1004 962 1126 1023 eritve,
1148 961 1324 1010 cennssvs
1348 947 1406 1010 ius

238 1045 374 1126 Cilicia,
398 1047 432 1110 in
449 1047 648 1133 Propontide
668 1064 859 1131 'rensuum
882 1049 914 1111 in
929 1047 1042 1112 Attice
1063 1063 1204 1128 sciron,
1223 1047 1255 1112 in
1272 1046 1384 1112 Gellia

237 1163 389 1229 crucum,
422 1149 456 1214 iu
480 1148 641 1236 Hispania
665 1165 913 1214 svcuonttNSts.
959 1159 1036 1214 sunt
1057 1159 1227 1236 praeterea
1249 1147 1382 1235 quidem

238 1325 296 1387 α’πὸ
320 1335 370 1403 τῆς
393 1335 475 1403 βοῆς,
501 1340 630 1404 quoniam
653 1340 690 1388 sit
712 1339 829 1389 uiolenti
853 1341 933 1390 fletus
957 1345 986 1389 et
1009 1340 1109 1390 sonori.
1150 1339 1249 1389 tertius
1273 1343 1381 1396 uentus,

239 1406 285 1470 qui
304 1406 338 1455 nb
358 1407 463 1456 oriente
487 1407 600 1458 hiberno
624 1407 726 1472 spirat,
746 1406 900 1457 uolturnnnr
913 1407 1030 1458 Romani
1048 1411 1159 1468 uocant,
1179 1422 1240 1456 cum
1258 1403 1382 1471 plerique

239 1471 341 1522 Graeci
363 1475 447 1524 mixto
471 1475 592 1532 nomine.
619 1476 689 1540 qnod
713 1477 785 1526 inter
803 1481 897 1525 notum
921 1481 950 1525 et
973 1491 1066 1525 eurum
1085 1476 1137 1538 sit,
1162 1464 1316 1538 eriperetur
1334 1487 1382 1536 up·

238 1541 352 1608 pellunt.
394 1542 423 1591 hi
446 1549 509 1592 sunt
533 1543 618 1608 igitur
640 1551 696 1592 tres
719 1545 797 1593 uenti
820 1544 982 1594 orientales:
1008 1543 1102 1609 aquilo
1126 1543 1268 1592 uoltnrnus
1291 1553 1383 1600 eurus,

239 1623 351 1674 quorum
371 1610 475 1659 medius
494 1625 574 1660 eurne
598 1617 648 1660 cst.
685 1611 727 1660 liis
751 1612 870 1690 oppositi
890 1619 917 1662 et
936 1611 1067 1662 contrarii
1086 1615 1150 1660 sunt
1168 1609 1216 1660 ulii
1234 1615 1291 1660 tres
1310 1608 1382 1657 occi-

239 1677 298 1725 dui:
319 1693 418 1726 caurus
442 1693 520 1742 quem
545 1678 633 1728 solent
652 1679 752 1729 Graeci
771 1673 913 1746 αργεστὴν
935 1695 1050 1730 uocare:
1075 1680 1098 1728 is
1123 1679 1255 1728 aduersus
1279 1675 1382 1740 equile-

239 1760 301 1794 nem
319 1745 380 1804 ilet3
405 1745 470 1794 item
495 1747 566 1795 alter
584 1747 724 1807 fortunius,
750 1749 795 1812 qni
814 1748 920 1798 Graece
945 1741 1066 1814 ζέφυρος
1090 1751 1218 1796 uocatur:
1243 1745 1267 1792 is
1286 1743 1383 1792 uolucr-

239 1827 284 1861 sus
309 1827 400 1861 eurum
426 1813 487 1870 datr
512 1814 609 1864 tertius
634 1815 750 1875 ulricus,
777 1817 822 1880 qui
845 1816 953 1866 Graece
978 1815 1042 1878 tte,
1072 1815 1204 1864 aduersus
1227 1811 1384 1862 nolturnum

239 1879 316 1929 fecit.
359 1879 412 1929 line
437 1881 506 1930 duae
531 1881 657 1946 regiones
681 1883 753 1932 coeli
777 1885 891 1934 orientis
919 1883 1126 1946 occidentisque
1155 1883 1228 1930 inter
1250 1895 1310 1930 seso
1337 1879 1383 1928 sd-

238 1962 337 1996 uersse
366 1963 414 1997 sen
444 1948 545 1998 hebere
575 1954 671 2000 uentos
700 1951 836 2001 uidentur.
872 1953 1002 2002 meridies
1026 1957 1131 2010 nutem,
1157 1949 1284 2014 quoniam
1308 1951 1384 1996 certo

241 2019 323 2079 etque
342 2015 394 2064 fixo
412 2015 499 2065 limite
519 2021 569 2078 est,
590 2033 671 2067 unum
691 2019 861 2069 meridialem
879 2025 991 2069 uentum
1010 2019 1107 2068 habet:
1126 2018 1150 2066 is
1169 2017 1270 2066 Latine
1290 2020 1385 2064 auster

239 2083 346 2132 Graece
366 2077 446 2141 νότος
465 2085 632 2144 nominetur,
658 2088 787 2152 quonium
811 2095 853 2137 est
871 2087 1017 2137 nebulosus
1041 2092 1122 2150 etque
1146 2089 1282 2142 umectum
1307 2078 1385 2140 vorle

239 2152 311 2200 enim
328 2151 435 2201 Graece
456 2167 533 2202 umor
555 2154 718 2204 nominetur.
757 2156 959 2220 septentriones
981 2159 1072 2204 eutem
1091 2153 1197 2204 liabent
1216 2152 1250 2200 ob
1268 2150 1384 2200 cundem

240 2233 354 2268 causam
377 2235 468 2269 unum.
500 2221 538 2292 ⁸is
561 2223 688 2271 obiectus
711 2223 885 2288 directusque
908 2225 937 2272 in
956 2229 1077 2272 austrum
1100 2221 1202 2270 Latine
1221 2218 1384 2284 septentrio·

237 2288 333 2337 narius
357 2287 464 2338 Graece
487 2289 650 2352 απαρκτίας
674 2291 838 2356 appellatus.
876 2307 908 2340 cx
933 2291 977 2340 liis
1001 2295 1063 2340 octo
1087 2289 1177 2338 uentis
1202 2286 1249 2336 elii
1268 2291 1386 2350 quatuor
1455 2327 1463 2346 ,

238 2360 337 2405 uentos
361 2355 508 2405 detrahunt
532 2362 613 2422 atque
632 2358 660 2408 id
679 2359 773 2408 facere
797 2375 825 2408 se
845 2359 941 2408 dieunt
959 2359 1078 2408 Homero
1098 2361 1226 2416 auctore,
1246 2354 1292 2418 qui
1310 2354 1385 2403 solos

240 2429 355 2487 quatuor
372 2429 470 2474 uentos
489 2425 609 2474 nouerit:
634 2441 728 2476 curum
750 2431 870 2476 teristrum
890 2426 1044 2492 aquilonem
1062 2424 1212 2484 incenium,
1233 2439 1249 2471 n
1268 2427 1386 2486 quotuor

240 2491 311 2541 caeli
331 2491 469 2556 portibus,
493 2507 561 2556 qliae
586 2495 664 2558 quasi
687 2495 789 2559 primns
813 2495 1028 2556 nominauimus,
1048 2493 1154 2544 oriente
1174 2489 1385 2554 scilicet-utque

239 2560 385 2608 occidente
414 2559 559 2610 latioribus
588 2567 670 2626 atquc
699 2563 872 2628 simplicibus
899 2578 953 2612 non
976 2561 1131 2625 tripertitis,
1167 2557 1268 2624 purtim
1293 2563 1386 2607 alitem

239 2633 316 2688 suut,
335 2628 382 2692 qui
400 2643 448 2690 pro
467 2633 529 2678 octo
547 2629 691 2680 duodecim
711 2631 831 2692 faciunt,
856 2631 955 2680 tertios
973 2633 1090 2694 quntuor
1108 2628 1134 2675 in
1153 2626 1244 2676 merliu
1262 2625 1325 2676 locu
1345 2626 1385 2674 in-

239 2700 363 2744 serentes
383 2696 484 2744 circum
504 2697 645 2748 meridiem
664 2705 691 2748 et
715 2698 918 2763 septentriones
937 2697 1032 2748 eudem
1052 2695 1172 2755 ratione,
1191 2692 1252 2758 ‘qun
1270 2693 1386 2742 secundi

240 2767 355 2827 quatuor
378 2763 500 2812 intersiti
524 2769 586 2812 sunt
609 2767 682 2815 inter
705 2768 838 2831 primores
863 2766 931 2816 duos
955 2765 1027 2830 opud
1046 2764 1179 2814 orientem
1200 2761 1385 2811 occidentem-

239 2845 300 2894 que.
342 2835 405 2878 sunt
434 2846 514 2894 porro
543 2831 599 2880 ulio
623 2835 757 2896 quaedam
781 2834 892 2883 nomine
922 2834 999 2897 quusi
1027 2831 1208 2897 peculiarium
1232 2835 1385 2890 uentorum,

240 2913 310 2961 quae
330 2896 438 2946 incolae
458 2899 561 2948 innuis
581 2902 693 2964 quisque
714 2902 872 2966 regionibns
896 2902 1021 2951 fecerunt
1045 2904 1093 2948 aut
1111 2914 1144 2947 en
1163 2897 1281 2946 locorum
1301 2911 1385 2946 uocu-

241 2965 324 3023 bulis,
344 2965 371 3013 in
391 2965 489 3028 quibus
508 2966 615 3029 colunt,
636 2975 684 3018 aut
702 2986 735 3018 ex
754 2970 811 3019 ulie
830 2985 883 3034 que
902 2983 996 3029 cnuss,
1016 2983 1086 3032 queo
1106 2965 1141 3015 nd
1160 2964 1318 3014 iaciendum
1338 2981 1384 3014 uo-

239 3032 367 3082 cabulum
387 3032 537 3083 acciderat.
575 3037 661 3085 nostri
680 3053 798 3103 namque
818 3035 893 3087 Gelli
910 3041 1021 3086 uentum
1045 3047 1147 3084 exeun
1170 3037 1245 3083 terra
1264 3033 1385 3094 flentem,

240 3115 319 3165 quem
338 3101 530 3151 saeuissimum
548 3103 704 3167 patiuntur,
729 3105 841 3154 circium
866 3103 1009 3170 appellant
1033 3119 1049 3152 u
1072 3101 1180 3151 turbine
1204 3101 1301 3166 opinor
1326 3101 1386 3150 eius

240 3185 273 3218 ac
293 3169 439 3234 uertigine.
473 3159 620 3234 Ἰαπυγίας
642 3173 728 3238 ipsius
746 3190 792 3222 ore
811 3173 1031 3238 proticiscentem
1049 3169 1131 3235 Apuli
1149 3168 1243 3218 eodem
1263 3183 1314 3234 qno
1333 3168 1387 3233 ipsi

239 3243 302 3286 sunt
319 3238 427 3286 nomine
447 3237 575 3302 iapygem
599 3241 703 3291 dicunt.
740 3257 800 3292 enm
820 3257 880 3291 esse
899 3239 1093 3305 propemodum
1113 3251 1224 3286 caurum
1244 3237 1386 3296 existimo;

327 3403 466 3453 locrene
488 3411 541 3450 om.
565 3390 600 3450 A¹
622 3389 635 3477 Η
658 3415 784 3476 quorum
800 3395 947 3470 -figure
966 3414 1020 3452 cnr.
1047 3384 1099 3472 ΒΗ
1121 3387 1243 3450 ordines
1265 3395 1388 3464 scripsi.-

239 3476 395 3536 ordinibus
416 3482 440 3535 A
460 3473 474 3558 Η
495 3478 701 3540 institut-iones
726 3485 848 3553 scripsi:
873 3475 1106 3538 institucionbus
1124 3482 1149 3533 A
1169 3473 1183 3560 Η
1202 3485 1219 3538 3
1238 3475 1386 3554 quosdam

149 3635 151 3640 Ι
238 3562 406 3621 -ultenus
418 3583 472 3622 om.
487 3567 519 3621 M
530 3559 543 3644 Η
560 3565 733 3645 tranquillis
749 3567 784 3622 M
795 3559 809 3646 Η
823 3565 982 3643 tpropriis
995 3565 1054 3620 AM
1062 3563 1200 3641 proprius
1213 3563 1239 3618 B
1250 3564 1305 3622 dcl.
1323 3562 1386 3619 Mo·

239 3667 302 3706 nuc.
321 3644 351 3704 1²
367 3643 381 3726 Η
395 3649 483 3707 flatos
504 3647 567 3707 ΑΒΙ
593 3647 689 3709 slatus
707 3645 849 3708 Mon-11¹
873 3645 886 3728 Η
907 3657 1005 3708 certos
1022 3650 1080 3706 AM
1097 3643 1110 3728 Η
1133 3644 1290 3706 uocabulis
1312 3641 1353 3702 B²
1372 3641 1385 3724 Η

238 3745 254 3793 5
270 3733 350 3811 quod
371 3736 403 3792 M
417 3728 431 3813 Η
446 3753 569 3793 numero
585 3737 612 3792 Ι)
625 3730 645 3816 Η
656 3736 729 3794 siria
744 3739 797 3792 AB
812 3737 890 3793 Mon.
912 3737 928 3792 l
941 3736 977 3792 ΙΙ
993 3735 1133 3792 UDFKM
1153 3728 1165 3815 Η
1187 3749 1274 3791 sums
1290 3727 1327 3788 Β1
1345 3730 1385 3787 si-

238 3837 289 3874 rus
309 3815 374 3874 All²
395 3819 473 3877 Mon.
496 3821 515 3876 1
532 3822 570 3878 11
591 3821 730 3879 CDFKM
748 3815 762 3901 Η
784 3819 910 3882 ficilicia
925 3821 953 3876 B
975 3819 1108 3878 cilitiuA
1130 3818 1229 3878 sicilie
1253 3817 1352 3874 CDFG
1370 3811 1382 3896 Η

238 3903 416 3979 propontide
441 3905 467 3960 B
494 3899 508 3986 Η
533 3903 684 3966 Thracius
710 3910 848 3967 Rotdius:
889 3903 1000 3963 trecies
1022 3907 1078 3961 ΒΕ
1103 3903 1235 3963 trucides
1258 3905 1281 3958 A
1307 3901 1387 3958 Mon.

238 3989 257 4045 Ι
282 3990 317 4044 ΙΙ
336 3989 467 4046 CDFGK
486 3991 609 4050 trucitus
626 3994 660 4049 M
674 3993 823 4052 thrascias
844 3994 917 4048 coni.
935 3991 1060 4048 Griulius
1074 3986 1087 4068 Η
1104 3989 1185 4048 atico
1197 3989 1312 4046 BMon.
1326 3987 1392 4043 111

239 4075 267 4129 Ε
282 4072 391 4130 atticae
410 4075 442 4130 M
457 4073 471 4156 Η
484 4077 583 4135 sciron
601 4077 677 4134 Mon.
698 4079 717 4136 I
731 4079 813 4136 ciron
832 4075 866 4131 M
880 4075 981 4132 scison
998 4079 1029 4134 K
1044 4075 1172 4133 scirotus
1191 4077 1219 4132 Β
1234 4071 1344 4130 scirem
1362 4073 1390 4127 F

239 4157 352 4216 scirent
366 4159 389 4214 G
403 4154 416 4239 Η
433 4161 536 4221 Gallia
553 4166 651 4236 vraiqo.-
671 4161 803 4238 gullecie
817 4161 895 4218 Mon.
913 4161 949 4216 Il
961 4163 993 4218 Ι(
1005 4157 1048 4218 M¹
1064 4159 1190 4236 gallicis
1205 4151 1277 4218 AM²
1293 4155 1388 4234 gallin

239 4265 271 4301 rr
287 4241 363 4300 Mon.
383 4243 402 4300 Ῑ
412 4247 523 4322 galicie
540 4249 619 4305 Arc
637 4247 753 4322 galatio
766 4247 814 4304 ΟΒ
830 4239 843 4326 Η
857 4252 872 4306 7
890 4243 1030 4323 hispania
1048 4240 1111 4304 013²
1125 4242 1244 4322 ispnuie
1259 4243 1337 4300 Mon.
1356 4237 1389 4296 Γ)

230 4329 326 4384 uulf
334 4330 442 4405 spania
453 4326 517 4388 ΑΒ1
534 4333 612 4390 Mon.
629 4327 658 4389 1¹
677 4333 713 4390 II
728 4333 815 4391 FGM
834 4329 846 4407 Η
870 4330 1061 4390 socronensis
1076 4331 1176 4388 CDFG
1191 4325 1388 4404 sogronensis

243 4415 266 4470 Β
282 4411 294 4490 Η
309 4412 441 4492 quedem
455 4417 481 4472 Β
495 4415 625 4508 quedem
640 4419 673 4474 M
687 4415 809 4496 quidem
828 4415 906 4476 CGK
