3138 5100
502 381 727 424 r.n1nscuemr
743 383 985 426 nouunnrsarvs
1249 363 1311 424 499
1395 347 1402 370 ’

176 533 359 600 certissime,
381 532 439 592 hoc
461 542 508 594 est
522 543 571 607 ut,
594 553 661 592 curn
676 533 818 594 Terentii
840 534 960 595 fabulas
983 553 1088 594 omues
1109 535 1225 614 populo
1246 536 1311 614 pla·
1330 528 1333 585 i

176 635 274 694 ruisse
300 643 455 694 narratum
481 643 578 704 esset,
604 655 697 695 unam
722 637 819 696 solam
839 637 980 698 Volcatio
1003 635 1128 716 quidem
1148 645 1227 696 teate
1248 657 1311 696 nou
1331 641 1336 703 ',

175 736 327 818 placuisse
343 736 516 798 adiceretur
531 737 632 817 planis
648 736 750 798 verbis
772 748 803 798 et
823 737 1027 818 simplicibus,
1050 759 1112 798 non
1129 758 1186 818 per
1207 739 1312 816 aanig·
1337 744 1340 769 ¹

174 839 263 898 matis
290 839 460 900 artificium:
487 839 527 898 ad
553 838 701 900 eiusmodi
730 841 811 912 enim
837 841 1067 920 oppositionem
1093 840 1312 900 contrariorum

175 940 244 1018 ipsa
258 943 390 1016 quarreria
404 942 553 1021 particula
568 942 731 1002 manifesto
747 951 877 1022 spectat.
921 943 1031 1022 Itaque
1048 943 1118 1002 talia
1135 941 1218 1022 quali
1234 959 1332 1022 opus.

176 1051 222 1102 est
236 1045 321 1104 notio
338 1063 405 1104 cum
421 1063 438 1104 e
453 1053 583 1103 sumetur
598 1046 748 1124 scripturn
763 1046 816 1104 vix
831 1065 922 1124 posse
940 1045 1004 1105 erui
1020 1044 1176 1118 videatur,
1198 1063 1258 1104 nec
1274 1043 1311 1104 ab

174 1143 263 1204 initio
280 1165 385 1206 versus
400 1153 529 1204 metrum
544 1145 708 1218 claudicet,
729 1146 785 1206 sed
801 1147 881 1206 circa
895 1148 979 1226 ipsas
994 1164 1033 1204 ee
1052 1149 1097 1204 bis
1119 1165 1212 1206 voces
1235 1165 1311 1226 quas

175 1265 279 1326 perse
294 1267 386 1326 aegro
402 1248 542 1326 intellegi
557 1258 650 1308 antea
665 1248 917 1326 significavimus,
933 1267 1128 1329 consequens
1144 1257 1192 1308 est
1204 1257 1240 1308 ut
1254 1247 1313 1308 hoc

174 1349 276 1428 potius
291 1350 323 1409 iu
339 1349 407 1410 loco
427 1349 520 1410 seder
536 1350 727 1429 corruptelae
744 1338 917 1430 quaeratur.
946 1351 1046 1428 Igitur
1060 1350 1214 1430 quoniam,
1232 1369 1312 1430 quae

174 1471 238 1510 nou
255 1454 262 1481 ‘
272 1452 452 1532 placuisset'
468 1452 519 1512 vel
537 1452 701 1512 ‘stetisset‘
719 1451 838 1526 fabula,
860 1452 911 1511 vel
928 1452 1068 1512 ‘exueu3
1085 1453 1136 1512 vel
1153 1451 1311 1532 ‘explosa’

175 1551 347 1627 dicebatur,
365 1553 455 1642 facile
472 1553 623 1635 quispiam
638 1554 734 1634 ipsius
750 1557 899 1628 explores!
911 1552 1053 1613 vocabuli
1069 1554 1216 1633 reliquias
1230 1557 1314 1612 extra

174 1654 291 1715 litteras
307 1655 536 1734 interpretetur.
580 1657 694 1716 Verum
708 1655 794 1716 uliud
807 1656 839 1714 in
855 1665 1000 1735 promptu
1020 1665 1081 1730 eet,
1104 1655 1197 1715 multo
1221 1655 1312 1714 etiam

174 1757 346 1834 graviorem
366 1759 428 1817 vim
449 1758 658 1838 persuadendi
683 1757 811 1818 habens.
857 1757 1012 1834 Quotiens
1041 1758 1122 1816 enim
1144 1759 1223 1816 ‘nou
1246 1757 1312 1836 pla-

174 1859 267 1918 citao'
284 1859 428 1940 Hecyrae
444 1861 632 1920 mentionem
646 1861 786 1920 Donatus
802 1859 904 1932 inicit,
926 1860 1040 1918 totiens
1062 1858 1127 1919 fere
1148 1879 1211 1918 uno
1228 1868 1311 1918 certo

173 1958 324 2020 vocabulo
346 1961 452 2035 utitur,
480 1961 565 2044 quod
587 1981 653 2022 cum
674 1962 735 2021 elia
758 1961 901 2042 exempla
925 1981 988 2020 non
1010 1959 1136 2034 habeat,
1164 1961 1217 2020 vix
1239 1959 1312 2020 mihi

174 2071 313 2143 tempero
331 2063 404 2143 quin
422 2083 460 2122 ex
475 2065 543 2144 ipso
555 2064 739 2124 Volcatiauo
755 2083 845 2122 versu
861 2063 944 2122 vitae
957 2062 1167 2122 Suetouianae
1183 2064 1313 2142 petitum

134 2165 138 2173 '
176 2163 286 2224 dicam.
336 2163 462 2244 Quippe
488 2174 666 2224 constanter
686 2166 740 2224 ille
762 2169 910 2224 erecturum
931 2163 1064 2224 subulam
1085 2164 1138 2222 vel
1162 2168 1312 2222 eruturum

174 2275 298 2346 poetam
315 2264 408 2326 dixit:
430 2267 513 2326 cuiue
528 2267 574 2326 rei
589 2267 765 2326 testimonia
780 2266 861 2325 infra
876 2266 994 2345 scripsi.
1040 2265 1078 2324 In
1100 2265 1234 2326 auctario
1256 2285 1311 2326 suc
1356 2323 1358 2326 .

174 2368 257 2428 vitae
274 2367 483 2428 Suetonianae
501 2367 582 2449 quod
605 2367 773 2428 subiectum
795 2377 841 2426 est
861 2389 892 2446 p.
908 2378 958 2430 35:
981 2367 1123 2445 ‘Hecyra
1143 2385 1239 2446 saepe
1259 2385 1311 2426 ece·

173 2473 269 2543 cluso,
294 2471 346 2528 uix
361 2479 428 2530 acta
444 2471 517 2530 est’.
560 2469 649 2530 Idem
664 2471 762 2549 praef.
778 2469 857 2528 Hoc.
872 2490 903 2549 p.
920 2477 969 2532 337
992 2466 1181 2528 Lindeubr.:
1207 2471 1312 2549 ‘saepe

174 2575 295 2630 excluso
316 2573 393 2631 haec
408 2570 592 2631 comoedia‘.
638 2571 726 2631 Idem
747 2571 822 2650 ipsis
844 2569 1067 2628 commentariis
1090 2570 1122 2628 in
1138 2570 1215 2630 Hac.
1233 2571 1312 2650 prol.

174 2685 202 2747 1,
218 2693 248 2730 v.
265 2679 296 2732 4:
314 2673 392 2733 ‘nou
409 2673 481 2755 quia
495 2672 591 2746 mala,
613 2676 733 2730 exclusa
749 2680 808 2740 est,
836 2669 891 2732 scd
909 2669 979 2752 quia
994 2672 1127 2752 populus
1143 2671 1312 2732 funambuli

174 2774 379 2834 admiratione
395 2763 583 2855 obstupuit’q
596 2775 631 2848 ,iu
647 2775 725 2856 prol.
740 2785 780 2848 11,
797 2785 867 2838 v.3:
887 2783 990 2854 ‘turpe
1006 2794 1069 2834 non
1083 2793 1151 2834 esse
1164 2773 1312 2832 Terentio

174 2881 322 2936 exclusum
346 2897 413 2936 esee
436 2897 529 2936 unam
549 2878 630 2937 illius
653 2876 819 2952 fabulam';
846 2877 878 2934 in
894 2896 923 2934 v.
939 2884 972 2938 7:
1000 2877 1083 2936 ‘curu
1103 2895 1166 2935 una
1186 2875 1313 2954 Hecyra

174 2983 294 3038 excluso
308 2979 378 3054 sit’3
394 2979 426 3037 in
442 2999 471 3037 v.
490 2989 536 3042 13:
554 2980 643 3059 ‘quia
657 2989 805 3040 remotum
821 2989 851 3038 et
865 2983 1016 3036 exclusum
1033 2973 1183 3057 (poetam)
1201 2976 1312 3052 dixit'3

174 3081 207 3140 iu
228 3101 258 3140 v.
275 3089 324 3144 26:
347 3080 478 3160 ‘duplex
499 3100 607 3140 caussa
626 3081 666 3140 ad
689 3064 781 3140 unam
802 3085 995 3140 exclusionem
1020 3078 1213 3152 adhibetur’,
1240 3080 1313 3138 item

174 3183 326 3242 ‘narratio
343 3203 395 3241 cur
410 3186 531 3240 esclusa
547 3184 602 3242 sit:
629 3183 689 3242 hoc
705 3191 766 3250 est,
795 3203 858 3242 uon
879 3190 992 3262 poetae
1014 3182 1105 3261 culpa
1129 3179 1249 3240 deiecta
1267 3189 1313 3240 est

174 3303 233 3344 nec
248 3283 360 3344 iudicio
377 3285 517 3364 populi'3
540 3285 572 3342 in
588 3303 618 3340 v.
634 3291 682 3345 29:
708 3285 796 3363 ‘qnia
811 3303 975 3362 numquam
990 3285 1067 3343 alias
1083 3287 1220 3342 exclusus
1240 3285 1311 3341 est’.

174 3387 203 3446 A
219 3407 280 3467 qua
295 3387 347 3446 ille
363 3385 585 3446 consuetudine
601 3385 749 3464 loquendi
765 3385 869 3465 paucis
886 3385 1034 3464 exemplis
1050 3385 1192 3457 recessit,
1208 3383 1312 3463 paullo

174 3489 300 3548 fortiore
317 3486 465 3546 vocabulo
489 3487 521 3546 in
543 3487 590 3546 his
607 3506 693 3546 usus:
716 3487 900 3565 inprobe,
920 3497 950 3546 l:
973 3486 1101 3544 ‘totiens
1122 3489 1247 3559 repulsu
1268 3485 1312 3543 fu·

173 3588 278 3665 bula’3
295 3590 367 3648 item
383 3588 440 3648 ‘de
455 3588 618 3660 Terentio,
637 3586 719 3668 quod
734 3591 874 3660 expulsor
886 3587 964 3664 pat'3
981 3587 1054 3646 item
1070 3589 1125 3647 ‘ne
1137 3590 1312 3661 expellatur,

174 3712 237 3750 non
252 3711 286 3751 se
301 3691 475 3772 prologum,
497 3688 553 3749 scd
570 3699 720 3749 oratorem
737 3690 904 3765 nominat'3
928 3689 959 3748 in
975 3709 1004 3747 v.
1022 3698 1052 3749 4:
1070 3683 1237 3768 ‘exucrssd
1260 3706 1312 3744 ex-

170 3793 299 3868 pulsoa'.
343 3795 433 3854 Illam
458 3793 550 3870 igitur
576 3789 724 3872 loquendi
751 3790 1006 3850 consuetudinem
1031 3791 1150 3850 Donati
1174 3811 1312 3850 caussam

174 3871 283 3954 habeo⁸
299 3915 351 3954 cur
376 3895 408 3953 in
430 3894 534 3954 Iacobi
550 3894 713 3972 Beruaysii
736 3902 839 3972 partes
861 3913 925 3954 uon
945 3891 1067 3964 cedam,
1094 3896 1194 3952 cecidit
1215 3892 1312 3951 latere

174 3998 207 4056 in
222 4000 307 4056 erebia
326 3996 508 4057 conicientis
531 3996 611 4055 conl.
628 3995 703 4054 Hor.
719 3995 819 4073 Epist.
839 4005 877 4062 11,
898 4005 926 4062 Ι,
944 4001 994 4074 liti
1017 3996 1148 4054 ‘securus
1164 3997 1251 4053 eadat
1271 4011 1311 4052 an

174 4108 257 4159 recto
278 4107 339 4158 stet
354 4098 458 4158 fabula
472 4098 555 4158 talo’.
571 4130 612 4140 —
628 4096 772 4177 Sequitur
793 4105 840 4170 ut,
858 4093 931 4176 quid
945 4096 977 4154 in
999 4103 1129 4154 sumetur
1142 4113 1219 4154 voce
1235 4093 1311 4154 deli-

141 4233 144 4240 *
174 4207 289 4270 tescat,
306 4209 478 4280 quaeratur.
516 4200 565 4259 Ne
584 4200 692 4272 multa,
710 4199 917 4277 scriptumest
938 4217 956 4254 a
972 4195 1127 4274 Sedigito:
1154 4197 1176 4254 S
1182 4201 1194 4253 ι’
1200 4196 1312 4254 mr'tur

176 4303 295 4360 Hecura
315 4303 400 4359 reeta
425 4305 612 4360 exclusust
629 4299 742 4375 [obulo.
785 4299 826 4358 Et
847 4297 1033 4360 reconditior
1055 4297 1180 4380 quidem
1199 4302 1312 4356 similar

175 4401 272 4462 formo
288 4401 393 4481 (etiarn
408 4403 563 4482 antiquior
578 4401 632 4460 illa
648 4421 739 4482 quam
753 4400 950 4480 frequentata
965 4399 1076 4458 Plauto
1091 4395 1209 4476 simitu),
1228 4397 1311 4456 cuius

1043 4498 1110 4560 32*
