3162 5078
586 405 589 412 ⁴
621 411 626 422 ·
663 400 706 440 nn
729 379 844 442 ronsrs
1283 383 1318 444 61

183 557 247 613 tur.
281 547 436 634 georgica
454 567 585 610 reuerso
603 554 677 632 post
690 546 860 610 Actiacam
875 548 1044 611 uictoriam
1061 549 1211 632 Augusto
1227 557 1324 636 atque

184 648 314 712 Atellae
339 646 587 712 reficiendarum
623 645 767 710 saucium
796 667 896 710 causa
923 650 1134 718 commoranti
1163 671 1220 736 per
1249 673 1323 716 con·

183 752 310 814 tionum
333 745 541 834 quatriduum
566 745 660 832 legit,
686 749 883 836 suscipiente
910 749 1100 814 Maecenate
1123 751 1252 835 legendi
1275 754 1323 816 ui-

184 873 252 916 cem
277 850 426 937 quotiens
456 847 717 936 interpellaretur
741 849 811 934 ipse
832 851 923 914 uocis
952 850 1141 916 offensione.
1183 873 1323 937 pronun·
1419 892 1429 916 ι

162 951 289 1016 stiabat
317 963 426 1014 autern
460 971 533 1014 cum
567 951 729 1014 suauitate
763 959 830 1014 tum
860 949 1029 1016 lenociniis
1061 953 1163 1018 miris.
1209 963 1242 1018 et
1268 952 1322 1018 Se·

184 1074 266 1117 neca
299 1051 453 1135 tradidit,
495 1050 619 1116 Iuliuns
649 1050 840 1115 Montanum
872 1061 1001 1138 poetam
1037 1052 1167 1118 solitum
1205 1053 1322 1136 dicere,

184 1153 404 1220 inuolaturum
430 1175 465 1217 se
490 1151 635 1237 Vergilio
662 1153 821 1238 quaedam
852 1157 879 1218 si
906 1161 939 1218 et
959 1176 1072 1218 uocem
1094 1163 1204 1242 posset
1231 1167 1263 1219 et
1286 1176 1321 1220 os

184 1264 217 1319 et
243 1255 447 1342 hypocrisin:
487 1253 618 1320 eosdem
639 1255 724 1318 enim
747 1275 862 1318 uersus
890 1255 961 1342 ipso
982 1257 1213 1341 pronuntiante
1239 1256 1322 1322 bene
1408 1309 1414 1322 .

184 1379 316 1439 sonare,
344 1358 414 1422 sine
441 1355 497 1421 illo
523 1357 637 1419 inanes
663 1377 735 1418 esse
761 1365 942 1443 mutesque.
992 1357 1157 1422 Aeneidos
1184 1357 1320 1422 uixdum

150 1481 175 1519 n
185 1470 318 1546 coeptae
340 1467 432 1522 tanta
453 1457 563 1522 extitit
584 1455 671 1520 lama
679 1505 688 1539 ,
718 1465 754 1520 ut
776 1455 895 1521 Sextus
922 1457 1111 1544 Propertius
1142 1481 1206 1524 non
1230 1459 1322 1524 dubi-

183 1561 303 1626 tauerit
323 1561 370 1624 sic
393 1559 598 1647 praedicare:

377 1661 483 1726 cedite
505 1660 643 1724 Romani
669 1661 860 1747 scriptores,
884 1659 989 1726 cedite
1012 1659 1108 1727 Grai:

272 1841 278 1850 ἱ
420 1763 530 1828 nescio
553 1760 631 1848 quid
653 1763 758 1826 maius
780 1762 924 1826 nascitur
946 1750 1064 1844 iliade,

184 1865 355 1949 Augustus
383 1885 478 1946 uero,
511 1885 587 1927 nam
618 1863 701 1927 forte
732 1861 939 1950 expeditione
974 1863 1170 1930 Cantabrica
1198 1865 1323 1950 aberet,

149 1987 175 2028 ss
185 1965 387 2052 supplicibus
409 1975 505 2053 atque
528 1965 627 2028 ctiam
649 1964 833 2028 minacibus
854 1986 912 2052 per
930 1966 1035 2030 iocum
1058 1965 1174 2032 litteris
1197 1967 1323 2052 efflagi-

183 2077 283 2148 taret,
304 2077 341 2132 ut
361 2068 424 2133 sibi
447 2067 486 2132 de
509 2065 673 2142 Aeneide,
706 2075 741 2130 ut
765 2067 867 2154 ipsius
893 2067 1114 2150 uerbwsunt,
1143 2069 1195 2134 uel
1218 2071 1323 2156 prima

185 2170 338 2232 carurinis
360 2168 573 2256 hypographa
591 2167 643 2231 uel
663 2167 831 2254 quodlibet
851 2166 943 2232 colon
960 2171 1111 2234 mitteret.
1140 2171 1191 2234 cui
1215 2159 1323 2236 tamen

184 2270 285 2335 multo
310 2281 383 2358 post
411 2271 622 2357 perfectaque
651 2271 780 2334 deinum
812 2270 948 2334 materia
976 2280 1042 2335 tres
1071 2272 1201 2336 omnino
1222 2273 1322 2338 libros

185 2427 270 2476 retrix
288 2431 430 2476 cantasset
449 2427 477 2476 in
495 2425 612 2488 theatro,
633 2441 713 2492 quam
733 2427 761 2475 in
779 2425 831 2476 line
851 2425 1012 2490 Lycoridem
1031 2433 1125 2488 uocat,
1151 2429 1323 2492 stupefactus

185 2494 284 2544 Cicero
302 2495 380 2545 cuius
394 2489 468 2544 e'sset
479 2493 631 2558 requireret
655 2500 683 2544 et
701 2509 761 2544 euru
785 2509 845 2542 enm
868 2495 978 2543 tandem
998 2494 1145 2560 aliqnando
1163 2497 1323 2561 agnouisaet

185 2563 287 2612 dixisse
306 2563 416 2612 dicatur
440 2567 468 2612 et
492 2561 526 2610 ad
545 2575 622 2611 arram
641 2570 671 2612 et
687 2561 762 2611 illius
780 2561 901 2611 laudem:
931 2561 1052 2627 Magnae
1077 2577 1139 2628 apes
1159 2563 1247 2614 altera
1269 2563 1322 2613 Ro-

185 2646 255 2679 mae.
292 2631 362 2694 qnod
386 2632 438 2680 ists
463 2633 559 2694 postea
584 2629 618 2678 ad
642 2631 790 2694 Ascanium
815 2629 968 2692 transtulit,
999 2631 1070 2680 sient
1092 2637 1323 2682 commentatores

183 2696 350 2762 loquuntur.'
386 2699 422 2747 cl.
441 2698 556 2746 Tacitus
575 2697 640 2748 dial.
663 2696 702 2748 13.

267 2765 283 2814 5
319 2763 437 2830 Seneca]
475 2765 552 2814 Haec
571 2767 693 2816 narratio
712 2781 766 2815 non
785 2771 870 2815 extat.

272 2831 301 2881 ll
324 2849 383 2897 sqq.
418 2833 576 2882 Macrobius
599 2839 651 2882 sat.
682 2833 764 2895 124,
798 2833 840 2881 ll:
884 2831 986 2898 ‘Ipsius
1015 2836 1086 2884 enim
1115 2835 1237 2885 Maronia
1266 2837 1327 2900 cpi·¹

184 2899 265 2962 stola,
285 2915 339 2966 qua
358 2899 498 2966 conpellat
520 2899 685 2964 Augustum,
711 2901 750 2950 ita
774 2899 885 2966 incipit:
913 2901 972 2966 Ego
994 2917 1059 2952 uero
1083 2903 1241 2967 trequentes
1261 2919 1277 2952 a
1295 2911 1323 2953 te

184 2968 293 3018 litteras
312 2969 432 3033 accipio,
452 2973 480 3018 et
498 2967 583 3016 infra:
620 2971 662 3018 Do
675 2971 771 3018 Aenea
790 2969 898 3033 quidem
911 2985 979 3032 meo,
999 2970 1021 3018 si
1041 2970 1178 3020 mehercle
1198 2973 1250 3020 iem
1264 2971 1323 3036 dig·

184 3051 247 3086 num
266 3035 378 3086 auribus
397 3035 526 3085 haberem
550 3037 618 3098 tuis,
642 3035 760 3086 libenter
778 3037 929 3086 mitterem:
954 3036 1002 3086 sed
1024 3029 1104 3088 lanta
1127 3038 1257 3088 inchoata
1282 3055 1324 3089 res

185 3111 235 3164 est,
256 3111 285 3153 nt
298 3119 386 3169 paene
399 3104 469 3152 uitio
481 3104 581 3152 mentis
593 3107 701 3153 tantum
720 3119 787 3168 opus
806 3105 946 3168 ingressus
964 3104 1030 3154 mihi
1046 3107 1150 3168 uidear,
1172 3121 1231 3156 cnm
1244 3123 1323 3172 prae·
1411 3139 1416 3146 ·

183 3172 277 3222 sertim
297 3177 325 3220 nt
344 3172 399 3221 sois
412 3171 469 3220 alia
487 3185 592 3235 quoque
606 3173 697 3221 studia
716 3173 749 3221 orl
763 3171 791 3220 id
809 3187 876 3236 opus
895 3171 1031 3238 multoque
1045 3175 1152 3237 potiora
1171 3173 1324 3240 inpertiar.'

269 3239 299 3289 17
311 3255 369 3303 sqq.
384 3239 495 3288 Servius
505 3239 573 3288 Aen.
588 3240 644 3288 1111
657 3239 719 3290 snt:
734 3239 853 3289 ‘Dicitur
866 3245 955 3289 autem
970 3241 1075 3304 ingenti
1088 3241 1189 3291 affectu
1202 3241 1251 3292 hos
1263 3257 1323 3291 ucr-

183 3323 229 3358 sns
247 3309 452 3374 pronuntiasse,
477 3322 538 3356 cnm
557 3308 685 3372 priuatim
704 3307 801 3372 paucis
823 3309 1016 3372 praesentibus
1039 3311 1170 3360 recitaret
1191 3311 1326 3376 Augusto.

184 3393 247 3426 nam
265 3376 395 3426 recitauit
414 3391 481 3424 rroce
501 3375 605 3440 optima
623 3376 738 3441 primum
758 3381 785 3425 et
803 3374 949 3440 quartum)

183 3575 290 3644 postea
300 3563 432 3625 Aeneidi
448 3564 514 3642 ipse
529 3565 654 3623 inseruit
668 3583 686 3632 ς
710 3573 722 3624 l
742 3560 824 3642 post]
842 3563 880 3622 ab
895 3585 912 3633 ς
925 3558 938 3644 ΙΙ
953 3564 1106 3622 Attiacam
1124 3567 1152 3622 B
1166 3561 1180 3646 ll
1195 3565 1324 3624 Actiaca

184 3652 311 3710 uictoria
332 3646 375 3731 ςΙΙ
391 3659 483 3729 atque
502 3669 554 3708 om.
575 3653 601 3707 B
615 3645 628 3730 Η
644 3657 736 3728 atque
756 3647 987 3708 reficiendarum
1006 3649 1114 3708 uirium
1129 3669 1223 3708 causa
1237 3651 1323 3708 Atel·

183 3734 232 3795 lae
254 3736 450 3794 commoranti
473 3731 515 3815 ςΗ
531 3744 547 3796 l
567 3736 711 3814 quociens
729 3735 753 3790 R
769 3729 782 3815 ΙΙ
798 3747 813 3796 5
829 3743 929 3794 autem
944 3733 1074 3793 rrsaxima
1091 3753 1157 3794 curn
1173 3736 1323 3794 suauitate
1398 3721 1410 3746 ⁸

185 3829 215 3878 et
234 3820 392 3880 lenociniis
416 3820 497 3878 miris
517 3815 561 3902 ςΙΙ
577 3831 637 3878 tum
653 3822 774 3892 scripsi:
797 3839 862 3878 cnm
881 3821 934 3876 BR
950 3813 962 3899 ll
978 3819 1105 3879 lenociis
1127 3815 1183 3902 ΕΗ
1199 3829 1229 3878 et
1250 3823 1275 3876 B
1292 3829 1324 3878 ut

185 3908 210 3964 li
232 3927 284 3966 om.
310 3901 353 3986 gil,
367 3915 385 3968 8
399 3905 585 3982 hypocrisim
604 3903 646 3984 ςΗ
663 3926 699 3964 eo
712 3905 923 3982 pronuntiante
945 3925 962 3972 ς
975 3899 987 3984 ll
1003 3915 1019 3966 e
1035 3906 1101 3963 sine
1116 3905 1174 3962 illo·
1184 3924 1324 3964 arescere

185 3991 272 4071 qnasi
293 3999 390 4049 mutos
411 3995 453 4060 ςξζ
473 3989 664 4051 indubitatis
685 3989 729 4071 ςΙΙ
747 4000 777 4051 12
805 3989 891 4048 Graii
911 3992 958 4059 Βς
1003 3999 1033 4051 13
1049 3999 1113 4063 post
1131 3989 1227 4048 Iliade
1249 4009 1323 4048 com-

184 4087 257 4135 mate
279 4079 452 4149 interponat
467 4073 478 4156 ll
502 4085 532 4137 tt
546 4073 629 4152 uam]
650 4095 716 4134 cum
737 4078 796 4135 iam
819 4095 836 4142 ς
854 4077 958 4132 Daniel
1000 4073 1122 4132 abesset
1139 4084 1169 4132 et
1189 4077 1326 4145 enasset

185 4157 198 4244 ll
217 4174 246 4224 15
269 4161 452 4238 efflagitaret
477 4164 552 4230 Bne
574 4159 763 4237 efflagitabat
786 4161 814 4218 C.
846 4163 888 4218 W.
913 4163 1067 4231 statueras,
1096 4165 1146 4233 qai
1165 4179 1220 4219 noa
1243 4165 1324 4218 intel·

164 4245 299 4307 'lacr‘sset
314 4247 498 4324 efflagitaret
509 4251 637 4320 pendere
648 4267 672 4302 a
690 4253 775 4305 tanta
793 4247 893 4304 extitit
909 4245 990 4304 sama
1005 4253 1038 4303 ut
1051 4240 1065 4325 Η
1084 4245 1325 4324 tiphypogrnpha

185 4355 216 4403 3:
244 4333 416 4414 hypogrnlis
437 4335 463 4390 R
483 4331 695 4410 hypographin
715 4333 739 4388 B
759 4325 772 4412 ll
795 4329 930 4410 quolibet
953 4323 1008 4412 ΗΙΙ
1023 4331 1155 4389 mitteret
1176 4333 1234 4400 ag:
1259 4330 1324 4390 mit·

185 4427 298 4478 teretur
311 4421 337 4476 R
351 4413 365 4502 ΙΙ
381 4419 530 4490 mitteret,
547 4417 670 4493 rrcgunit
687 4437 720 4474 so
736 4416 886 4474 iacturum
898 4415 1052 4494 Virgilius.
1070 4417 1117 4482 cni
1134 4437 1152 4488 ς
