3162 5058
229 393 290 458 332
510 405 704 447 esraaonvrr
728 403 894 446 arsaoarrr
916 404 1092 453 aearovras

236 595 328 688 Περὶ
352 595 422 665 τῶν
441 585 537 686 παρὰ
552 583 737 685 Ῥωμαίοις
755 593 920 684 θεωριῶν
942 593 1001 662 καὶ
1022 585 1172 683 ἀγώνων
1192 597 1313 684 βιβλία
1335 585 1369 683 sl

109 749 229 824 184³*
316 759 649 826 Commemorabimus
668 773 834 822 cateruas
852 758 1052 844 singulorum
1075 757 1375 844 (spectaculorum),

230 863 348 951 quibus
372 865 405 926 in
427 859 590 926 cunabilis
619 859 805 924 insaecula
830 857 1049 944 adoleuerint',
1077 860 1196 926 exinde
1224 871 1374 922 Ttrt'uos

231 964 451 1052 quorundam,
473 963 593 1049 quibus
610 961 797 1026 nominibus
820 971 1063 1048 nuncupentur,
1088 961 1207 1026 exinde
1223 977 1375 1024 sersus·

230 1083 310 1147 uva,
340 1065 457 1152 quibus
480 1062 769 1151 superstitionibus
792 1064 1009 1144 instruantur,
1034 1073 1100 1128 turn
1123 1079 1228 1144 hocs,
1255 1061 1374 1148 quibus

229 1167 436 1256 praesidibus
451 1166 608 1247 dicentur,
619 1175 685 1228 tum
702 1182 823 1246 struae,
835 1165 953 1252 quibus
965 1163 1154 1229 auctoribus
1166 1165 1396 1252 deputenttrr.⁵

107 1350 229 1424 185**
316 1353 435 1442 Lydos,
460 1377 502 1418 ex
533 1353 618 1418 Asia
650 1363 843 1418 transuersas
876 1353 909 1415 in
935 1351 1070 1416 Etruria
1102 1351 1290 1418 consedisse
1319 1349 1374 1414 Ti·

229 1479 340 1521 maeus
370 1455 471 1520 refert
499 1455 581 1520 duce
610 1454 781 1541 Tyrrheno
811 1455 866 1541 qui
895 1454 989 1518 fratri
1017 1475 1076 1517 sao
1112 1462 1255 1518 cesserat
1283 1451 1375 1538 regni

319 1609 404 1665 tut*
421 1611 609 1662 Tertullianus
628 1611 661 1662 dc
681 1609 849 1676 spectaculis
868 1611 891 1660 t.
910 1635 943 1644 -
964 1609 1007 1662 13:
1033 1609 1115 1659 ‘satis
1134 1609 1230 1676 opinor
1248 1607 1374 1674 impleui-

231 1699 290 1732 mus
309 1683 445 1738 ordinem,
464 1685 529 1744 quat
547 1685 575 1729 ot
594 1677 691 1744 quibus
710 1679 797 1728 rnedis
815 1677 977 1743 spectacula
994 1677 1171 1744 idololatrian
1191 1677 1374 1740 coarnrittaat,

231 1751 265 1800 dc
285 1748 436 1814 originibus
455 1747 488 1797 dc
508 1748 595 1796 titulis
614 1749 647 1796 do
667 1747 848 1812 apparatibus
867 1747 900 1796 de
924 1747 992 1796 locis
1011 1747 1044 1796 dc
1064 1744 1208 1796 artificiis)
1244 1743 1276 1796 3:
1303 1747 1373 1796 ‘uon

230 1819 285 1868 ibis
307 1819 335 1866 in
360 1819 474 1878 circum,
499 1831 552 1865 rron
576 1817 603 1864 iu
623 1815 773 1876 theatrum,
794 1831 925 1880 agonem,
945 1831 1040 1863 nrunus
1060 1831 1112 1864 non
1131 1811 1291 1879 spectabis’
1326 1811 1373 1862 20:

233 1885 370 1950 ‘utrmquid
390 1899 455 1948 ergo
474 1888 502 1932 ct
521 1889 600 1933 extra
617 1883 720 1932 limites
739 1883 807 1932 circi
826 1884 911 1932 hrrori
930 1883 1070 1932 studemus
1095 1887 1122 1930 at
1150 1888 1227 1932 extra
1247 1881 1374 1930 cardines

231 1953 334 2005 theatri
358 1951 548 2017 impudicitiae
571 1951 736 2000 intendimus
761 1956 789 2001 ct
813 1951 979 2001 insolentiae
999 1957 1078 2000 entra
1096 1950 1214 2000 stadium
1239 1955 1267 1998 et
1285 1949 1373 1999 immi-

231 2021 399 2072 sericordiae
424 2025 502 2068 extra
526 2019 773 2085 amphitheatrum,
803 2019 874 2084 quod
897 2019 964 2068 deus
988 2019 1072 2068 etiam
1095 2023 1173 2067 extra
1195 2033 1320 2068 canterus
1346 2021 1374 2068 ct

232 2090 333 2156 gradus
353 2095 381 2138 et
400 2087 508 2154 apulias
527 2087 621 2138 oculos
639 2086 743 2138 habet!
779 2085 826 2136 29:
847 2087 889 2136 ‘in
908 2085 950 2136 his
969 2087 1019 2136 tibi
1039 2087 1179 2136 circenses
1192 2086 1269 2135 ludos
1287 2087 1372 2134 inter-

231 2165 349 2224 pretare,
371 2171 465 2206 errrsus
479 2156 585 2205 saeculi
599 2157 719 2218 intuere,
739 2160 863 2220 tempora
876 2153 1016 2218 labenda,
1035 2155 1128 2220 spatia
1146 2154 1298 2211 dinumera.
1318 2169 1372 2202 me·

231 2234 275 2276 tas
301 2224 546 2275 cousrrnrmationis
570 2231 702 2289 expecta,
727 2223 879 2274 societates
902 2222 1083 2272 ecclesiarum
1102 2222 1236 2279 deiende,
1265 2222 1298 2270 ad
1318 2222 1373 2286 sig-

230 2311 294 2344 num
313 2295 357 2344 ilci
376 2294 526 2352 suscitare,
553 2293 587 2341 ud
610 2293 705 2342 tubam
730 2293 823 2356 angeli
849 2293 970 2356 edgaro,
994 2291 1029 2339 ad
1048 2291 1173 2354 martyrii
1191 2291 1297 2354 patruae
1316 2289 1372 2354 gla-

230 2363 313 2413 riare.
350 2363 373 2411 si
392 2361 522 2410 scenicae
541 2360 683 2410 doctrinae
702 2360 858 2419 delectant,
878 2360 948 2408 satis
966 2359 1046 2408 nobis
1059 2357 1214 2408 litterarum
1233 2363 1285 2415 est,
1303 2358 1373 2408 satis

230 2445 358 2480 asarsuum
377 2435 433 2490 est,
453 2428 523 2478 satis
541 2428 755 2488 sententiarum,
775 2428 844 2476 satis
863 2428 947 2476 etiarn
966 2427 1153 2488 cantieorum,
1177 2426 1247 2476 satis
1266 2441 1373 2488 uocrrm,

231 2515 282 2548 nec
303 2498 415 2548 fabulae
435 2496 483 2545 sed
501 2498 636 2546 ueritates
656 2513 707 2546 nce
727 2495 856 2560 strophae
875 2495 923 2544 sed
942 2495 1147 2560 simplicitates.
1184 2495 1226 2543 uis
1245 2499 1273 2542 et
1285 2493 1373 2558 pugil-

230 2567 303 2616 latus
323 2571 350 2614 et
367 2565 507 2614 luctatus?
531 2571 642 2630 praesto
661 2571 724 2614 sunt
742 2579 796 2612 uon
815 2579 902 2628 parua
929 2569 958 2612 et
975 2563 1070 2612 mults.
1112 2562 1206 2628 aspice
1230 2561 1373 2626 impudici-

230 2635 297 2684 tiam
318 2649 333 2682 a
352 2633 494 2691 castitate,
514 2633 656 2698 perfidiam
676 2648 786 2682 causam
807 2650 823 2681 a
838 2631 900 2692 tide,
919 2631 1065 2680 sareuitiam
1079 2647 1096 2681 a
1108 2629 1296 2680 misericordia
1310 2646 1373 2680 con·

231 2709 334 2762 tusam,
358 2699 542 2766 petulantiam
566 2717 582 2750 a
608 2701 740 2750 modestia
762 2699 967 2760 obumbratam,
992 2704 1020 2748 et
1044 2697 1115 2748 talos
1140 2702 1203 2748 sunt
1226 2697 1298 2764 apud
1323 2713 1373 2748 nos

232 2785 344 2834 agones,
362 2769 389 2816 iu
410 2769 508 2832 quibus
526 2769 579 2833 ipsi
599 2783 767 2818 coronamur.
805 2769 847 2816 uis
861 2773 953 2818 autern
973 2773 1000 2816 et
1019 2767 1163 2830 sauguinis
1182 2764 1305 2832 aliquid?
1324 2765 1373 2815 ha·

231 2837 280 2886 bes
300 2834 421 2884 christi!
457 2835 503 2884 21:
528 2837 582 2886 ‘sic
608 2853 673 2902 ergo
692 2837 798 2893 euenit,
826 2839 856 2886 ut
880 2837 926 2900 qui
949 2836 977 2884 in
1001 2833 1111 2900 publico
1134 2835 1180 2884 uir
1203 2834 1373 2884 necessitato

230 2906 342 2954 uesicae
363 2903 483 2952 tunicam
501 2903 585 2966 leuet,
604 2905 669 2954 item
689 2905 716 2952 in
736 2905 811 2954 circo
831 2903 912 2954 aliter
930 2919 982 2952 riou
1002 2909 1094 2964 exarat,
1113 2902 1166 2952 nisi
1185 2907 1271 2952 totum
1289 2903 1373 2966 pude-

230 2988 286 3022 rem
305 2973 333 3020 in
353 2971 453 3020 taciem
472 2972 590 3022 omnium
608 2973 736 3031 Intentet,
755 2977 785 3021 ut
803 2978 831 3020 et
850 2971 895 3036 qui
913 2971 988 3020 filiae
1007 2971 1123 3034 uirginis
1142 2971 1177 3019 ab
1190 2969 1262 3020 omni
1275 2985 1373 3036 spurco

230 3041 315 3090 rrcrbo
335 3053 415 3088 aures
434 3045 541 3100 tuctur,
566 3041 624 3106 ipse
650 3056 710 3090 eam
735 3041 763 3088 iu
788 3038 924 3089 theatrum
949 3039 983 3088 ad
1001 3037 1064 3087 illas
1082 3053 1166 3088 uoces
1184 3037 1373 3104 gesticulatio·

230 3123 333 3172 ncsque
357 3105 488 3156 deducat:
518 3113 545 3158 ct
568 3109 613 3174 qui
637 3107 665 3156 in
689 3107 789 3172 plateis
813 3105 890 3157 litera
909 3121 990 3156 mauu
1009 3113 1138 3170 agentem
1157 3113 1204 3156 sut
1223 3107 1375 3170 compescit

231 3181 278 3226 aut
297 3175 464 3236 detestatur,
488 3175 561 3224 idem
580 3175 607 3224 in
626 3175 714 3226 stadio
733 3176 906 3240 grauiorIbus
925 3175 1024 3240 pugnis
1042 3174 1208 3240 suffragium
1233 3174 1319 3224 ierat:
1346 3179 1374 3224 ct

231 3244 277 3309 qui
302 3241 336 3292 ad
360 3242 481 3293 cadauer
503 3244 619 3294 hominis
638 3245 771 3294 communi
793 3244 856 3308 lege
875 3243 999 3294 defuncti
1018 3243 1160 3302 exhorret,
1180 3242 1250 3293 idem
1269 3243 1297 3290 in
1317 3257 1373 3292 sur-

230 3311 388 3376 phitheatro
410 3309 509 3362 derosa
534 3317 562 3360 et
585 3313 721 3378 dissipata
744 3317 772 3362 et
794 3312 823 3361 in
845 3325 894 3360 suo
918 3311 1052 3374 sanguine
1077 3310 1234 3374 squalentia
1257 3325 1373 3374 corpora

230 3377 440 3445 patientissimis
468 3379 554 3429 onrrlis
582 3381 700 3446 ‹lesrrpcr
723 3380 877 3440 incumbat,
906 3379 987 3430 immo
1015 3377 1059 3444 qui
1084 3383 1195 3444 propter
1217 3377 1373 3428 homicidae

230 3463 347 3513 poenam
371 3447 539 3512 probandam
559 3449 594 3497 ad
613 3449 800 3514 spectaculum
819 3448 929 3510 tremat,
948 3447 1019 3496 idern
1040 3447 1221 3511 gladiatorem
1240 3445 1373 3496 adhomi·

231 3517 330 3565 cidiurn
344 3513 462 3578 flagellis
479 3521 507 3566 et
526 3517 610 3578 uirgis
629 3516 777 3582 compellat
795 3515 918 3577 inuitum,
938 3521 965 3562 ct
984 3515 1029 3579 qui
1047 3513 1189 3580 insigniori
1210 3515 1306 3579 cuique
1325 3514 1373 3563 lro·

184 3633 193 3642 ,
230 3584 348 3632 micidae
375 3583 483 3633 leonem
508 3587 610 3649 proseit,
635 3585 706 3633 idem
730 3584 878 3648 gladiatori
902 3583 988 3632 atroci
1012 3589 1090 3648 petat
1113 3583 1206 3632 rudem
1226 3589 1253 3632 ct
1273 3583 1372 3647 pileum

230 3651 380 3716 praemium
401 3653 540 3714 conterat,
564 3653 640 3702 illum
664 3669 729 3701 uero
753 3653 909 3701 conlectum
934 3650 1017 3700 ctiam
1036 3651 1090 3700 oris
1114 3651 1276 3716 spectaculo
1295 3665 1372 3714 repc-

230 3725 281 3776 tat,
300 3719 430 3768 libentius
450 3735 651 3784 recognoscens
670 3721 703 3769 de
723 3721 844 3784 proximo
863 3735 941 3784 quem
959 3719 1047 3769 uoluit
1065 3719 1190 3769 occidere
1209 3719 1243 3768 de
1267 3718 1372 3782 tourria-

231 3803 293 3850 quo,
313 3792 390 3836 tauto
409 3788 500 3837 rlrrrior
519 3789 541 3838 si
559 3803 614 3838 nun
631 3785 737 3850 uoluit.⁸
759 3815 785 3822 -
825 3787 945 3837 Isidorus
969 3788 1056 3852 origg.
1076 3787 1167 3836 XVIII
1183 3785 1228 3848 iti,
1252 3785 1280 3835 3:
1302 3787 1371 3834 ‘Iiu-

230 3855 280 3904 dns
300 3857 391 3903 autem
411 3857 553 3921 gymnicus
573 3861 615 3906 est
634 3861 682 3906 sut
700 3857 831 3906 circensis
851 3861 897 3905 arat
916 3855 1095 3918 gladiatorius
1114 3861 1162 3904 aut
1179 3853 1326 3904 scenicus?

319 3919 405 3974 185⁸*
423 3923 610 3974 Tertullianus
627 3924 660 3972 de
680 3923 848 3990 spectaculis
866 3924 894 3972 ὃς
921 3921 973 3972 ‘De
997 3923 1148 3988 originibus
1168 3923 1275 3986 quidem
1288 3925 1317 3970 ut
1329 3937 1372 3972 se-

230 3991 393 4042 cretioribus
413 3997 441 4040 ct
459 3993 559 4054 ignotis
578 4008 663 4057 penes
681 3991 773 4056 plures
791 3997 943 4041 nostrorum
962 3991 1045 4040 altius
1063 4007 1115 4040 nee
1129 3991 1238 4040 aliunde
1258 3991 1371 4040 inuesti-

230 4060 349 4122 gandum
368 4059 428 4120 fuit,
448 4075 528 4124 qrrarn
547 4061 581 4110 de
599 4059 787 4110 instrumentis
806 4059 983 4110 ethnicalium
1002 4059 1163 4109 litterarum.
1193 4063 1290 4109 extant
1308 4073 1370 4108 suc·

230 4135 304 4175 toras
323 4127 409 4185 multi,
429 4129 474 4192 qui
493 4129 646 4194 superista
665 4145 693 4178 rc
713 4129 924 4180 commentarios
943 4127 1095 4178 ediderunt.
1134 4127 1169 4178 ab
1187 4127 1230 4176 his
1248 4125 1371 4176 ludorum

313 4272 406 4326 stum
419 4283 473 4322 om.
491 4267 515 4320 A
531 4265 651 4332 (=cod.
669 4283 729 4340 rep.
752 4271 828 4324 1622
839 4283 863 4324 s.
887 4267 981 4324 VIIII
985 4311 992 4334 ,
1011 4269 1059 4323 Aa
1075 4269 1231 4324 secundum
1248 4267 1372 4336 Boluzii,

229 4352 276 4406 Ab
294 4353 449 4407 secundum
472 4351 665 4408 Hildebronrii
677 4341 877 4426 conlatronem)
894 4345 908 4433 [Ι
922 4359 940 4414 6
956 4348 1044 4410 ludos
1064 4353 1086 4408 A
1103 4347 1147 4432 [lt
1169 4358 1294 4430 tyrreno
1315 4355 1338 4407 A
1357 4343 1370 4430 ll

229 4451 283 4494 suo
304 4431 453 4512 cesserat]
473 4455 524 4492 sss
539 4439 711 4494 cesseratA
