3072 5064
216 353 276 420 182
411 369 645 412 surrentinum
668 367 756 408 uram
778 368 821 408 ua
844 366 931 408 auno
953 365 1157 410 nonnuouvn
1232 345 1238 350 ’

213 523 365 576 laudarem
378 519 432 570 eibi
445 519 479 570 ad
493 533 525 570 eo
556 519 562 534 ⁴
586 518 683 570 endum
696 517 856 568 mandatam
867 516 939 568 ultro
957 518 1021 582 quia
1034 516 1231 584 demanarunt,
1245 519 1269 570 Β.
1285 517 1356 570 adeo

215 594 371 642 aberratum
395 593 438 638 est
460 593 491 637 nt
513 586 544 637 C.
588 601 670 636 aesar
692 586 818 650 pontifex
840 586 975 636 maximus
997 601 1046 636 suu
1069 587 1112 636 III
1137 592 1165 637 et
1187 587 1223 638 M.
1243 587 1356 638 Aemilii

213 659 315 725 Lepidi
333 655 490 716 consulatu,
517 671 568 719 quo
591 662 665 704 retro
686 653 817 704 delictum
837 653 1001 718 corrigeret,
1021 653 1088 704 dnos
1106 671 1215 706 menses
1233 657 1355 705 intercu-

214 729 299 778 laries
318 726 423 774 dierum
440 723 544 773 LXVII
563 723 590 771 in
609 737 729 772 mensem
747 721 929 772 Nouembrem
948 725 976 770 et
994 721 1175 772 Decembrem
1197 724 1356 787 interpone-

214 799 266 855 ret,
286 809 346 844 cum
366 793 421 840 ium
440 806 533 840 nuense
551 789 704 840 Februario
728 789 788 839 dies
812 793 869 840 tres
888 794 916 840 et
934 789 1034 854 uiginti
1053 791 1259 851 intercalasset,
1278 790 1354 840 laee-

214 867 310 926 retque
329 876 389 910 eum
409 874 509 908 anmnu
527 857 631 908 dianam
650 856 884 918 CCCCXXXXV,
909 857 989 906 simul
1012 858 1160 921 prouidens
1183 859 1212 907 in
1236 858 1356 908 futurum

214 947 249 980 ne
267 931 366 978 iterum
384 927 536 976 erraretur:
554 941 618 975 nam
635 925 815 974 intercalario
834 939 927 974 mense
946 924 1055 974 sublato
1074 941 1172 976 annum
1191 925 1301 976 ciuilem
1321 925 1357 976 ad

214 997 281 1048 solis
294 1009 401 1046 cursum
413 994 552 1044 lorumuit.
565 991 589 1041 9.
601 993 696 1056 itaque
709 992 806 1042 diebus
820 992 939 1042 CCCLV
952 992 1058 1042 addidit
1070 993 1103 1053 X,
1115 1009 1181 1058 quos
1189 1009 1238 1058 per
1250 998 1357 1057 septem

214 1079 331 1125 menses,
352 1063 397 1126 qui
416 1062 476 1110 dies
494 1061 688 1110 undetricenos
706 1059 864 1122 habebantJ
888 1061 929 1110 ita
947 1060 1100 1120 distribuit,
1126 1066 1156 1110 ut
1178 1061 1309 1110 Ianuario
1328 1067 1357 1110 et

216 1131 316 1182 Sextili
335 1135 363 1180 ot
380 1128 528 1180 Decembri
546 1129 605 1178 bini
624 1127 799 1189 accederent,
819 1128 920 1178 ceteris
933 1127 1047 1192 siuguli3
1067 1143 1167 1193 eosque
1186 1128 1246 1178 dies
1266 1133 1357 1178 estre·

214 1202 266 1250 mis
278 1198 404 1264 pertibus
417 1211 539 1246 mensum
552 1196 688 1260 adposuit,
709 1211 743 1246 ne
765 1193 876 1246 scilicet
899 1195 1051 1261 religiones
1069 1197 1112 1246 sui
1130 1197 1261 1261 cuiusque
1281 1212 1356 1246 meu-

214 1269 253 1318 eis
267 1284 284 1318 a
300 1267 361 1316 loce
379 1269 621 1315 summouerentur.
652 1263 692 1312 10.
712 1267 878 1328 quiapropter
894 1279 965 1314 nunc
979 1279 1040 1313 cum
1052 1264 1082 1313 in
1099 1269 1205 1328 septem
1217 1265 1358 1314 mensibus

215 1336 275 1385 dies
293 1332 396 1398 singuli
415 1337 444 1382 et
461 1332 562 1394 triceni
581 1332 647 1389 sint,
667 1335 796 1395 quattuor
814 1336 907 1380 tamen
925 1330 968 1380 illi
986 1332 1027 1380 ite
1045 1331 1171 1396 primitus
1184 1331 1306 1382 instituti
1323 1347 1357 1381 eo

215 1403 392 1452 dinoscuntur
411 1399 481 1464 quod
499 1414 586 1448 nonas
604 1397 708 1448 babent
726 1399 911 1464 septimanas,
937 1399 1026 1450 ueteri
1049 1403 1105 1448 tres
1128 1413 1274 1463 omnesque
1292 1398 1358 1448 reli-

217 1471 263 1535 qui
282 1470 438 1534 quintauas.
474 1473 621 1532 praetcrea
640 1483 687 1531 pro
706 1465 859 1531 quadrante
878 1465 935 1516 diei
954 1467 1000 1530 qui
1019 1482 1119 1516 annum
1137 1482 1231 1516 uerum
1248 1465 1357 1531 supple·

215 1543 291 1586 turnus
308 1535 456 1586 uidebatur
474 1535 596 1584 instituit
613 1538 643 1584 ut
662 1539 776 1598 peracte
795 1534 969 1597 quadriennii
988 1534 1107 1584 circuitu
1129 1533 1189 1584 dies
1207 1549 1290 1596 uuus,
1310 1534 1358 1584 ubi

216 1605 318 1654 mensis
337 1603 472 1667 quondam
490 1601 607 1658 solebat,
627 1607 689 1666 pust
706 1601 863 1652 terminalia
883 1600 1104 1664 intercalaretur,
1124 1601 1195 1666 quod
1212 1617 1284 1651 nunc
1302 1601 1358 1652 bis·

216 1677 322 1722 sextum
336 1675 458 1720 uocatur.
489 1669 527 1718 ll.
549 1685 583 1718 ex
600 1669 652 1718 boc
672 1685 743 1718 anno
758 1671 799 1719 ita
817 1668 917 1719 alulio
931 1669 1052 1719 Caesare
1072 1667 1198 1719 ordinatu
1217 1670 1304 1718 ceteri
1323 1668 1359 1718 ad

215 1743 337 1789 nostram
356 1737 514 1786 memoriam
533 1736 635 1786 Iuliani
654 1736 837 1802 appellantur,
857 1737 931 1800 iique
946 1741 1113 1801 consurgunt
1132 1753 1165 1786 ex
1177 1741 1273 1801 qurarto
1287 1736 1357 1786 Cae·

216 1807 287 1856 saris
306 1805 459 1856 consulatu.
496 1804 542 1868 qui
561 1804 669 1853 etiamsi
689 1805 791 1868 optime
809 1820 864 1854 non
881 1803 934 1854 soli
958 1811 1051 1854 tamen
1070 1805 1104 1854 ad
1124 1819 1223 1854 auruum
1242 1810 1358 1854 naturae

217 1873 308 1939 aptati
325 1877 401 1922 suun:
426 1887 489 1920 uam
508 1877 536 1920 et
553 1872 658 1936 priores
678 1873 756 1934 anni,
782 1872 866 1922 etiarn
891 1872 914 1921 si
938 1871 983 1935 qui
1007 1872 1219 1922 decernmestres
1238 1872 1357 1931 inomni,

216 1957 268 1991 nee
286 1941 390 1990 Romae
415 1939 494 1988 modo
516 1939 560 1988 nel
584 1955 634 2004 per
651 1939 763 1988 ltaliam
782 1939 831 1989 sed
854 1944 883 1988 et
907 1939 979 2005 apud
1000 1945 1097 2004 gentes
1116 1955 1209 1990 omnes
1228 1944 1360 2004 quantum

216 2013 326 2074 poterat
345 2008 410 2057 item
428 2007 537 2056 fuerant
551 2007 677 2056 correcti.
708 2007 746 2056 1⁶2.
763 2007 857 2071 itaque
871 2023 931 2056 cum
945 2007 978 2056 de
993 2007 1084 2071 aliquo
1104 2021 1234 2058 antrorum
1246 2022 1359 2056 numero

217 2075 263 2126 bic
282 2075 389 2124 dicetur
412 2089 465 2122 non
490 2073 560 2123 alios
583 2091 633 2138 par
657 2075 710 2124 erit
734 2091 812 2138 (puram
832 2074 974 2124 naturales
998 2075 1137 2140 accipere.
1172 2075 1210 2124 Et
1232 2075 1256 2124 si
1280 2074 1359 2136 oripo

217 2143 310 2192 mundi
329 2143 357 2190 in
375 2142 512 2190 hominum
535 2143 663 2192 notitiam
680 2143 819 2202 uenisset,
843 2142 907 2190 inde
927 2142 1066 2192 exordium
1085 2157 1263 2192 sumeremus:
1283 2141 1357 2191 Xlll.

218 2227 290 2260 nrrnc
308 2225 373 2260 uero
393 2210 420 2258 id
438 2209 614 2260 interuallum
633 2211 763 2274 temporis
788 2210 915 2260 tractabo
940 2209 1010 2274 quod
1034 2203 1178 2272 ἱστορικὸν
1201 2210 1287 2260 Varro
1312 2209 1358 2258 ad·

217 2278 314 2344 pellat.
350 2276 396 2326 hic
416 2278 489 2326 enim
508 2277 562 2328 tria
580 2275 741 2328 discrimina
759 2283 910 2341 temporum
930 2293 991 2327 esse
1010 2277 1104 2336 tradit,
1124 2280 1239 2342 primum
1258 2277 1293 2326 ab
1311 2277 1358 2326 bo·

218 2347 319 2396 minum
342 2345 479 2422 pyincipio
504 2345 539 2394 ad
562 2345 759 2407 cataclysmum
784 2345 915 2409 priorem,
946 2343 1016 2408 quod
1039 2350 1158 2410 propter
1174 2345 1359 2408 ignorantiam

217 2419 333 2465 uocatur
351 2411 469 2477 udqtuv,
489 2413 638 2462 seeundum
657 2429 674 2460 a
693 2412 863 2476 cataclysmo
882 2413 972 2478 priore
986 2412 1019 2462 ad
1033 2412 1216 2477 olympiadem
1234 2413 1358 2477 primam,

219 2482 289 2546 quod
308 2481 373 2545 qum
392 2481 420 2529 in
440 2497 472 2528 eo
490 2480 577 2528 multa
596 2479 723 2530 fabulosa
741 2479 895 2529 referuntur
913 2474 1041 2544 μυθικὸν
1060 2481 1227 2540 nominatur,
1248 2479 1360 2529 tertium

219 2566 236 2598 a
254 2549 343 2614 prima
362 2547 517 2612 olympiade
538 2547 573 2597 ad
590 2563 640 2596 nos
654 2547 724 2612 quod
737 2547 839 2596 dicitur
857 2539 1009 2610 ἱστορικόν,
1030 2549 1094 2614 quia
1107 2564 1151 2597 res
1164 2549 1192 2596 in
1211 2563 1243 2598 eo
1262 2553 1360 2612 gestae

217 2618 292 2666 ueris
311 2616 434 2664 historiis
452 2615 636 2664 continentur.
663 2615 687 2664 2.
708 2616 823 2680 primum
843 2616 915 2664 enim
933 2619 1041 2680 tempus
1059 2617 1118 2668 sitae
1137 2615 1234 2665 babuit
1252 2615 1361 2664 initium

218 2699 266 2734 seu
289 2698 398 2747 semper
422 2682 475 2731 luit
499 2687 575 2732 certe
599 2688 664 2746 quot
683 2699 813 2732 annorum
834 2683 871 2732 sit
895 2699 947 2732 nou
967 2687 1058 2746 potest
1077 2682 1282 2747 comprehendi.
1316 2697 1360 2732 se-

219 2751 336 2802 cuudum
354 2765 408 2798 non
427 2749 508 2814 plane
528 2749 636 2812 quidem
654 2750 751 2810 scitur,
776 2750 826 2799 sed
848 2751 1001 2800 tamen.ad
1024 2749 1099 2800 mille
1123 2751 1236 2800 circiter
1254 2755 1282 2799 et
1299 2765 1360 2800 sex-

220 2824 316 2868 centus
336 2831 421 2866 annos
440 2831 500 2866 esse
520 2817 648 2866 creditur.
686 2833 702 2866 a
720 2819 810 2882 priore
830 2818 941 2868 scilieet
959 2817 1142 2881 cataclysmo,
1169 2833 1248 2881 quem
1265 2817 1362 2868 dieunt

220 2885 332 2949 Ogygii,
354 2883 388 2933 ad
406 2883 504 2933 inachi
523 2899 635 2947 regnum
654 2885 719 2934 anui
738 2891 801 2934 suut
819 2886 934 2936 circiter
952 2886 1146 2951 quadringenti
1165 2899 1181 2928 a
1198 2899 1229 2948 a,
1248 2885 1312 2936 binc
1326 2883 1362 2934 ad

219 2952 403 3016 olympiadem
422 2952 537 3015 primam
555 2951 637 3016 paulo
655 2951 716 3016 plus
735 2953 939 3018 quadringenti.
976 2969 1042 3018 quos
1065 2953 1138 3004 solos
1162 2953 1285 3019 quamuis
1304 2967 1361 3014 my·

219 3021 288 3070 tbici
312 3019 443 3083 temporis
467 3024 618 3083 postremos
643 3025 736 3070 tanuen
759 3021 823 3084 quia
848 3037 864 3070 a
888 3021 1020 3070 memoria
1038 3022 1201 3086 scriptorum
1224 3021 1362 3086 proximos

219 3087 330 3152 quidam
356 3087 459 3136 certius
481 3087 596 3136 eletinire
615 3087 767 3137 uoluerunt.
809 3089 833 3139 3.
855 3093 883 3140 et
901 3087 1009 3152 quidem
1028 3089 1151 3138 Sosibius
1169 3089 1283 3153 scripsit
1301 3103 1362 3138 esse

219 3153 456 3215 CCCLXXXXV,
476 3155 676 3206 Eratosthenes
695 3161 787 3206 autem
806 3161 913 3221 septem
932 3162 960 3206 et
979 3157 1206 3222 quadringentos,
1231 3157 1363 3206 'l'iruaeus

219 3221 407 3281 ccttdxvll,
426 3221 524 3272 Aretes
543 3223 665 3284 DXllIl,
686 3229 714 3272 et
732 3229 879 3288 praeterea
902 3223 980 3274 multi
998 3225 1121 3290 diuersa,
1146 3240 1258 3289 quorum
1277 3225 1361 3274 etiam

219 3291 280 3354 ipsa
293 3289 428 3340 dissensio
441 3289 577 3340 incertum
590 3306 650 3340 esse
664 3291 799 3342 declarat.
818 3293 843 3340 4.
855 3291 888 3343 de
902 3292 984 3341 tertio
998 3297 1090 3342 euntem
1101 3297 1224 3358 tempore
1238 3291 1292 3340 luit
1304 3292 1363 3356 qui·

219 3358 282 3407 dem
300 3357 392 3422 aliqua
410 3357 482 3408 inter
501 3363 628 3409 auctores
646 3359 781 3410 dissensio
799 3361 828 3408 in
846 3375 894 3410 sex
913 3363 1054 3424 septemue
1076 3359 1263 3412 tantummodo
1282 3360 1363 3410 annis

219 3430 345 3474 uersata:
365 3425 390 3476 5.
404 3425 452 3475 sed
470 3423 522 3474 hee
542 3427 727 3491 quodcumque
740 3427 870 3492 caliginis
884 3427 970 3477 ,Varro
989 3428 1135 3489 discussit,
1154 3434 1182 3478 et
1200 3443 1248 3494 pro
1267 3431 1363 3478 cetera

220 3509 270 3542 sua
288 3493 446 3558 sagacitate
465 3509 536 3542 nunc
555 3495 725 3544 diuersarum
744 3495 900 3544 ciuitatium
919 3495 1064 3546 conserens
1077 3501 1209 3560 tempora,
1229 3511 1300 3546 neme
1314 3494 1361 3544 de·

221 3561 311 3610 fectus
335 3575 480 3624 conumque
504 3561 653 3611 interualla
682 3568 753 3612 retro
783 3563 973 3624 dinumerans,
1002 3565 1073 3614 eruit
1101 3579 1195 3614 tucrum
1218 3564 1362 3626 lucemque

221 3627 351 3690 ostemlit,
372 3644 519 3692 perquam
538 3643 664 3680 numerus
683 3635 775 3680 certus
799 3647 853 3680 non
877 3647 1008 3681 annorum
1032 3631 1111 3682 modo
1134 3633 1182 3680 sed
1207 3636 1234 3682 et
1257 3631 1364 3680 dierum

220 3696 339 3760 perspici
358 3697 454 3760 possit.
481 3695 506 3746 o.
527 3697 675 3746 secumlmn
694 3713 775 3762 quam
788 3700 922 3749 rationem
941 3699 994 3748 nisi
1014 3699 1096 3748 fallor
1114 3699 1160 3748 lric
1179 3713 1266 3748 annuus
1284 3697 1364 3748 cuius

220 3763 296 3812 uelut
318 3763 400 3812 index
424 3769 452 3812 et
476 3764 571 3814 titulus
595 3770 637 3814 est
654 3765 731 3830 Ulpii
756 3771 783 3814 et
805 3767 926 3816 Pontani
949 3767 1121 3828 consulatus,
1146 3766 1181 3816 eb
1205 3765 1363 3830 olympiade

220 3831 307 3896 prima
327 3830 508 3880 millensimus
527 3836 570 3882 ost
589 3839 616 3882 et
635 3839 748 3896 quartus
767 3835 899 3895 decimus,
920 3849 952 3884 ex
972 3833 1068 3884 diebus
1081 3833 1216 3884 duntaxat
1234 3833 1362 3891 aestiuis,

221 3899 319 3962 quibus
333 3913 406 3962 egon
419 3899 579 3964 Olympicus
598 3900 772 3960 celebratur,
795 3917 811 3950 a
830 3902 916 3951 Roma
936 3907 1028 3951 autern
1041 3901 1153 3951 condita
1166 3901 1364 3966 nongentenai·

221 3981 278 4016 mus
298 3967 511 4030 nonagensimum
529 3967 644 4031 primns,
665 3969 821 4033 etquidem
840 3986 873 4020 ex
892 3969 1041 4027 Parilibus,
1061 3970 1133 4018 unde
1146 3969 1222 4018 urbis
1236 3985 1290 4018 ann
1303 3969 1363 4018 inu·

221 4039 374 4093 merantur;
393 4033 417 4082 7.
432 4049 523 4084 eurum
536 4050 602 4084 uero
615 4051 746 4086 antrorum
766 4037 863 4102 quibus
881 4036 998 4086 Iulianis
1010 4052 1109 4086 nomeu
1129 4043 1170 4088 est
1188 4036 1364 4086 durentcusi-

221 4117 279 4150 mus
302 4101 507 4166 octogensimus
528 4103 638 4162 tertius,
664 4104 713 4154 sed
736 4119 769 4154 ex
793 4104 837 4154 dio
862 4103 924 4154 Kal.
950 4105 1155 4162 Ianuariarum,
1181 4103 1252 4154 unde
1275 4103 1364 4154 Iulius

221 4167 326 4218 Caesar
345 4169 410 4218 anni
429 4185 446 4220 a
464 4185 494 4220 se
513 4173 658 4220 constituti
676 4172 745 4222 iecit
763 4173 941 4237 principium,
960 4172 985 4222 8.
1006 4178 1036 4220 at
1054 4187 1146 4222 eornm
1165 4172 1210 4236 qui
1229 4177 1365 4236 uocantur

222 4235 287 4284 aurai
306 4237 489 4300 Arrguustorum
508 4238 730 4288 ‹lucentensimus
749 4242 956 4305 sexagensimus
974 4241 1096 4304 quintus,
1114 4239 1229 4304 perinde
1249 4255 1281 4288 ex
1299 4238 1363 4288 lial.

221 4303 297 4364 len,
320 4305 445 4367 quemuis
468 4321 500 4354 ex
524 4311 590 4356 ante
614 4307 686 4356 diem
709 4305 772 4357 xvl
795 4307 858 4358 Kal.
881 4307 963 4358 Febr.
987 4308 1137 4372 imperator
1166 4307 1273 4356 Caesar
1294 4306 1364 4356 Diui

221 4369 294 4420 tilius
312 4373 454 4422 sententia
472 4374 504 4424 L.
524 4374 633 4424 Munati
651 4374 749 4426 l‘lanci
773 4383 906 4426 asenatu
925 4375 1081 4440 ceterisque
1101 4375 1210 4426 ciuibus
1223 4375 1365 4438 Angustus
