3072 5064
338 413 572 458 srernnueara
596 415 685 458 maur
707 415 750 458 ur
773 413 859 458 aare
880 411 1083 458 acaeuoamr
1224 393 1282 459 ¹85

137 581 258 628 nenses,
277 571 309 616 at
322 581 382 617 cum
395 565 566 632 praecedens
577 567 663 618 Marti
682 572 756 618 esset
774 567 882 616 dicatus
900 563 952 616 deo
968 563 1126 632 plerumque
1143 564 1283 617 bominum

138 635 276 698 necaturi,
295 640 327 685 nt
343 635 478 712 llomepus
496 639 613 686 naturae
632 636 760 686 conscius
778 636 831 684 ait:

347 689 421 766 'Aper
438 704 509 766 Aper
527 695 689 768 βροτολοιγὲ
707 695 845 768 μιαιφόνε
862 699 1069 767 terramillam·

138 771 278 822 secundus
290 770 393 822 Veneri
408 771 562 832 dicaretur,
577 785 648 835 quaa
660 771 716 822 uim
730 772 789 822 eius
802 771 881 836 quasi
893 769 1020 820 benefica
1032 769 1141 820 leniret.
1167 768 1206 818 to.
1219 784 1284 819 narn

139 847 167 890 et
186 841 214 889 in
233 839 379 889 duodecim
398 838 505 888 zodiaci
524 839 625 905 signis,
651 853 762 904 qnorum
786 845 863 888 certa
887 843 1021 888 certorum
1044 838 1182 888 numinum
1200 837 1285 888 domi·

139 907 208 958 cilia
226 905 384 966 creduntur,
404 921 465 956 cum
483 907 598 972 primum
611 908 718 972 signnm
730 906 810 956 Aries
822 905 906 956 Marti
921 905 1083 970 adsignatus
1101 907 1147 969 ait,
1166 919 1285 970 sequena

139 992 201 1026 mox
214 975 353 1024 Venerem
366 974 393 1024 id
407 981 450 1024 eat
462 973 569 1024 Teuma
582 975 700 1039 accepit.
734 973 776 1023 ll.·
792 981 820 1024 et
832 981 923 1024 rursus
936 989 951 1024 e
969 975 1083 1040 regione
1095 973 1225 1039 Scorpius
1241 973 1284 1022 ita

139 1043 247 1094 diuisus
261 1049 312 1102 est,
332 1046 363 1091 ut
381 1042 432 1092 deo
452 1045 527 1092 esset
538 1043 646 1106 utrique
665 1043 825 1092 communis.
854 1057 907 1092 nec
919 1043 1083 1092 aestimatur
1095 1041 1203 1092 ratione
1217 1055 1281 1092 cae·

139 1111 205 1160 lasti
230 1124 328 1160 carere
351 1110 413 1175 ipsa
432 1109 547 1160 diuisio:
571 1109 706 1176 siquidem
725 1109 823 1161 aculeo
840 1109 917 1160 uelut
934 1111 1127 1175 potentissimo
1145 1109 1202 1160 telo
1220 1123 1284 1174 para

140 1183 251 1229 armata
270 1177 406 1243 posterior
423 1177 594 1228 domicillam
611 1179 711 1228 Martis
729 1184 781 1240 est,
800 1179 919 1242 priorem
936 1193 1003 1228 uero
1015 1183 1121 1244 partem
1134 1177 1180 1227 cui
1194 1168 1285 1240 Ζυγὸς

139 1246 213 1313 apud
232 1246 357 1297 Graecos
369 1261 467 1296 nomen
480 1251 536 1306 eat,
550 1261 600 1296 uos
612 1247 726 1296 Libram
735 1261 877 1309 uocamua,
889 1246 982 1296 Venus
995 1246 1113 1312 accepit,
1127 1259 1197 1310 qnae
1208 1244 1286 1294 uelut

139 1316 205 1380 iugo
224 1313 356 1364 concordi
373 1313 463 1378 iungit
479 1315 654 1364 matrimonia
673 1314 865 1378 amicitiasque
884 1315 1022 1380 conponit
1048 1311 1152 1362 121111
1172 1311 1285 1362 Cincius

138 1383 167 1432 iu
185 1397 220 1432 eo
238 1381 311 1430 libro
330 1393 409 1446 quem
427 1381 461 1430 de
480 1381 561 1432 lastis
578 1382 691 1446 reliquit
704 1383 745 1432 ait
756 1383 875 1447 inperite
893 1383 1024 1446 quendam
1043 1379 1151 1447 opinari
1162 1379 1285 1446 Aprilem

138 1465 262 1500 mensem
282 1449 412 1517 antiquos
430 1463 447 1497 a
466 1449 574 1500 Venere
592 1449 709 1510 dixisse,
734 1463 795 1500 cum
818 1449 910 1500 nullus
932 1449 992 1500 dies
1017 1450 1103 1500 iectus
1126 1447 1284 1512 nullumque

137 1516 311 1567 sacrificium
328 1517 437 1582 insigne
455 1517 557 1567 Veneri
576 1533 625 1582 per
641 1517 713 1568 bunc
731 1533 852 1568 mensem
866 1532 883 1566 1
894 1518 1046 1568 maioribus
1062 1517 1219 1566 institutum
1237 1515 1283 1576 sit,

138 1585 188 1634 sed
206 1600 242 1634 ne
266 1585 296 1634 in
315 1585 483 1634 carminibus
503 1585 611 1650 quidem
629 1583 766 1635 Saliorum
785 1585 900 1636 Veneris
922 1585 980 1634 ulla
996 1590 1028 1635 ut
1046 1590 1200 1634 ceterorum
1218 1598 1283 1632 cas·

138 1652 251 1702 lentium
264 1650 326 1702 laus
339 1651 504 1702 celebretur.
525 1651 563 1703 13.
578 1651 675 1703 Cincio
688 1654 772 1702 etiam
779 1653 867 1703 Varro
880 1655 1017 1704 consentit
1027 1652 1174 1702 adfirruans
1186 1665 1285 1700 nomen

139 1720 259 1770 Veneris
283 1735 317 1768 ne
339 1720 390 1770 sub
407 1720 518 1784 regibus
537 1721 646 1785 quidem
668 1720 740 1786 apud
757 1720 897 1772 Romanoa
912 1721 958 1771 uel
976 1721 1106 1772 Latinum
1129 1719 1175 1769 uel
1199 1719 1284 1768 Grae·

139 1803 201 1837 curn
214 1787 314 1847 inisse,
328 1792 358 1837 et
374 1787 437 1838 ideo
449 1803 504 1838 non
516 1791 639 1855 potuisse
652 1803 773 1838 mensem
787 1804 804 1839 a
815 1789 922 1838 Venere
935 1789 1079 1838 nominari.
1110 1786 1149 1836 14.
1162 1785 1211 1836 aed
1224 1801 1286 1836 cunr

140 1856 201 1905 iere
220 1860 289 1904 ante
308 1856 512 1919 aequinoctium
530 1871 647 1906 uernum
668 1857 747 1906 triste
765 1857 802 1906 sit
820 1857 927 1906 caelum
946 1861 974 1906 at
990 1855 1110 1906 nubibus
1128 1854 1285 1916 obductum,

139 1923 187 1972 sed
210 1929 240 1972 et
263 1937 341 1972 mare
364 1924 563 1988 nauigantibus
586 1924 722 1986 clausum,
746 1929 838 1974 terrac
861 1925 946 1973 etiarn
968 1925 1045 1990 ipsae
1070 1929 1118 1973 aut
1142 1937 1215 1988 aqua
1237 1925 1287 1970 ant

138 1991 240 2055 pruina
264 1995 314 2040 aut
334 1991 446 2041 niuibus
465 1997 647 2057 contegantur
670 2006 758 2055 eaque
776 1991 869 2042 omnia
891 2007 976 2042 uerno
999 1991 1027 2042 id
1051 1997 1094 2041 est
1115 1990 1168 2040 boc
1191 2002 1286 2039 mense

138 2059 313 2123 aperiantur,
333 2057 445 2108 arbores
463 2073 569 2124 quoque
581 2075 634 2109 nec
645 2060 735 2108 minna
748 2064 842 2109 cetera
861 2074 931 2123 quae
943 2060 1068 2109 continet
1085 2063 1160 2108 terra
1178 2056 1286 2122 aperire

138 2142 168 2176 ae
188 2129 219 2176 in
238 2141 352 2191 germen
371 2126 521 2191 incipiant:
546 2127 581 2176 ab
604 2127 648 2176 his
673 2128 799 2177 omnibus
820 2141 942 2178 manaem
964 2125 1086 2192 Aprilem
1109 2125 1165 2176 dici
1188 2125 1286 2174 marito

139 2193 310 2244 credendum
323 2197 366 2243 ast
382 2194 460 2258 qnasi
477 2195 624 2260 Aperilem,
637 2195 710 2245 sicut
722 2195 794 2259 apud
806 2193 989 2245 Athenienses
1001 2184 1201 2258 u’sdacrqpsobv
1213 2191 1285 2241 idern

140 2262 244 2312 mensis
261 2265 378 2310 uocatur
395 2261 431 2311 ab
450 2277 482 2312 eo
496 2263 566 2326 quod
578 2262 631 2312 hoc
641 2267 765 2328 tempore
778 2267 879 2312 cuncta
890 2263 1046 2311 florescant,
1071 2260 1111 2310 15.
1125 2263 1286 2310 nontamen

139 2332 228 2394 negat
240 2329 355 2379 Verrius
367 2328 485 2380 Flaccus
502 2330 555 2379 lroc
572 2330 617 2380 die
630 2334 728 2395 postea
740 2329 915 2381 constitutum
931 2334 962 2378 ut
973 2333 1116 2378 matronae
1127 2327 1230 2377 Veneri
1241 2339 1286 2376 aa·

139 2413 216 2448 crum
230 2397 373 2447 lacereut=
390 2398 467 2446 cuiue
485 2399 526 2448 rei
542 2411 655 2448 causam
670 2399 733 2462 quia
744 2397 809 2448 huic
821 2397 882 2448 loco
899 2411 954 2446 non
967 2397 1096 2446 conuenit
1107 2399 1285 2461 praetereun-

140 2465 202 2514 dum
217 2469 270 2514 est.
297 2462 337 2514 lo.
350 2465 452 2514 Maium
466 2465 595 2515 Romulus
608 2467 718 2515 tertium
750 2466 835 2527 osuit,
851 2465 886 2514 de
899 2465 975 2514 cuius
986 2464 1096 2514 nomine
1107 2463 1181 2513 inter
1192 2465 1286 2511 aucto·

141 2533 257 2582 resista
270 2531 406 2582 discensio
419 2537 469 2582 est.
487 2547 551 2582 narn
563 2533 677 2583 Fuluius
687 2481 811 2584 Nolilior
822 2533 850 2582 in
863 2533 944 2583 lastis
956 2547 1023 2597 qnos
1034 2533 1063 2582 iu
1077 2531 1145 2582 aede
1158 2523 1299 2580 Herculia'

140 2601 284 2650 Musarum
295 2599 387 2666 posuit
398 2599 540 2650 Romulum
553 2601 632 2662 dicit,
647 2605 791 2666 postquam
803 2601 930 2666 populum
941 2602 971 2649 iu
983 2600 1101 2650 maiores
1113 2598 1287 2661 iunioresque

140 2668 244 2730 diuisit,
257 2672 290 2716 ut
301 2667 391 2717 altera
402 2683 467 2733 pars
479 2668 595 2718 consilio
608 2669 696 2718 altera
708 2669 792 2719 armis
804 2668 1000 2734 rempublicam
1011 2671 1149 2728 tueretur,
1161 2666 1190 2715 in
1202 2665 1286 2714 hono·

141 2751 198 2786 rnrn
211 2735 355 2800 utriusque
367 2737 455 2800 partia
466 2735 538 2785 hunc
550 2737 653 2786 Maium
664 2741 826 2802 sequentem
838 2736 943 2786 Iunium
955 2751 1076 2786 mensem
1088 2747 1214 2784 uacasse.
1245 2731 1286 2780 17.

142 2810 206 2854 suut
224 2804 272 2868 qui
284 2803 357 2852 bunc
368 2819 490 2854 mensem
502 2803 538 2853 ad
549 2810 658 2854 nostros
669 2805 758 2854 fastos
774 2821 791 2854 a
802 2803 967 2854 Tusculanis
979 2803 1112 2854 transisse
1125 2816 1286 2852 commemo-

142 2877 212 2932 rent,
227 2871 301 2936 apnd
315 2885 382 2935 quos
394 2885 465 2921 nunc
478 2887 585 2936 queque
597 2877 713 2921 uocatur
724 2872 791 2922 deus
802 2873 893 2922 Maius
907 2872 951 2936 qui
965 2875 1008 2921 est
1018 2871 1135 2936 Iupiter,
1152 2885 1170 2919 1
1181 2868 1288 2932 111ςοί-

141 2940 239 2990 tudine
251 2937 363 2988 scilicet
375 2953 408 2988 ac
421 2940 567 2990 maiestate
580 2940 677 2990 dictus.
692 2939 732 2989 18.
743 2939 854 2990 Cincius
865 2955 987 2990 mensem
999 2939 1168 2989 nominatum
1179 2939 1259 3002 putat
1270 2951 1288 2985 a

142 3007 234 3065 idaia,
248 3021 331 3070 quam
344 3006 463 3056 Vulcani
475 3007 543 3056 dicit
554 3023 675 3070 urrerem,
688 3012 903 3073 argumentoque
915 3009 1013 3070 utitur,
1027 3006 1098 3071 quod
1110 3003 1287 3068 1111111111-

143 3074 251 3124 unalis
268 3073 404 3124 Kalendis
420 3075 502 3124 Maiis
519 3075 583 3125 huic
606 3075 676 3125 deae
698 3091 755 3125 rem
778 3075 900 3125 diuinam
917 3075 1000 3124 feeit:
1024 3074 1073 3124 sed
1094 3074 1158 3124 Piso
1176 3087 1288 3122 uxorem

142 3142 263 3192 Vulcani
273 3142 421 3192 Maiestam
430 3157 485 3192 uon
496 3143 599 3192 Maiam
612 3143 680 3192 dicit
689 3143 793 3193 uocari.
813 3141 852 3192 11).
864 3143 1031 3192 contendunt
1045 3142 1092 3191 alii
1103 3142 1207 3191 Maiam
1216 3140 1288 3189 bler-

142 3211 211 3260 curii
226 3215 342 3260 matrem
351 3211 438 3260 mensi
450 3225 550 3261 nomen
558 3211 678 3274 dedisse,
690 3209 755 3260 hinc
764 3211 884 3261 maxime
892 3210 1042 3275 probantes
1052 3210 1121 3274 quod
1131 3209 1183 3258 boc
1193 3215 1288 3258 mensa

143 3283 314 3328 mercatores
323 3291 417 3331 omnen
424 3277 516 3328 Maiae
525 3279 630 3344 pariter
638 3279 829 3342 Mercurioque
839 3278 1006 3328 sacrificant.
1020 3277 1062 3327 20.
1075 3277 1220 3342 adfirmant
1230 3275 1287 3340 qui·

143 3346 220 3404 dam,
245 3344 345 3409 quibua
363 3343 507 3396 Cornelius
529 3345 626 3396 Labeo
649 3347 801 3409 censentit,
824 3345 895 3396 bano
912 3347 1015 3396 Maiam
1033 3346 1077 3395 cui
1099 3359 1194 3394 meuse
1213 3341 1288 3392 Maio

143 3429 187 3464 rea
196 3413 295 3464 divina
305 3412 464 3462 celebratur
475 3419 577 3464 terram
587 3429 649 3464 asae
662 3414 715 3464 boc
727 3413 856 3480 adeptam
868 3429 968 3464 nomen
981 3429 998 3463 a
1010 3411 1208 3477 magnitudine,
1217 3410 1291 3458 sicut

145 3487 170 3530 et
187 3483 283 3532 blater
298 3481 401 3546 Magna
422 3481 451 3530 in
474 3483 561 3531 sceda
582 3486 709 3532 uocatur:
734 3482 973 3546 adsertionemque
997 3479 1198 3531 aestimationis
1220 3491 1289 3526 auae

145 3550 228 3599 etiam
245 3547 313 3598 binc
331 3547 463 3613 colligunt
480 3549 551 3613 quod
568 3563 613 3599 ans
625 3563 782 3615 praegnans
796 3549 822 3599 ei
834 3554 979 3611 mactatur,
993 3563 1064 3613 qnae
1076 3545 1167 3596 boetia
1179 3542 1290 3611 propria

146 3621 184 3666 est
198 3623 302 3666 terrae:
316 3619 344 3666 et
354 3617 520 3668 Mercurium
531 3617 594 3666 ideo
603 3617 644 3666 illi
653 3617 683 3667 in
692 3617 780 3668 111111
790 3617 902 3683 adiungi
911 3617 1014 3677 dicunt,
1028 3615 1092 3680 quia
1100 3629 1154 3662 uox
1164 3611 1290 3682 nascenti

144 3684 248 3735 bomini
266 3689 359 3734 terrae
378 3687 507 3734 contactu
519 3685 613 3744 datur,
635 3686 735 3736 scimus
749 3689 840 3735 autem
851 3685 1016 3736 Mercurium
1027 3681 1104 3732 uocis
1117 3686 1146 3731 et
1157 3679 1291 3730 sermonis

146 3757 297 3818 potentem.
321 3750 364 3800 21.
380 3747 530 3802 auctorest
543 3751 686 3802 Cornelius
698 3753 794 3803 Labeo
806 3753 870 3802 lrnic
883 3752 975 3802 Maiae
992 3751 1020 3800 id
1033 3755 1075 3800 est
1088 3755 1180 3798 terrae
1194 3747 1291 3797 aedera

145 3819 281 3870 Kalendis
290 3818 373 3868 Maiis
385 3819 541 3870 dedicatam
554 3820 604 3870 aab
615 3822 724 3872 nomine
737 3821 831 3871 bonae
842 3822 934 3870 Deae:
948 3824 976 3869 et
989 3817 1104 3870 eandem
1114 3831 1175 3866 ease
1186 3816 1291 3865 Bonam

145 3888 234 3938 Deam
249 3891 279 3936 et
291 3891 394 3936 terram
408 3903 443 3937 ex
455 3887 514 3952 ipso
533 3889 586 3937 ritu
605 3889 754 3938 occultiora
767 3903 905 3938 sacrorum
922 3887 1015 3937 doceri
1036 3899 1117 3950 posse
1135 3883 1291 3934 confirmat:
1323 3909 1330 3920 ·

145 3955 216 4006 banc
230 3954 349 4006 eandem
355 3955 460 4005 Bonam
469 3956 649 4021 Faunumque
660 3957 781 4021 etOpem
796 3961 824 4006 et
834 3955 953 4005 Famam
961 3953 1119 4020 pontificum
1131 3951 1210 4001 libris
1222 3949 1291 4000 indi-

146 4024 244 4088 gitari:
256 4022 299 4071 22.
313 4023 419 4072 lionam
433 4023 503 4087 quod
517 4023 634 4074 omnium
646 4024 726 4074 nobis
739 4023 887 4074 adulatum
901 4023 1034 4072 bonorum
1044 4035 1129 4071 causa
1142 4023 1197 4069 est:
1220 4018 1291 4067 Fau-

147 4105 208 4142 uanr
221 4089 295 4154 qnod
308 4091 381 4140 omni
393 4091 454 4140 usui
468 4092 645 4141 animantium
658 4092 750 4142 fauet:
763 4091 850 4156 Opem
863 4090 934 4155 quod
945 4091 1031 4155 ipsine
1043 4087 1145 4138 auxilio
1157 4086 1215 4136 rita
1228 4100 1292 4136 cen-

146 4165 215 4210 atat:
234 4157 354 4208 Famam
368 4172 384 4207 a
397 4157 482 4208 faudo
495 4159 566 4223 quod
577 4165 608 4208 ut
619 4175 703 4225 supra
715 4159 831 4208 diximus
844 4159 966 4208 inientes
978 4161 1059 4222 partu
1072 4155 1139 4205 editi
1150 4167 1205 4204 non
1217 4153 1293 4219 prins

145 4241 243 4276 uocem
256 4225 342 4276 edunt
354 4240 434 4291 quam
447 4227 592 4292 attigerint
603 4231 704 4277 terram
716 4241 739 4276 e.
753 4244 778 4292 q.
790 4241 812 4277 1.
829 4225 871 4276 30.
884 4227 977 4275 lunius
989 4225 1093 4274 Maium
1110 4222 1234 4286 seqnitur
1246 4225 1294 4270 aut

147 4309 179 4344 ex
196 4299 278 4360 parta
301 4293 397 4359 populi
419 4299 450 4344 ut
470 4309 554 4361 supra
570 4293 686 4346 diximus
711 4297 867 4344 nominatus
886 4299 933 4342 cut
949 4297 980 4341 ut
996 4291 1109 4341 Cincius
1133 4289 1291 4350 arbitratur,

147 4362 216 4427 qnod
234 4362 368 4411 Iunonius
386 4363 459 4428 apud
476 4363 592 4413 Latinos
614 4367 679 4412 ante
700 4361 839 4412 uocitatus
856 4361 957 4424 diuque
975 4359 1047 4426 apud
1064 4358 1191 4408 Aricinos
1208 4357 1293 4407 Prae·

145 4431 325 4494 mutamque
343 4428 397 4480 lrac
415 4429 602 4496 appellatione
614 4429 644 4482 iu
657 4429 745 4480 lautos
762 4428 867 4481 relatus
879 4429 924 4490 sit,
943 4427 1013 4478 adeo
1025 4431 1063 4488 nt,
1078 4427 1149 4476 sicut
1165 4425 1247 4476 Nisus
1264 4425 1293 4476 iu
