3190 5098
260 367 320 427 tte
597 389 819 436 orrarsrroum
841 390 1067 432 srsrourassn

259 539 359 596 omnia
373 539 484 617 repetit
494 547 528 596 ut
544 538 692 618 adpareat
707 560 773 599 cum
783 550 835 600 aut
850 543 904 600 illa
915 542 1099 602 scholiorum
1113 545 1291 604 recensione
1307 566 1399 626 qnam

257 641 368 700 Italam
382 661 474 720 supra
492 644 712 702 nominavimus
726 663 815 702 usum
832 663 916 718 esse,
942 651 994 702 aut
1010 645 1091 724 qnod
1111 655 1143 712 ut
1159 647 1281 706 credam
1299 649 1399 724 magis

259 743 374 802 animus
390 743 530 814 inclinat,
547 745 709 823 epitomem
724 745 859 806 sifuisse
874 745 1000 806 Suetoni
1016 755 1183 826 pratorum,
1202 769 1292 830 quam
1308 752 1399 808 etiarn

258 845 310 904 illo
328 846 379 925 qui
395 845 512 904 scholia
529 845 703 906 Germanioi
719 849 751 906 in
767 847 851 906 illam
865 847 992 908 formam
1007 849 1126 928 redegit
1140 843 1306 931 usurpavit.
1328 873 1400 911 nam

257 967 317 1006 non
335 939 531 1007 scholiastam
546 948 655 1008 Isidori
670 949 802 1030 origines
819 952 1017 1030 exscripsisse
1035 972 1070 1012 eo
1085 954 1166 1034 qnod
1187 953 1273 1032 plura
1287 952 1401 1013 habeat

259 1051 441 1110 declaratur.

308 1211 318 1223 ,
343 1153 418 1212 Post
444 1153 567 1231 longum
596 1152 817 1212 deverticulum
845 1153 884 1212 ad
906 1156 1079 1234 primarium
1102 1157 1217 1215 fontem
1238 1157 1399 1217 Suetoniu-

258 1277 364 1316 narum
380 1256 418 1315 de
431 1237 549 1314 naturis
560 1275 660 1314 rerum
671 1256 864 1335 reliquiarum
881 1256 1068 1316 redeundum
1085 1267 1140 1317 est.
1160 1259 1295 1318 Isidorus
1307 1261 1401 1337 igitur

259 1359 382 1418 easdem
406 1359 471 1417 fere
492 1358 688 1436 quaestiones
708 1358 863 1418 naturales
884 1367 996 1418 tractat
1016 1379 1091 1438 quas
1117 1363 1246 1440 scriptor
1261 1361 1399 1423 Graecus

258 1481 347 1542 quem
363 1459 559 1524 Plutarchum
571 1479 639 1517 esse
654 1459 757 1518 dicnnt
768 1448 800 1520 in
811 1461 934 1540 placitis
946 1460 1194 1539 pbilosophorum
1205 1462 1290 1523 libris
1301 1465 1399 1544 primo

259 1564 394 1625 secundo
416 1563 504 1622 tertio
528 1561 679 1640 proponit.
710 1561 764 1620 sed
786 1560 950 1620 intercedit
971 1563 1051 1620 inter
1068 1581 1120 1622 eos
1136 1562 1212 1623 haec
1229 1564 1401 1624 differentia

259 1665 340 1744 quod
352 1665 404 1723 ille
416 1685 535 1744 semper
548 1674 686 1724 auctores
698 1664 915 1725 sententiarum
926 1665 1070 1736 nominat,
1083 1663 1217 1724 Isidorus
1229 1667 1399 1728 nominibus

260 1787 364 1826 eorum
376 1768 548 1845 suppressis
561 1767 746 1843 generaliter
759 1787 811 1825 eos
823 1768 867 1824 sic
879 1766 944 1824 fere
959 1765 1124 1843 significat:
1135 1773 1263 1842 gentiles,
1277 1779 1398 1840 stateres,

259 1873 378 1943 antiqui,
389 1875 541 1943 sopientes,
552 1873 729 1943 philosophi,
742 1873 864 1944 physici,
878 1873 935 1939 atii,
947 1871 1071 1941 quidam.
1092 1889 1151 1948 qao
1165 1869 1324 1929 breviandi
1336 1881 1398 1930 stn-

260 1973 310 2031 dio
321 1975 486 2052 praecipue
496 1972 682 2032 Graecorum
694 1971 943 2049 pbilosophorum
954 1971 1098 2029 memoria
1114 1971 1216 2030 deleta
1231 1981 1286 2032 est.
1309 1975 1399 2032 unius

260 2075 396 2134 Platonis
411 2096 520 2135 nomen
533 2075 641 2150 fragm.
660 2071 733 2136 127*
748 2095 777 2152 p.
793 2082 857 2144 203,
870 2082 887 2135 8
899 2073 1044 2130 intactum
1054 2072 1185 2152 reliquit.
1205 2073 1314 2133 deinde
1327 2077 1399 2134 stoi-

260 2197 362 2238 corum
379 2179 491 2237 mentio
510 2179 615 2254 fragm.
636 2175 710 2240 137*
728 2195 758 2252 p.
781 2183 845 2245 213,
863 2179 878 2235 'i
898 2172 998 2232 odium
1018 2173 1082 2232 eius
1099 2183 1235 2234 veterum
1247 2177 1400 2236 nominum

259 2280 403 2358 subfugit.
425 2281 576 2340 interdum
590 2299 662 2338 vero
677 2277 763 2337 nobis
781 2275 928 2352 contingit
939 2285 971 2334 ut
983 2283 1105 2334 veteres
1118 2285 1256 2336 auctores
1273 2297 1399 2357 quorum

258 2385 380 2442 nomina
401 2385 467 2442 sine
488 2382 578 2441 dubio
600 2380 762 2441 Suetonius
780 2377 964 2456 adposuerat
987 2366 1137 2439 eruamus.
1178 2381 1400 2440 Anaximandri

259 2484 338 2542 enirn
360 2485 540 2543 sententiam
563 2483 698 2542 isidorus
720 2481 826 2557 fragm.
849 2477 922 2564 raet
944 2480 988 2537 sic
1009 2479 1139 2558 profert:
1175 2486 1227 2539 atii
1245 2493 1339 2540 aretem
1356 2487 1399 2542 ‹li-

258 2593 326 2644 cunt
340 2587 482 2660 defectum
498 2591 565 2645 sotis
578 2591 646 2660 ficri
658 2589 685 2642 si
699 2587 835 2658 [tuamen
851 2586 928 2638 ocris
946 2601 1001 2656 quo
1017 2589 1060 2640 sot
1077 2587 1176 2642 radios
1188 2585 1285 2656 surrdit
1305 2589 1399 2658 aliquo

257 2691 362 2762 spiritu
376 2691 568 2746 contrabatur
583 2693 643 2746 sius
659 2689 822 2746 obturetur}
856 2687 929 2741 haec
944 2688 1063 2759 physici
1082 2693 1111 2742 et
1130 2691 1275 2759 sopientes
1292 2691 1398 2745 dicunt.

259 2789 298 2846 cf.
316 2789 498 2847 Plutarchus
517 2789 596 2868 plac.
614 2790 724 2870 philos.
740 2788 772 2844 ll
788 2796 836 2848 Ἅι
870 2773 1115 2864 Ἀναξίμανδρος,
1136 2786 1189 2845 τοῦ
1210 2786 1330 2863 στομίου
1347 2788 1399 2862 τῆς

258 2889 312 2948 τοῦ
326 2877 421 2964 πυρὸς
437 2887 596 2965 διεκπνοῆς
610 2879 851 2964 ἀποκλειομένου.
884 2889 1002 2947 Latinis
1018 2889 1188 2950 nominibus
1201 2890 1322 2948 videtur
1337 2911 1398 2949 rna·

259 2991 305 3067 gis
330 2992 521 3069 pepercisse:
553 2995 597 3051 sie
618 2991 764 3052 Varronis
785 3009 892 3050 versus
914 3011 931 3048 e
953 2992 1085 3050 carmine
1108 2991 1146 3050 de
1169 3001 1278 3050 natura
1300 3013 1399 3051 rerum

260 3113 338 3172 quae
357 3089 481 3172 quidem
505 3103 553 3153 est
575 3115 643 3153 mea
658 3093 810 3152 sententia
827 3093 935 3169 fragm.
959 3091 1033 3154 125*
1056 3115 1085 3172 p.
1111 3079 1160 3156 197
1182 3095 1298 3172 profert
1322 3095 1399 3152 eins·

259 3195 390 3276 demque
416 3197 588 3254 testimonia
616 3196 654 3255 de
683 3197 851 3274 praesagiis
879 3195 952 3252 solis
977 3203 1007 3252 ct
1036 3195 1126 3254 lunae
1152 3217 1232 3277 quac
1259 3198 1289 3256 in
1314 3197 1398 3255 libris

259 3301 420 3360 navalibus
436 3308 581 3379 posuerat
596 3317 733 3377 premere
749 3298 855 3356 noluit.
891 3295 1003 3355 ibidem
1026 3297 1130 3373 Nigidi
1152 3319 1273 3378 quoque
1296 3307 1397 3357 aucto·

257 3403 377 3462 ritatem
395 3409 531 3480 usurpat.
554 3409 615 3459 tum
634 3399 790 3460 Ciceronis
811 3400 1013 3458 testimonium
1032 3398 1070 3457 de
1092 3399 1163 3478 polo
1186 3402 1269 3459 notio
1292 3403 1398 3478 fragm.

260 3506 334 3567 tat*
366 3526 395 3583 p.
428 3514 479 3567 205
507 3505 652 3562 servavit.
691 3503 803 3561 multus
835 3523 909 3562 vero
942 3511 988 3561 est
1015 3503 1045 3560 in
1078 3513 1237 3581 puetarum
1255 3501 1400 3562 Versibus

259 3607 463 3686 adpnnendir,
492 3625 615 3686 quorum
639 3605 770 3664 Ennium
797 3605 970 3662 Lucretium
993 3603 1158 3680 Vergilium
1180 3605 1325 3664 Suetonio
1348 3603 1398 3664 de·

258 3709 331 3769 bore
351 3709 488 3784 videtur,
508 3709 565 3768 nisi
589 3707 670 3788 quod
687 3727 745 3765 uno
762 3707 830 3764 loco
856 3706 963 3783 fragm.
987 3701 1061 3770 124*
1078 3728 1108 3786 p.
1128 3715 1192 3777 194,
1218 3717 1308 3787 ilsqq.
1323 3708 1399 3768 Ver·

258 3811 312 3888 gili
327 3832 433 3871 versus
450 3811 487 3870 de
504 3831 557 3869 suo
573 3809 728 3868 addidisse
745 3808 997 3887 deprehenditur,
1017 3809 1159 3887 quoniam
1181 3809 1283 3890 inepte
1301 3831 1353 3868 eos
1368 3810 1400 3868 in

259 3913 367 3993 quibus
381 3913 419 3972 dc
431 3913 515 3972 zonis
527 3931 623 3970 sermo
641 3911 739 3970 estad
757 3911 898 3988 regiones
910 3911 1013 3969 mundi
1028 3910 1235 3970 inlustrandae
1252 3910 1400 3970 adhibuit.

257 4015 339 4074 idem
351 4014 482 4074 studium
494 4023 651 4092 poctarum
666 4015 760 4072 movit
768 4012 918 4072 Isidorum
931 4022 964 4070 ut
975 4013 1090 4071 Lucani
1102 4031 1208 4072 versus
1221 4033 1311 4092 quem
1324 4013 1399 4073 Sue-

258 4115 358 4174 tonius
373 4124 455 4174 eertc
467 4135 528 4173 non
546 4113 727 4174 laudaverat
743 4115 782 4175 ad
799 4114 1016 4174 Suetonianam
1031 4114 1264 4193 disputationem
1279 4115 1401 4174 firman·

260 4216 328 4275 dam
344 4217 500 4276 insereret.
525 4237 585 4276 uno
597 4237 671 4276 vero
682 4218 749 4276 loco
762 4227 872 4296 poetae
886 4217 1004 4297 antiqui
1020 4218 1105 4276 cuius
1116 4237 1226 4276 nomen
1236 4217 1401 4276 Suetonius

260 4319 380 4376 dixerat
394 4317 524 4377 fortasse
536 4320 680 4378 Varronis
694 4319 732 4378 do
748 4329 857 4378 natura
876 4338 975 4377 rernm
992 4320 1113 4378 nonnisi
1131 4317 1312 4378 seutentiam
1332 4337 1402 4396 pro·

258 4418 318 4478 fert
330 4439 396 4479 cum
406 4421 527 4480 nomine
544 4421 634 4479 etiam
653 4422 946 4480 matrinamformam
963 4421 1158 4500 abstergens:
1174 4427 1203 4478 in
1221 4437 1328 4479 morem
1339 4424 1403 4479 cai·
