3188 5066
411 409 645 453 surrentinum
667 405 755 450 amru
778 407 821 448 oe
843 407 931 450 nuso
953 404 1157 449 nouauoava
1292 385 1352 448 179

210 559 282 610 ludis
300 557 491 610 ”ocularibus
508 558 622 607 saecula
641 575 670 622 a,
693 557 753 608 sola
776 557 894 607 nominis
919 557 1024 622 origine
1042 557 1183 620 inductus,
1202 557 1275 607 sciat
1292 569 1353 606 eae·

211 628 321 676 culares
346 626 401 675 dici
423 626 545 691 potuisse
570 625 641 690 quod
664 625 823 692 plerumque
847 625 932 674 corriel
954 623 1023 674 fiant
1048 624 1166 674 hominis
1191 631 1298 686 aetate,
1322 629 1353 672 ut

210 695 297 744 mults
316 693 374 744 alie
392 709 462 757 quae
481 707 545 741 rara
563 698 625 742 sunt
642 699 705 758 post
722 692 862 743 saeculum
882 693 991 742 euenire
1004 691 1172 756 loquentium
1186 691 1352 741 consuetudo

211 768 334 826 usurpat
371 761 425 809 Sed
443 763 532 810 nostri
550 761 667 810 maiores
685 761 755 826 quod
774 761 898 810 naturale
918 759 1058 809 saeculum
1072 765 1202 825 quantum
1221 765 1296 809 esset
1308 774 1352 808 cx-

210 831 347 895 ploratum
366 843 419 877 non
438 828 587 890 habebant,
609 828 690 877 ciuile
710 829 744 878 ad
763 833 865 878 certum
881 826 1016 878 modulum
1030 843 1160 878 annorum
1175 833 1283 878 centum
1297 831 1353 876 eta-

210 899 330 945 tuenmt.
367 896 446 944 testie
465 901 507 944 eet
524 897 600 958 Piso,
618 896 646 943 in
660 896 737 946 cuius
750 897 845 946 annali
858 895 974 960 septimo
987 896 1118 960 scriptum
1131 901 1174 945 est
1192 897 1247 946 sic:
1267 895 1353 944 Roma

210 965 324 1014 condita
342 979 414 1012 anno
432 962 481 1012 DC
501 963 644 1028 septimum
663 965 768 1028 accipit
786 965 926 1014 saeculum
945 964 987 1013 hie
1000 963 1156 1013 oonsulibus
1175 964 1220 1027 qui
1239 961 1353 1028 proximi

211 1037 275 1080 sunt
293 1030 428 1091 eonsules,
448 1032 485 1079 M.
509 1030 641 1079 Aemilius
660 1033 697 1080 M.
722 1031 741 1080 l.
765 1031 888 1096 Lepidus
912 1029 941 1079 C.
966 1031 1089 1096 Popilius
1113 1031 1137 1079 ll
1160 1032 1269 1080 absens.
1306 1029 1353 1078 sed

209 1105 241 1147 nt
259 1099 331 1147 hunc
349 1113 480 1147 annorum
498 1112 639 1147 numerum
658 1099 860 1148 constituerent
876 1099 977 1161 nostri,
1001 1113 1056 1148 non
1079 1097 1150 1148 nihil
1169 1113 1271 1148 causae
1291 1097 1353 1160 luit,

210 1167 327 1231 primurn
347 1165 417 1230 quod
434 1163 534 1215 multos
557 1181 663 1215 suorum
688 1167 788 1215 ciuium
812 1166 847 1216 ad
871 1166 942 1214 hunc
966 1171 1086 1215 aetatem
1110 1166 1260 1230 producere
1279 1165 1353 1215 uide·

212 1236 289 1295 bant,
309 1233 372 1282 dein
391 1233 461 1297 quod
480 1233 617 1296 Etruscos,
639 1248 749 1298 quorum
767 1235 856 1298 prima
878 1233 991 1283 saecula
1015 1241 1159 1284 centenum
1180 1235 1289 1282 suerunt
1308 1248 1355 1282 an-

211 1315 320 1361 norum,
342 1302 426 1350 etiam
445 1299 489 1350 hic
508 1306 539 1349 ut
557 1303 584 1349 in
604 1300 666 1350 aliis
679 1301 836 1366 plerumque
851 1301 954 1350 imitari
971 1301 1124 1350 uoluerunt.
1155 1301 1193 1350 le.
1207 1306 1354 1366 praetcrcn

212 1369 271 1418 lieri
289 1374 382 1433 potest
400 1368 470 1432 quod
487 1369 573 1417 refert
590 1369 691 1431 Varro,
722 1370 847 1433 quodque
866 1369 1044 1419 Dioscorides
1067 1369 1223 1433 astrologus
1246 1369 1353 1430 scribit,

212 1435 400 1486 Alexandriae
424 1437 496 1484 inter
520 1451 566 1485 eos
591 1438 636 1501 qui
654 1441 774 1486 mortuos
792 1436 895 1486 saliunt
913 1443 1039 1486 constare
1058 1437 1193 1486 hominem
1212 1437 1273 1501 plus
1292 1451 1354 1485 een-

212 1508 269 1552 tum
288 1517 375 1553 annos
392 1503 487 1552 triuere
506 1519 559 1552 nou
577 1519 670 1568 posse,
695 1503 776 1568 idque
801 1519 847 1554 cor
870 1504 1006 1553 hominum
1030 1504 1174 1553 declarare
1197 1519 1289 1553 eorum
1309 1505 1355 1566 qui

212 1572 315 1636 integri
335 1571 474 1636 perierunt
498 1571 556 1620 sine
582 1573 703 1636 corporIs
727 1571 805 1632 tebe;
830 1571 893 1620 Ideo
915 1571 985 1636 quod
1003 1570 1095 1621 multis
1114 1573 1193 1620 annis
1210 1571 1354 1636 pendendo

212 1653 261 1688 cor
283 1639 371 1688 omnis
395 1639 497 1687 aetatis
519 1639 690 1688 incrementa
713 1644 741 1688 et
763 1639 964 1689 deminutiones
988 1639 1147 1688 obseruent:
1180 1645 1207 1689 et
1233 1639 1356 1688 anniculi

212 1705 334 1770 pendere
353 1705 421 1755 duas
440 1705 597 1768 drachmas,
617 1707 683 1756 bimi
702 1711 844 1772 quattuor,
867 1711 895 1755 et
918 1707 958 1756 sic
977 1707 1005 1755 in
1025 1721 1110 1756 annos
1129 1706 1252 1772 singulos
1269 1721 1355 1770 usque

214 1774 249 1822 sd
268 1773 470 1840 quinquaginta
489 1773 624 1823 accedere
642 1773 737 1835 binae3
757 1774 791 1824 ab
811 1774 846 1823 iis
859 1781 967 1824 centum
980 1772 1117 1824 drachmis
1131 1775 1166 1824 ab
1179 1789 1264 1838 usque
1284 1789 1355 1823 nnrro

214 1842 460 1906 quinquagensimo
480 1841 545 1890 item
563 1841 697 1892 decedere
717 1842 746 1890 in
763 1857 925 1907 unoquoque
944 1843 1037 1903 binas;
1057 1857 1091 1891 ex
1110 1858 1161 1906 quo
1180 1844 1355 1908 perspicuum

213 1911 250 1958 sit
263 1910 434 1958 centensimo
448 1923 519 1958 anno
537 1908 627 1958 redire
647 1910 681 1958 ad
701 1911 765 1958 anni
784 1910 865 1974 primi
877 1910 980 1974 pondus
992 1925 1044 1960 ncc
1057 1910 1164 1976 longius
1178 1911 1264 1960 uitam
1275 1925 1356 1974 posse

213 1977 373 2042 producere.
417 1975 455 2025 15.
480 1977 615 2038 Quoniam
643 1977 728 2042 igitur
757 1976 840 2026 nialla
870 1977 1051 2027 Rornanorum
1079 1978 1218 2028 succulum
1248 1983 1355 2027 centurn

214 2045 296 2093 annis
324 2043 498 2108 transigitur,
523 2044 594 2093 scire
623 2043 689 2094 licet
711 2045 741 2094 in
768 2044 874 2095 decimo
898 2045 1009 2094 saeculo
1039 2051 1067 2094 et
1096 2046 1210 2110 primurn
1233 2045 1356 2094 natalem

214 2117 290 2160 tuum
313 2111 400 2161 fuisse
422 2117 451 2160 et
474 2111 634 2161 hodiernum
657 2127 726 2162 esest
763 2117 826 2176 quot
851 2117 942 2162 autem
971 2112 1085 2162 saecula
1102 2113 1164 2162 rrrlri
1188 2113 1290 2163 Rornae
1309 2113 1355 2162 ‹le-

215 2180 344 2242 beantur,
367 2178 460 2228 dicere
478 2193 567 2228 meum
585 2195 638 2228 non
657 2187 711 2229 cst:
737 2181 785 2228 sed
808 2181 872 2244 quid
891 2179 962 2244 apud
981 2179 1131 2230 Varronem
1149 2179 1277 2243 legerim,
1302 2196 1356 2230 non

213 2248 327 2308 tacebo,
352 2247 399 2312 qui
421 2246 490 2296 libro
509 2247 705 2310 antiquitatum
727 2247 967 2297 duodeuicensiino
991 2248 1032 2296 ait
1055 2248 1139 2296 fulsse
1163 2247 1285 2297 Vettium
1303 2248 1355 2297 uo·

213 2331 276 2364 mae
300 2316 329 2362 ln
353 2315 465 2379 augurio
488 2329 542 2364 non
566 2315 714 2380 ignobilem
737 2316 849 2380 ingenio
872 2330 971 2380 magno
998 2315 1087 2363 carinis
1110 2315 1227 2364 doctiori
1250 2315 1278 2364 in
1302 2315 1356 2364 dis-

214 2383 352 2448 ceptando
375 2397 481 2448 parem3
518 2397 579 2432 eum
601 2397 631 2431 se
655 2382 764 2432 audisse
789 2383 941 2442 dicentem,
964 2383 988 2431 si
1011 2382 1052 2432 ite
1076 2389 1149 2432 esset
1167 2387 1197 2430 ut
1215 2383 1357 2432 traderent

214 2450 340 2499 historici
368 2449 401 2498 de
430 2449 537 2498 ltomuli
564 2447 640 2500 urbis
663 2450 823 2500 condendae
848 2449 969 2514 auguriis
997 2465 1030 2499 aa
1053 2449 1104 2498 XII
1127 2450 1262 2510 uulturiis‚
1293 2465 1356 2514 quo-

215 2519 290 2566 niam
309 2517 384 2566 CXX
402 2533 488 2568 annos
507 2517 649 2568 incolumis
667 2519 860 2583 praeteriisset
878 2517 992 2582 populus
1010 2517 1161 2579 Romanus,
1182 2518 1217 2567 ud
1236 2517 1311 2567 mille
1330 2525 1357 2568 et

215 2585 348 2635 ducentos
366 2591 568 2650 peruenturum.
605 2586 705 2635 XVIII.
733 2586 877 2636 Hactenus
900 2585 1001 2634 dictum
1025 2585 1058 2635 de
1077 2585 1202 2634 sacculo:
1227 2601 1299 2635 nunc
1323 2585 1356 2636 cle

216 2656 296 2702 annis
314 2653 463 2702 maioribus
481 2653 585 2716 dicem,
609 2667 721 2720 quorum
744 2653 903 2720 magnitudo
927 2653 996 2702 adeo
1020 2652 1129 2702 diuersa
1153 2659 1208 2702 tarn
1228 2653 1357 2719 gentibus

210 2722 365 2770 obseruata
384 2735 464 2785 quam
483 2721 641 2771 auctoribus
659 2722 763 2771 tradita
783 2727 838 2781 est,
863 2727 892 2770 ut
916 2720 964 2770 alii
984 2736 1084 2770 anuum
1103 2736 1231 2784 magnum
1250 2736 1310 2770 esse
1329 2723 1357 2770 in

216 2789 297 2838 annis
313 2789 484 2838 cortentibus
508 2788 622 2851 duobus,
642 2787 692 2838 alii
714 2789 742 2837 in
760 2788 854 2839 multis
866 2789 975 2838 milibus
994 2804 1124 2838 annorum
1144 2789 1273 2838 arbitrati
1292 2791 1356 2838 sint.

216 2857 287 2920 quod
300 2856 380 2920 quale
393 2857 431 2905 eit
443 2857 497 2904 iam
510 2856 574 2906 hinc
593 2857 712 2906 conabor
730 2856 880 2907 absoluere.
912 2857 937 2906 2.
955 2857 1070 2906 Veteres
1082 2858 1111 2906 in
1125 2856 1244 2906 Graecia
1258 2858 1357 2906 ciuita-

216 2932 259 2974 tes
278 2939 338 2973 cum
356 2924 623 2985 animaduerterent,
647 2923 708 2973 dum
732 2925 773 2974 sol
797 2939 887 2973 annuo
911 2939 990 2974 eursu
1013 2925 1107 2974 orbem
1125 2939 1201 2974 sunm
1220 2925 1356 2982 circumit,

217 2992 309 3041 lunam
330 3007 429 3042 nouam
453 2992 589 3042 interdum
606 2991 744 3042 terdecies
763 2993 862 3042 exoriri
881 2993 962 3056 idque
981 3007 1066 3057 saepe
1086 2992 1200 3042 alternis
1219 2991 1291 3053 lieri,
1318 3009 1357 3040 nr·

217 3059 316 3119 bitrqti
333 3067 396 3109 sunt
412 3059 524 3110 lunares
541 3060 684 3109 duodecim
702 3075 810 3109 menses
834 3065 862 3108 et
880 3059 1051 3110 dimidiatum
1075 3061 1109 3110 ad
1129 3075 1229 3110 annum
1246 3067 1358 3109 natura·

217 3127 271 3176 lern
290 3128 447 3178 conuenire,
482 3127 576 3245 itapue
595 3142 681 3177 annos
700 3127 797 3178 ciuiles
815 3129 856 3177 sic
875 3130 1039 3186 statuerunt,
1060 3133 1091 3178 ut
1108 3127 1298 3178 intercalando
1317 3130 1358 3178 ia·

217 3201 312 3245 carent
329 3196 450 3244 alternos
468 3195 520 3245 duo
541 3196 611 3245 seim
629 3209 763 3259 mensum,
784 3195 903 3245 alternos
922 3195 1068 3259 tredecim,
1092 3201 1233 3261 utrumque
1258 3195 1358 3245 annum

216 3268 376 3328 separatum
398 3267 566 3326 uertentem,
592 3264 700 3314 iunctos
725 3264 804 3313 ambo
828 3279 928 3312 annum
953 3279 1079 3328 magnum
1098 3270 1239 3313 tranantes.
1278 3264 1357 3327 idque

217 3336 324 3396 tempus
342 3330 487 3380 trieterida
505 3329 698 3396 adpellubant,
723 3331 792 3395 quod
810 3332 894 3380 tertio
913 3346 1018 3395 qrroque
1038 3347 1110 3380 anuo
1129 3329 1358 3392 intercalabatur,

218 3400 343 3462 quamuis
361 3399 467 3448 biennii
486 3399 618 3448 emunitus
638 3403 666 3448 et
683 3413 781 3448 reuera
799 3399 913 3448 dleteris
932 3405 1018 3460 esset3
1037 3398 1108 3448 unde
1128 3399 1267 3463 mysteria,
1289 3413 1358 3462 quae

216 3467 320 3516 Libero
337 3467 410 3532 patri
428 3465 541 3516 alternis
559 3466 627 3516 fiunt
646 3467 739 3530 annis,
757 3467 900 3517 trieterica
919 3481 935 3514 a
953 3465 1042 3530 poetis
1061 3465 1194 3515 dicuntur.
1225 3464 1249 3515 3.
1263 3473 1359 3530 postea

218 3535 330 3600 cognito
348 3549 440 3583 errore
457 3533 509 3583 hoe
527 3539 634 3600 tempus
658 3535 833 3600 duplicarunt
851 3541 879 3584 et
897 3534 1078 3584 tetraeterida
1096 3534 1235 3583 lecerunt:
1259 3533 1307 3582 sed
1331 3539 1359 3582 ct

219 3615 280 3652 earn
293 3602 363 3666 qnod
376 3601 470 3666 quinto
483 3617 587 3667 quoquc
607 3617 679 3651 anno
697 3603 806 3652 redibat
823 3601 1015 3667 pentaetcrida
1027 3602 1215 3651 nominabant.
1247 3601 1291 3664 qui
1311 3615 1357 3650 an·

218 3686 268 3720 nus
287 3684 402 3735 magnus
415 3686 448 3718 ex
460 3669 638 3734 quadriennio
652 3671 817 3720 commodior
830 3671 904 3719 uisus
917 3675 959 3719 'est
977 3687 993 3717 a
1010 3685 1027 3717 a
1039 3669 1105 3719 solie
1118 3684 1217 3718 annruu
1232 3675 1359 3718 constare

219 3753 252 3788 ex
270 3739 366 3788 diebus
385 3737 530 3787 CCCLXV
548 3742 576 3787 ct
593 3737 648 3787 diei
673 3744 752 3803 parte
776 3738 888 3794 circiter
911 3743 1022 3801 quarta,
1048 3751 1118 3802 quae
1142 3751 1224 3785 unum
1247 3737 1275 3784 in
1294 3751 1358 3800 qua·

219 3805 372 3855 driennium
390 3805 463 3854 diem
482 3805 637 3855 conficeret.
674 3806 698 3854 4.
719 3821 801 3870 quare
821 3821 894 3872 agon
913 3808 986 3854 etin
1010 3805 1089 3856 Elide
1108 3805 1168 3856 Ioui
1186 3803 1313 3868 Olympio
1332 3809 1360 3852 et

218 3875 322 3923 Romae
341 3873 499 3938 Capitolino
517 3875 613 3938 quinto
632 3887 737 3938 quoque
757 3889 828 3924 anno
848 3872 1012 3924 celebratur.
1048 3871 1099 3922 hoc
1119 3878 1223 3937 quoque
1243 3877 1359 3936 tempus,

219 3943 290 4006 quod
309 3941 344 3991 ad
362 3941 428 3992 solis
446 3941 524 3991 modo
543 3957 650 3991 cursum
673 3957 725 3992 nee
751 3943 785 3992 ad
803 3942 884 3992 lunae
904 3957 1055 4008 congruere
1072 3939 1219 3989 uidebatur
1237 3939 1359 4004 duplica-

218 4016 276 4058 tum
295 4015 338 4058 est
355 4015 383 4058 et
401 4010 550 4060 octaeteris
570 4009 647 4060 iacta
664 4023 735 4074 quac
753 4016 819 4060 tunc
838 4010 1013 4060 enneaeterie
1025 4008 1159 4070 trocitata,
1179 4008 1244 4072 quia
1258 4007 1359 4072 primus

220 4079 280 4127 eius
297 4092 386 4126 annus
404 4093 475 4128 nono
494 4093 600 4142 quoque
620 4093 692 4128 anno
711 4077 827 4128 redibat.
857 4078 882 4126 5.
895 4078 967 4128 hune
987 4077 1130 4127 circuitum
1148 4091 1241 4124 nerum
1261 4089 1360 4124 annum

219 4161 348 4212 magnum
367 4161 427 4196 esse
444 4147 575 4212 pleraque
595 4145 714 4204 Graecia
733 4147 915 4209 existimauit,
941 4146 1011 4210 qaod
1034 4159 1066 4193 ex
1091 4143 1170 4192 annis
1188 4141 1360 4192 uertentibus

220 4213 315 4263 solidis
333 4219 483 4275 constaret,
501 4219 531 4262 ut
549 4213 656 4279 proprie
675 4215 704 4263 in
723 4229 794 4264 anno
811 4229 911 4280 magno
923 4213 983 4264 fieri
996 4227 1045 4278 par
1065 4217 1115 4260 cst.
1139 4225 1201 4259 narn
1221 4210 1279 4259 dics
1298 4213 1361 4258 srrnt

220 4280 301 4330 solidi
312 4281 555 4344 llDCCCCXXII,
574 4296 682 4332 meuses
700 4282 782 4332 solidi
800 4297 854 4332 uno
866 4282 956 4332 minue
977 4285 1094 4339 eentum,
1115 4278 1233 4343 annique
1250 4282 1360 4328 uerten-

221 4355 262 4398 tes
281 4349 362 4399 solidi
381 4353 452 4399 octo.
483 4349 555 4399 hunc
574 4349 747 4400 octaetorida
764 4349 848 4414 uulgo
867 4349 999 4400 creditum
1020 4352 1062 4396 est
1080 4347 1115 4396 ab
1129 4345 1240 4396 Eudoxo
1259 4345 1359 4394 Cnidio

221 4417 389 4480 institutam,
408 4417 457 4468 sed
470 4417 520 4467 alii
532 4417 715 4468 Cleostratam
727 4417 879 4468 Tenediam
897 4417 1011 4482 primum
1025 4417 1116 4464 serunt
1129 4415 1313 4479 composuisse
1334 4418 1362 4460 et

1092 4513 1156 4576 12*
