3138 5100
481 397 509 438 r.
526 395 965 439 assecurari-conuersraarvs
1229 378 1291 440 485

155 569 235 632 qnae
251 551 379 609 novavit
393 548 518 609 aliunde
534 549 648 622 hausit,
672 548 759 608 fonte
779 569 851 608 usus
873 550 963 609 modo
990 549 1136 610 mediocri
1158 559 1189 610 et
1202 551 1293 611 Vrbi·

155 653 235 712 natis
258 653 349 712 simili
368 660 401 712 nt
427 655 766 731 p.3l‚12dcspectus‚
790 651 880 710 modo
903 653 1041 732 proxime
1063 652 1231 712 accedente
1254 653 1292 712 ad

155 755 328 814 ParisiniA
349 753 568 833 praestantiam
589 764 622 812 ut
636 773 667 832 p.
683 761 716 815 at
725 798 732 826 ,
752 757 950 827 ripaeorum
963 761 1062 828 putat,
1085 765 1134 827 31,
1151 767 1167 817 5
1183 761 1292 830 inpres-

153 877 233 924 sum,
257 867 305 930 34,
325 860 462 924 llicim'o,
484 865 566 929 35st
587 860 745 914 terentium.
782 857 862 916 Nam
887 875 942 915 sua
968 864 1079 935 sponte
1104 857 1294 936 intellegitur

155 979 248 1018 unum
263 957 399 1047 codicem
415 977 482 1018 esse
497 958 643 1038 potuisse,
661 959 713 1038 qui
725 959 862 1018 Asclano
878 967 1001 1036 praesto
1018 959 1118 1032 fuerit,
1134 957 1217 1018 bona
1232 979 1289 1018 ma·

155 1062 192 1122 lis
208 1062 395 1120 miscentem.

237 1163 400 1236 ¹simillima
420 1169 511 1242 atque
533 1163 614 1221 inter
629 1163 758 1222 Veteres
775 1171 805 1220 et
819 1161 967 1222 Aldinam
987 1163 1064 1222 ratio
1091 1162 1294 1243 conditioque

154 1265 236 1324 iuter
250 1263 396 1324 Aldinam
413 1273 443 1322 et
457 1265 630 1324 Parisinam
646 1262 812 1323 editionem
834 1263 1001 1323 intercedit
1023 1285 1041 1322 a
1056 1263 1191 1324 Robcrto
1209 1265 1294 1324 Ste-

155 1367 282 1446 phano
298 1375 437 1446 paratam
452 1386 534 1425 auno
553 1375 628 1430 1529.
665 1367 769 1424 Pausa
790 1365 920 1426 fortasse
938 1385 953 1424 e
970 1365 1124 1426 deteriore
1147 1365 1223 1425 libro
1242 1367 1293 1426 de·

155 1479 297 1550 prompta
319 1477 390 1528 sunt
410 1477 444 1527 ut
464 1488 495 1546 p.
509 1476 585 1541 27,6
606 1477 633 1526 et
653 1471 810 1534 cornelius,
837 1476 885 1540 28,
904 1477 917 1528 l
939 1471 1019 1541 ipsus
1038 1471 1173 1526 sublatis:
1200 1469 1293 1527 multo

155 1572 321 1652 platanon
340 1589 357 1629 e
373 1569 511 1650 perbono
527 1578 657 1644 tantum,
680 1567 736 1629 sed
759 1589 775 1628 e
796 1578 857 1628 tam
873 1570 962 1628 simili
978 1570 1091 1629 veteris
1107 1571 1240 1629 I‘arisini
1262 1578 1294 1629 ut

156 1694 219 1733 nou
242 1674 339 1752 possit
359 1693 421 1732 nou
443 1693 499 1751 pro
523 1671 632 1731 eodem
652 1671 768 1732 haberi.
813 1673 1005 1731 Documento
1032 1658 1109 1730 haec
1130 1681 1235 1732 sunto:
1263 1693 1293 1751 p.

156 1783 205 1849 Ἠ,
225 1783 257 1837 ll
273 1778 321 1846 ob,
342 1783 423 1848 29‚5
446 1777 584 1841 omnium,
608 1777 761 1846 ascribat,
784 1781 959 1844 tremeler,
981 1777 1043 1837 oid
1057 1783 1113 1848 est,
1138 1783 1170 1835 10
1184 1793 1294 1832 summo

156 1894 284 1952 qaoque,
305 1883 353 1949 32,
375 1880 546 1942 tuendam,
569 1884 649 1950 34st
673 1880 753 1943 item,
775 1885 793 1938 8
811 1885 841 1934 tu
861 1879 890 1934 r'n
905 1873 1093 1956 summis[s]o,
1115 1885 1163 1950 35,
1185 1879 1294 1946 abibo,

156 1991 172 2042 5
198 1984 227 2037 in
249 1983 367 2038 actione.
413 1977 482 2057 Quo
504 1979 602 2038 minus
626 1977 731 2038 dubito
756 1978 794 2036 od
815 1980 915 2058 ipsum
936 1979 1108 2036 Parisinum
1131 1981 1156 2034 A
1179 1978 1293 2038 referre
1403 1994 1407 2004 ·

158 2101 236 2162 quae
253 2079 292 2140 de
309 2089 428 2140 vetusto
445 2080 578 2160 quodam
595 2061 761 2158 exemplari
783 2099 837 2139 suo
855 2079 1084 2159 Stephanus'in
1100 2079 1294 2158 praefatione

157 2181 302 2262 prodidit.
347 2181 395 2242 Ibi
412 2183 494 2241 enim
514 2191 676 2263 postquam
691 2183 817 2241 Donati
830 2181 1061 2240 commentarios
1083 2191 1145 2240 turn
1168 2181 1295 2262 primum

156 2285 357 2358 instauratos,
388 2282 536 2362 discretos
558 2283 796 2364 distinctasque,
821 2285 854 2342 in
876 2281 1016 2342 ordinem
1038 2302 1123 2340 suurn
1143 2283 1294 2356 redactos,

157 2409 176 2446 a
198 2386 377 2466 corruptelis
400 2385 560 2458 liberatos,
591 2386 749 2464 suppletus
773 2385 919 2462 gloriatus
943 2393 1002 2456 est,
1031 2385 1132 2463 pergit
1160 2386 1192 2443 in
1214 2385 1296 2443 hunc

157 2489 293 2550 modum:
317 2487 486 2548 ‘Postremo
503 2488 638 2568 reposita
653 2507 764 2566 graeca
779 2485 877 2567 prope
894 2488 1010 2560 omnia,
1035 2507 1090 2565 pro
1115 2485 1223 2566 quibus
1239 2507 1295 2544 aa·
1349 2559 1352 2566 Δ

156 2591 246 2651 tehac
269 2591 371 2650 excusi
393 2589 514 2648 codices
537 2589 653 2650 lacunis
677 2587 741 2648 fere
764 2575 933 2648 scatebant.
970 2581 1062 2648 Haec'
1080 2589 1161 2646 enim
1184 2587 1295 2648 laboris

157 2713 229 2774 pars
253 2691 469 2773 operosissima
492 2691 566 2750 luit:
593 2711 659 2750 cum
685 2691 716 2748 in
739 2698 859 2749 vetusto
882 2689 1051 2768 exemplari
1072 2709 1162 2750 manu
1182 2690 1295 2768 scripto

159 2793 257 2874 (quod
287 2793 375 2853 nobis
409 2801 474 2852 erat
506 2813 545 2852 ex
570 2792 652 2852 dono
680 2791 787 2853 Iodoci
813 2789 905 2868 Badij
933 2793 1039 2870 optimi
1065 2792 1163 2850 soceri
1188 2793 1294 2864 nostri,

158 2897 258 2976 deque
274 2895 396 2974 optimis
418 2894 529 2974 studijs
549 2895 582 2954 in
605 2894 687 2954 omni
708 2895 773 2953 vita
791 2891 874 2952 bene
894 2890 1008 2969 meriti)
1031 2893 1159 2952 obscura
1179 2901 1297 2954 tautum

157 3006 310 3058 restarent
336 2997 467 3074 vestigia
492 3017 669 3075 graecarum
694 2997 863 3056 literarum:
895 3015 990 3075 quac,
1023 2996 1081 3060 nisi
1108 2993 1146 3054 ab
1172 2995 1296 3054 homine

158 3101 275 3181 perito,
299 3097 430 3156 diuinari
452 3119 515 3158 non
531 3107 684 3177 poterant.
730 3097 817 3175 Quae
840 3099 943 3157 omnia
961 3099 994 3156 in
1017 3099 1154 3156 fauorem
1176 3106 1207 3155 et
1227 3097 1295 3156 sub-

159 3187 268 3262 sidiur'n
288 3199 493 3259 studiosorum
513 3201 668 3279 praestitit
687 3199 811 3280 quidam
831 3207 950 3270 noster,
973 3198 1033 3258 imo
1055 3199 1220 3258 communis
1243 3219 1296 3277 op·

159 3306 224 3364 timi
250 3304 396 3383 cuiusque
423 3301 558 3373 amicus‚'
578 3298 689 3378 graeci*¹
718 3319 753 3358 ae
778 3298 874 3360 latine
902 3300 1109 3360 doctissimus:
1137 3301 1189 3380 qui
1216 3301 1297 3358 hanc

158 3404 294 3484 suscepit
310 3402 557 3464 emendationem
573 3403 700 3481 antiquo
716 3401 786 3474 illo,
811 3421 901 3480 quern
925 3401 1004 3475 dixi,
1028 3401 1217 3480 potissimum
1237 3401 1295 3460 fre·

158 3517 206 3568 tus
229 3505 408 3584 archetypo.
453 3503 545 3564 Cuius
572 3503 664 3562 fidem
686 3503 743 3561 etsi
769 3503 801 3561 in
827 3503 1002 3582 plaerisque
1028 3509 1148 3562 secutus
1176 3511 1236 3562 est:
1264 3503 1296 3560 in

159 3609 296 3690 plurimis
312 3617 415 3666 tamen
431 3615 478 3665 est
492 3625 563 3665 usus
580 3607 754 3664 coniectura
770 3625 839 3664 sua:
862 3613 1015 3664 caeterum
1037 3625 1099 3664 non
1123 3605 1191 3664 sine
1212 3624 1295 3662 acer·

159 3712 251 3784 rimo,
282 3730 341 3790 quo
363 3707 521 3786 inprimis
543 3707 702 3786 praeditus
724 3717 785 3780 est,
813 3703 946 3766 iudicio!
990 3705 1051 3766 Vbi
1077 3707 1167 3776 ‘Quae
1193 3704 1295 3764 omnia'

160 3834 226 3872 cum
242 3811 329 3884 dicit,
354 3829 416 3868 non
433 3809 472 3868 ad
489 3809 609 3870 Graeca
623 3817 741 3868 tantum
762 3809 816 3868 illa
832 3807 1033 3887 Stephanum⁴
1047 3809 1217 3886 respicere,
1240 3807 1296 3866 sed

160 3916 249 3974 simul
271 3912 311 3972 ad
332 3920 450 3972 ceteras
477 3911 702 3971 emendationis
723 3919 826 3990 partes
847 3919 939 3968 antea
960 3919 1220 3982 commemoratas,
1247 3929 1295 3967 res

160 4018 231 4096 ipsa
255 4016 401 4094 loquitur.
446 4011 588 4072 Ceterum
615 4013 698 4072 illum
725 4011 894 4092 ‘quendem
922 4019 1072 4083 nostrum,
1103 4012 1163 4070 imo
1190 4011 1297 4090 optimi

161 4119 306 4198 cuiusque
322 4116 449 4174 amicum
465 4135 574 4192 graece
597 4134 632 4172 ac
652 4113 747 4173 latine
769 4113 991 4172 doetissimum'
1013 4111 1141 4172 Iacobus
1157 4113 1294 4192 Bernay·

160 4220 222 4280 sius
238 4219 408 4297 suspicatur
423 4236 486 4274 nou
503 4215 594 4274 alium
609 4216 668 4274 nisi
685 4215 868 4284 Guilelmum
882 4214 1075 4274 Budaeum
1091 4235 1169 4274 esse.

156 4317 159 4326 '
245 4321 320 4378 Post
337 4309 527 4396 Stephanum
549 4317 589 4376 ad
611 4317 835 4376 emendandam
856 4317 937 4376 hanc
956 4317 1050 4376 vitam
1071 4315 1297 4396 perpaucafvel

161 4421 342 4482 Desiderius
362 4419 540 4478 Erasmus
570 4419 602 4477 in
623 4418 797 4478 Basileensi
817 4416 1015 4477 Frobeniana
1042 4417 1218 4490 anni·1532‚
1244 4417 1295 4475 vel
