3190 5098
636 407 643 430 ,
687 377 790 418 earrr
815 379 839 419 11
1268 369 1327 426 455

188 525 219 583 Il
230 533 280 586 234
293 525 411 602 (lragrn.
429 524 501 600 tls),
518 548 596 608 quae
613 548 679 586 enm
693 532 884 589 consentiunt
895 532 1099 611 etymologica
1112 544 1173 593 tum
1191 539 1254 596 eins
1267 557 1329 598 me·

188 629 311 686 moriam
324 627 463 706 explent,
482 640 586 708 aperte
601 641 758 690 testantur.
787 653 855 692 curn
866 635 957 710 igitur
967 647 1099 710 constet,
1113 637 1151 695 ah
1169 639 1329 698 llustathio

188 730 365 790 Suetonium
377 727 443 804 περὶ
459 731 656 810 βλασφηιιιῶν
670 745 846 812 usurpatum
862 730 945 809 ossei
962 747 1044 796 recte
1058 739 1225 816 liegentins
1243 762 1272 818 p.
1290 747 1328 814 17,

133 903 139 912 ¹
189 851 280 913 quem
299 832 352 891 illa
366 832 489 912 (pridem
506 834 663 911 fugerunt,
681 835 720 894 ad
736 837 816 896 hunc
832 837 940 896 librom
959 858 996 896 ea
1011 840 1141 913 rettulit,
1158 863 1235 922 (puae
1252 845 1328 902 Ens-

189 933 302 992 tathius
326 933 363 994 ll.
380 934 474 994 VlllI
492 945 544 998 tea
567 935 688 1014 (fragm.
714 937 798 1014 175*)
815 941 858 998 sic
876 941 1032 1019 praefatus
1048 943 1178 1020 profert:
1208 947 1330 1004 τοιαῦτα

191 1030 288 1094 δὲκαὶ
306 1027 379 1112 άπερ
401 1035 460 1094 τῶν
483 1059 525 1106 τις
546 1041 680 1097 παλαιῶν
704 1037 791 1098 ἔθετο
811 1039 1032 1119 παραδείγματα
1052 1043 1251 1121 βλασφημιῶν
1271 1046 1330 1104 τῶν

122 1217 128 1232 ¹
189 1125 248 1194 άπὸ
262 1123 404 1212 άριθμοῦ.
432 1141 462 1198 in
477 1141 586 1220 quihus
599 1143 690 1201 etiam
702 1145 873 1222 partitionis
886 1145 1090 1204 Suetonianae
1105 1146 1248 1206 indicium
1262 1167 1329 1207 rer·

189 1237 236 1297 bis
251 1238 309 1297 τῶν
323 1227 382 1298 άπδ
399 1228 534 1317 ἀριθμοῦ
551 1253 703 1302 serratum
727 1255 783 1308 est.
820 1255 953 1305 cetorum
979 1247 1107 1306 eandem
1127 1249 1206 1308 hanc
1228 1249 1329 1309 obser·

190 1342 342 1400 rationem
364 1343 544 1404 Eustathius
569 1347 660 1424 paulo
683 1339 861 1406 inmutatain
889 1355 918 1405 et
941 1359 1060 1406 auctam
1087 1353 1199 1428 repetit
1222 1351 1281 1412 Orl.
1304 1335 1357 1410 V'

190 1451 258 1515 306,
285 1463 375 1523 quem
401 1445 499 1504 locum
525 1468 592 1506 cum
615 1449 654 1506 ad
681 1449 787 1526 fragm.
816 1451 886 1512 ns*
906 1449 1094 1529 perscribere
1113 1451 1284 1511 debuissem
1300 1453 1331 1510 in

190 1543 278 1603 huius
291 1546 506 1622 neglegentiae
523 1548 688 1609 remedium
707 1553 756 1611 hie
778 1552 920 1631 adposui:
961 1548 1056 1610 ι’στέον
1083 1549 1114 1612 δὲ
1140 1543 1184 1610 ὅτι
1205 1549 1241 1608 αλ
1260 1566 1330 1610 σνν-

190 1642 288 1716 θέσεις
304 1647 355 1704 τοῦ
386 1645 449 1725 τρὶς
475 1645 671 1727 ἕπιρρήματος
700 1649 769 1713 ποτὲ
790 1651 860 1729 μέν,
893 1643 931 1725 ῶς
953 1651 1001 1712 καλ
1026 1645 1154 1732 άλλαχοῦ
1182 1645 1331 1728 ἐδηλώθη,

190 1735 360 1824 αὐτόχρημα
380 1741 484 1826 τριάδα
499 1750 639 1827 δηλοῦσιν
657 1747 695 1825 ῶς
711 1751 742 1812 ἐν
759 1755 801 1838 τῷ
817 1749 1012 1832 τρισμάκαρες
1030 1754 1080 1816 καλ
1099 1749 1231 1832 τετράκις
1250 1745 1332 1813 καθά
1351 1739 1355 1748 ’

192 1849 323 1926 εἴρηται,
348 1849 417 1912 ποτὲ
439 1851 470 1912 δὲ
488 1855 604 1929 πλῆθος
625 1857 832 1933 σημαίνουσιν.
870 1849 909 1929 ῶς
931 1854 963 1915 ἐν
982 1859 1039 1940 τῶ·
1069 1856 1131 1934 τρὶς
1152 1853 1207 1938 γάρ
1230 1853 1335 1936 μύριοί

191 1951 263 2023 εἰσι,
294 1945 365 2026 παρ’
390 1945 533 2037 Ἡσιόδῳ·
571 1955 622 2016 καὶ
646 1955 750 2042 ἐντῷ·
786 1948 851 2018 ἀλλ’
877 1943 900 2018 ai
924 1959 1167 2036 τρισκεκορημλνε
1189 1959 1332 2037 Σμερδί,

191 2043 272 2132 παρά
282 2045 488 2132 Ἀνακρέοντι·
504 2051 597 2136 ἤγουν
613 2051 754 2130 πολλάκις
771 2055 995 2138 ἕκσεσαρωμένε.
1027 2057 1095 2118 καὶ·
1115 2055 1213 2121 Θάσον
1233 2051 1333 2136 δὲτὴν

192 2147 378 2234 ιρισολζνρὴν
393 2151 495 2232 πόλιν,
516 2150 586 2234 παρ’
604 2151 779 2238 Ἀρχιλόχῳ·
812 2152 877 2235 ἤτοι
892 2151 945 2236 τὴν
962 2161 1028 2220 λίαν
1041 2155 1172 2238 οἰζοράν.
1202 2153 1279 2222 οὗτοι
1301 2159 1333 2223 δὲ

192 2254 242 2316 καὶ
262 2249 278 2316 ὁ
298 2253 435 2336 γράψας,
457 2253 501 2318 ὅτι
522 2261 629 2339 στίγεον
651 2259 702 2321 καὶ
723 2260 819 2322 πέδων
841 2261 944 2333 δοῦλος
959 2255 974 2320 ὃ
990 2261 1160 2340 στιγματίας
1176 2261 1226 2322 καὶ
1242 2263 1332 2338 πεδη-

192 2360 273 2432 θείς,
289 2354 369 2436 παρά
382 2355 602 2438 Ἀριστοφάνει,
622 2355 683 2439 μετ’
707 2353 790 2442 ὀλίγα
809 2361 883 2442 λέγει
898 2354 944 2422 ὅτι
968 2363 1112 2442 τριπὲδων
1134 2354 1150 2422 δ
1172 2363 1333 2436 τρίδουλος,
1353 2411 1358 2422 .

193 2457 243 2520 καὶ
265 2453 309 2532 ῶς
330 2483 389 2522 πον
410 2457 584 2543 προεγράφη
605 2467 770 2546 τρίκρανος.
803 2459 950 2538 Ἱππῶναξ
974 2462 1005 2524 δὲ
1034 2455 1225 2542 δπεραναβάς
1247 2458 1334 2526 τοῦτο’

193 2581 300 2638 φησιν·
314 2551 396 2641 άφλω
410 2567 516 2626 τοῦτον
527 2559 578 2626 τὸν
596 2563 787 2629 ἕπτάδουλον.
802 2572 863 2640 τοὶς
881 2565 910 2626 δὲ
926 2556 1062 2646 ἀνωτέρω
1076 2565 1214 2646 ῥηθεῖσιν
1230 2557 1334 2642 ὅμοιον

194 2665 244 2728 καὶ
264 2657 297 2726 ιδ
310 2659 492 2745 τρισεξῶλης.

280 2771 398 2848 Quibus
415 2770 592 2848 fragmentis
614 2772 757 2832 docemur
776 2774 961 2832 Graecorum
984 2792 1106 2853 quoque
1122 2770 1281 2830 verborum
1303 2771 1335 2830 in

195 2875 288 2953 pratis
305 2877 451 2935 rationem
466 2873 601 2932 habitam
618 2895 695 2933 esse.
729 2885 819 2955 atque
836 2877 869 2932 iu·
881 2875 927 2933 his
942 2875 1092 2954 Pamphili
1109 2885 1138 2932 et
1154 2873 1335 2953 Zopyrionis

194 2977 354 3054 glossario,
372 2979 420 3036 cui
436 2967 544 3054 λοιμῶν
561 2980 735 3058 inscriptum
753 2986 833 3050 erat,
852 2980 1030 3037 Suetonium
1049 2997 1135 3036 usum
1151 2997 1220 3036 esse
1238 2977 1333 3056 suspi-

196 3101 257 3138 cor.
276 3101 346 3138 uam
363 3079 443 3158 apud
454 3081 654 3160 Hesyelrium‚
673 3101 764 3161 quern
777 3083 833 3138 etsi
849 3101 909 3138 uon
921 3081 1218 3158 ipsumanphilnm
1234 3087 1335 3136 tamen

106 3253 110 3260 ι
196 3181 259 3240 eius
277 3184 505 3261 epitomatorem
521 3183 744 3258 Diogeuiannm
759 3203 858 3240 rursus
871 3184 1060 3261 excerpsisse
1079 3191 1211 3252 constat,
1233 3181 1270 3239 tle
1281 3171 1334 3255 ἆρ-

196 3277 367 3357 γολιπάροις
391 3284 499 3344 eadem
523 3287 728 3362 proferuntur:
766 3275 972 3360 appallateam·
1012 3281 1044 3339 οἱ
1065 3283 1258 3361 λιπαροῦντες
1285 3280 1336 3338 ἴνα

194 3377 322 3458 άρξωσιν
339 3373 360 3459 ἦ
376 3381 406 3442 ἐκ
422 3385 474 3444 τοῦ
485 3377 586 3463 άρχειν
602 3375 814 3461 λιπαινόμενοι.
842 3407 941 3465 nequo
957 3397 1058 3443 tamen
1077 3393 1123 3442 est
1138 3401 1190 3442 cur
1206 3383 1335 3454 dubites,

196 3489 318 3568 quinia
338 3490 395 3548 hae
411 3511 532 3570 qnoque
552 3497 705 3568 pratorum
725 3496 811 3565 parte
830 3487 957 3545 Latinas
980 3486 1193 3563 grammaticus
1209 3485 1335 3542 Latinas

196 3591 365 3650 huiusmodi
379 3613 471 3652 voces
484 3591 648 3670 praecipuo
662 3601 710 3648 aut
724 3591 788 3668 pari
801 3587 1115 3668 studio'pertractarit.
1133 3587 1214 3668 qrrorl
1228 3587 1252 3644 si
1266 3607 1335 3644 con-

198 3694 342 3765 cesseriS,
358 3693 545 3752 labefactata
558 3695 613 3752 erit
626 3693 718 3752 Rothi
731 3694 896 3764 sententia,
910 3692 1122 3772 'l'ranqnillnm
1136 3691 1215 3748 hunc
1229 3675 1336 3747 librum

199 3795 318 3854 Graece
338 3776 505 3874 scripsisse.
537 3796 566 3854 in
579 3797 706 3874 proclivi
725 3817 799 3854 saue
818 3805 882 3854 erat
894 3795 932 3854 ad
945 3795 1023 3852 hanc
1036 3796 1210 3874 opinionem
1225 3789 1336 3860 delabi,

198 3917 266 3958 cum
281 3899 331 3956 vel
350 3899 403 3957 illa
419 3890 622 3974 άρχολιπάρου
645 3899 808 3978 explicatio
830 3897 979 3979 quomodo
997 3897 1105 3956 Latine
1128 3895 1210 3952 elato
1228 3893 1267 3950 sit
1286 3893 1337 3948 vix

198 3999 294 4061 dicas.
326 3999 456 4059 sednon
473 4003 549 4060 vidit
570 4002 712 4078 llotlrius,
736 4022 796 4060 aon
812 4001 911 4072 vereri
930 3998 1106 4057 Suetonium
1124 3997 1253 4055 Latinae
1271 4013 1336 4052 ora·

197 4105 272 4162 tioui
295 4106 321 4162 si
344 4123 391 4162 res
415 4113 554 4182 posceret
580 4103 701 4164 Graeca
721 4103 815 4162 verba
838 4101 1036 4180 Graecaeque
1057 4099 1224 4172 sententias
1246 4099 1337 4156 inter·

198 4226 321 4286 ponere.
356 4207 451 4266 voluti
468 4209 498 4265 in
513 4207 703 4286 praefatione
725 4206 764 4266 acl
778 4215 936 4284 poetarum
952 4203 1060 4262 librum
1079 4201 1265 4260 Graecarum
1286 4219 1337 4256 vo-

199 4329 267 4368 cum
294 4309 496 4388 etymologias
524 4331 667 4368 enarrans
696 4329 755 4366 non
782 4308 932 4367 dubitavit
954 4304 1129 4363 necessitati
1151 4301 1277 4374 pellere,
1306 4307 1340 4358 ut

200 4411 321 4470 Graeca
337 4412 431 4471 verba
451 4413 640 4502 mansilium
658 4421 794 4470 voearet.
828 4411 867 4469 cl.
884 4431 911 4489 p.
933 4418 966 4480 6,
984 4417 1015 4468 ⁸2:
1047 4409 1209 4481 trnpoedr'a,
1232 4415 1262 4462 nt
1277 4407 1337 4477 prri-
