3190 5098
248 278 310 342 398
579 297 802 348 orsusrronus
821 298 1046 340 svuroumusr.

249 450 392 511 cribatur.
439 453 543 531 itaque
573 449 639 510 fere
671 449 807 510 adducor·
835 459 868 510 ut
893 471 959 510 cum
984 450 1117 529 Berglrio
1143 451 1164 512 l.
1190 471 1215 510 c.
1236 449 1295 510 boc
1321 449 1385 529 epi-

249 560 378 612 metrum
402 573 440 612 ex
464 551 722 616 diveraadiversi
745 554 902 632 scriptoris
923 552 988 612 rita
1008 551 1199 632 desumptum
1228 572 1295 612 esse
1320 571 1384 610 cre-

248 653 326 712 dam.
358 663 450 736 atque
472 655 571 735 possis
587 655 665 716 adeo
681 655 846 734 suspicari,
864 653 1068 716 Suetoniauae
1083 657 1166 714 vitae
1183 653 1384 730 fragmentum
1454 645 1456 650 ’

246 755 296 814 hio
311 766 465 816 servatum
480 778 549 818 esse
564 757 656 836 plane
674 758 705 815 in
720 755 849 816 eundem
870 755 1005 830 modum,
1029 777 1088 837 quo
1109 758 1141 816 in
1162 754 1247 814 libris
1267 755 1384 814 Lucani

247 859 329 918 vitae
360 861 601 920 commentatoris
632 859 705 920 vita*
722 859 910 919 Suetouiauu
942 861 1012 918 item
1041 859 1178 918 mutilata
1206 857 1383 919 subiciatur.

247 959 303 1018 aad
320 979 385 1020 cum
403 983 461 1021 non
477 965 572 1022 ausim
588 963 646 1022 hac
662 961 700 1022 dc
715 982 748 1021 re
762 971 876 1022 certum
890 959 964 1041 quid
977 959 1153 1032 decemere,
1168 958 1246 1018 illud
1262 957 1385 1038 quidem

247 1081 302 1140 pro
319 1062 476 1141 explorato
492 1065 607 1138 habeo,
624 1067 729 1144 inepta
744 1064 797 1123 illa
811 1064 907 1124 verba
923 1067 975 1122 sed
989 1081 1056 1120 mox
1073 1071 1104 1122 ut
1122 1082 1140 1120 o
1160 1063 1257 1120 sclrola
1281 1063 1383 1134 mouis-

246 1168 355 1238 trisque
379 1169 508 1236 disertit,
530 1186 610 1248 quae
630 1171 661 1226 in
683 1167 830 1246 principio
854 1164 1054 1224 additamenti
1077 1163 1233 1241 leguntur,
1253 1162 1384 1239 ineptius

248 1265 339 1324 ctiam
359 1286 378 1324 a
396 1266 518 1328 librario
534 1268 666 1351 quodam
682 1267 788 1328 addita
808 1287 894 1339 esse,
915 1266 1024 1347 quibus
1044 1266 1154 1325 mortui
1170 1265 1259 1325 Persi
1272 1282 1383 1324 memo·

246 1367 320 1426 riam
338 1388 405 1428 cum
420 1372 565 1430 memoria
579 1365 641 1430 vivi
660 1371 867 1447 coniungeret.

332 1467 470 1530 Vidimus
493 1474 584 1550 igitur
603 1474 697 1532 vitam
718 1473 834 1532 Lucani
855 1470 1023 1532 mutilatam
1046 1458 1182 1549 suppleri
1202 1473 1383 1526 commentu-

247 1571 320 1629 toris
335 1571 414 1644 vita,
437 1576 490 1652 qui
509 1575 687 1634 Suetonium
710 1573 897 1646 adhibuerit,
918 1591 1021 1632 rursus
1039 1571 1219 1631 tenuitatem
1239 1570 1382 1649 reliquia·

247 1691 312 1730 rum
337 1691 415 1752 quae
441 1672 479 1732 de
500 1675 563 1734 vitu
586 1676 673 1735 Persi
697 1686 875 1755 supersunt
904 1673 1084 1753 conpensari
1105 1671 1267 1752 antiquiori
1291 1669 1383 1731 Probi

248 1774 326 1846 vita,
349 1793 409 1854 qua
430 1775 496 1854 ipse
512 1777 674 1838 Suetonius
696 1797 768 1837 usus
790 1779 837 1837 sit.
870 1779 929 1837 iarn
951 1777 1034 1834 vitae
1053 1774 1250 1850 Vergilianae
1268 1773 1384 1832 iactura

249 1873 363 1954 duplici
386 1876 474 1936 modo
497 1887 600 1957 potest
623 1880 775 1957 reparari:
804 1889 835 1938 et
856 1877 1034 1959 antiquioris
1059 1876 1203 1936 Suetonio
1226 1875 1309 1934 vitae
1331 1891 1381 1932 ax·

248 1978 360 2056 cerptis
390 1985 420 2038 et
440 1979 505 2038 vita
527 1979 656 2053 Donati,
682 2001 771 2060 quam
798 2001 817 2040 a
842 1981 969 2042 Suetoni
995 1979 1175 2038 anctoritate
1196 1975 1330 2055 pendere
1352 1975 1383 2034 in

248 2087 352 2158 aperto
374 2081 422 2139 ait.
460 2081 568 2161 quibua
591 2083 808 2161 supplementis
830 2081 985 2142 commode
1011 2079 1131 2138 additur
1145 2079 1209 2137 vita
1223 2077 1339 2155 Vergili
1365 2098 1383 2136 a

246 2181 332 2240 Foco
347 2185 553 2260 'grammatico
579 2183 661 2244 urbis
684 2186 800 2244 Romae
825 2182 964 2243 versibus
990 2181 1081 2242 edita.
1123 2181 1188 2240 vita
1210 2179 1301 2256 igitur
1328 2177 1381 2238 illu

247 2283 390 2343 Suetonio
412 2287 563 2366 antiquior
589 2286 802 2345 commentario
825 2285 995 2363 anteposita
1020 2291 1082 2355 eat,
1112 2282 1196 2340 cuius
1224 2281 1382 2360 plurimam

246 2392 363 2465 partem
382 2387 447 2445 iure
463 2386 568 2446 Valeri
579 2387 673 2446 Probi
684 2407 792 2446 nomen
805 2407 878 2466 prae
898 2406 931 2445 ae
950 2387 1031 2445 ferre
1050 2383 1221 2443 O.Iahnius
1236 2384 1267 2442 iu
1284 2381 1382 2462 prole·

246 2488 384 2564 gornenis
399 2486 440 2546 ad
454 2489 593 2547 Persium
605 2509 635 2566 p.
652 2487 754 2548 CXLI
766 2509 832 2568 sqq.
848 2487 1081 2546 demonstravit:
1103 2485 1246 2564 quocirca
1257 2484 1296 2543 ad
1310 2504 1381 2544 euu-

249 2586 317 2646 dem
332 2598 488 2648 auctorem
499 2590 592 2648 vitum
610 2590 727 2648 referre
744 2588 845 2647 nullus
862 2587 976 2647 dubito.
1011 2588 1095 2646 cuius
1114 2585 1294 2658 emendatio,
1312 2585 1383 2666 quia

248 2687 376 2748 eandem
392 2689 543 2748 fortunam
561 2710 653 2768 passa
669 2698 716 2750 est
733 2699 824 2770 atque
840 2689 989 2750 I’crsiana
1003 2689 1082 2761 vita,
1100 2687 1207 2747 eadem
1221 2687 1382 2768 prudentia

246 2789 433 2848 instituenda
462 2799 517 2848 est.
562 2791 644 2870 quod
671 2811 737 2850 curn
763 2791 883 2850 Keilius
910 2788 1104 2866 neglegeret,
1132 2789 1194 2850 tale
1218 2799 1382 2850 monstrum

247 2892 417 2964 sententiae
433 2893 606 2970 procreavit
626 2914 656 2972 p.
672 2901 720 2966 52,
738 2905 845 2972 seqq:
867 2895 901 2949 P.
926 2894 1067 2966 Vergilius
1081 2892 1167 2950 Mure
1185 2903 1271 2952 notus
1290 2896 1382 2952 idibus

249 2993 415 3050 Octobribus
437 2994 541 3052 Crasso
566 3005 592 3052 et
614 2997 747 3068 Pompeio
769 2997 931 3051 consulibus
950 3003 1042 3050 matre
1066 2995 1165 3068 Μαρία
1189 2997 1271 3054 Pollu
1295 3003 1382 3068 patre

247 3098 355 3152 rustico
378 3099 407 3152 iu
428 3098 490 3154 uico
516 3097 656 3166 Andibus,
687 3099 737 3170 qui
756 3097 870 3154 obusta
891 3097 1013 3156 Mantua
1034 3101 1110 3155 milia
1132 3115 1273 3170 passuum
1293 3099 1384 3156 XXX

247 3199 325 3254 tenui
348 3196 490 3269 facultate
515 3201 649 3254 nutritus.
690 3217 799 3275 nempe
825 3207 894 3256 sunt
915 3199 994 3258 duae
1018 3201 1203 3270 sententiae,
1230 3219 1306 3278 quas
1330 3217 1380 3257 ex·

248 3304 368 3375 cerptor
382 3317 443 3356 non
457 3305 519 3356 tarn
537 3299 744 3376 pronuntiavit
763 3319 852 3378 quam
868 3300 1016 3376 signavit,
1039 3309 1072 3359 ut
1092 3309 1162 3379 post
1180 3303 1273 3358 XXX
1289 3301 1380 3360 iuter·

246 3397 439 3476 pungendum
464 3401 513 3458 sit.
551 3407 683 3460 ceterum
712 3401 791 3460 sicut
817 3402 882 3478 ipse
913 3402 1144 3460 commentarius
1167 3399 1381 3460 emblematum

246 3497 332 3558 labes
351 3501 459 3574 traxit,
486 3501 530 3560 ita
553 3521 652 3580 neque
676 3502 746 3562 huic
769 3503 851 3560 vitae
873 3505 1011 3582 quamvis
1032 3502 1119 3562 brevi
1137 3502 1380 3581 interpolatrioes

246 3619 352 3660 uranus
377 3609 546 3681 paruerunt.
584 3623 600 3662 e
625 3605 761 3680 margine
787 3603 865 3662 enim
889 3605 1083 3683 inrepserunt
1106 3625 1143 3665 ea
1166 3604 1295 3683 quaein
1321 3603 1380 3662 fine

246 3705 329 3762 vitae
349 3711 454 3763 extant
468 3725 499 3783 p.
517 3713 568 3776 54,
588 3716 693 3785 lsqq.:
718 3709 793 3778 quod
808 3715 836 3763 ct
856 3707 976 3766 Seruius
998 3710 1092 3766 Varus
1111 3710 1164 3766 boc
1182 3715 1304 3766 testatur
1321 3710 1379 3778 cpt-

245 3815 420 3880 grammate:

373 3913 499 3968 iusserat
512 3911 584 3966 baec
600 3912 712 3981 rapidis
727 3911 837 3968 aboleri
850 3913 981 3969 currrr’nu
994 3913 1118 3984 flammis

455 4011 610 4084 Vcryilr'us,
628 4013 785 4084 Pbrypr'um
802 4029 876 4084 quac
891 4015 1020 4069 ccciuere
1035 4017 1143 4071 ducem.

377 4113 471 4170 Tuccu
486 4120 565 4170 uetat
587 4113 747 4186 Variusque
762 4116 862 4176 simulr
885 4122 915 4170 tu
930 4119 1055 4172 maxime
1071 4117 1178 4174 Cuesur

447 4231 504 4272 uon
520 4216 569 4272 tibi
583 4216 634 4271 sed
650 4216 749 4272 Latiae
764 4219 890 4274 consulis
905 4217 1052 4274 historiae.

245 4331 322 4392 quos
352 4332 459 4374 versus
489 4335 548 4374 nou
575 4314 664 4376 Servi
689 4316 764 4376 Vari
790 4317 845 4378 sed
871 4318 989 4396 Sulpici
1015 4317 1281 4394 Karthaginiensis
1312 4335 1388 4396 esse,
