3162 5058
387 429 507 474 cerrus
530 430 705 476 aaaroavn
730 428 887 475 vnasravs
912 429 1117 475 conseruere
1267 419 1324 484 301

248 580 397 644 omnibus
419 579 478 644 has
499 579 603 646 le'ctor
621 582 824 666 coniungens
846 581 1014 646 mensibus
1036 579 1132 645 horas

247 703 327 768 quos
351 692 505 766 superant
527 684 633 769 spatio
653 681 841 746 umbrarum
864 681 1024 746 cedantne
1044 680 1166 746 uidete.

249 783 310 847 hoc
331 789 441 846 tamen
464 784 499 847 in
518 785 631 870 primis
648 805 787 848 noscens
810 784 963 866 retineto,
987 782 1074 870 quod
1097 783 1187 847 orbis

247 883 398 948 diuersae
415 893 525 970 partes
547 884 658 948 uarias
677 884 818 949 forment
838 905 967 972 quoque
988 895 1102 948 metas.

247 1005 321 1048 nam
343 1007 428 1067 qnae
449 987 559 1052 uicino
581 995 746 1052 torrentur
766 985 834 1049 sole
857 983 918 1049 sub
939 994 1101 1067 austrum,
1134 1007 1141 1020 ·

247 1095 284 1150 ut
305 1109 399 1172 mage
422 1086 493 1152 luce
514 1089 636 1170 nitent,
658 1088 810 1152 minimas
833 1087 881 1151 sic
901 1087 1037 1173 gignere
1056 1096 1194 1174 possunt

246 1187 395 1252 umbras:
439 1209 523 1274 quae
544 1187 663 1254 boreae
686 1187 873 1276 frigentque
893 1190 1064 1276 iacentque
1082 1189 1144 1252 sub
1164 1211 1242 1272 axe,

246 1298 340 1353 noete
361 1291 466 1376 magis
489 1289 588 1375 longa
608 1291 817 1376 tenebrisque
835 1298 1026 1378 premuntur
1047 1291 1175 1378 opacis:

246 1413 329 1478 quae
352 1391 467 1456 mediis
489 1392 531 1456 ab
553 1401 691 1476 utroque
713 1389 878 1455 absistunt
898 1391 1046 1478 partibus
1069 1415 1147 1474 axe,

246 1496 331 1557 inter
356 1502 529 1581 utrumque
548 1495 645 1558 etiam
669 1491 775 1556 lucem
797 1492 1008 1558 moderantur
1028 1502 1060 1556 ct
1082 1495 1226 1560 umbras.

246 1617 323 1680 ergo
347 1617 425 1680 age,
449 1597 477 1658 si
500 1593 648 1660 subiecta
671 1593 833 1680 legentem
855 1595 978 1680 pagina
999 1593 1101 1659 lector

246 1706 278 1760 te
300 1703 423 1776 mouet,
445 1695 530 1760 hanc
552 1694 609 1759 iila
630 1697 764 1782 regione
787 1695 942 1782 probabis
965 1695 1099 1784 abipso

245 1797 402 1862 Danubio
423 1795 606 1883 Hesperiae
626 1800 747 1882 primos
769 1819 834 1885 qua
854 1798 963 1882 uergit
985 1797 1027 1860 ad
1049 1809 1155 1864 ortus:

245 1899 473 1986 Lugdunoque
495 1899 576 1963 urbe
598 1906 631 1962 et
653 1899 803 1964 Rhodani
824 1899 980 1963 distincte
1002 1898 1133 1966 fluentis

245 2001 381 2088 respicit
403 1999 526 2066 Oceani
549 2000 726 2065 interfusas
749 2002 827 2066 orbe
848 2000 1036 2066 Britannos.

246 2103 306 2167 hoc
329 2125 457 2190 quoque
479 2113 512 2167 te
535 2104 621 2167 iuste
642 2101 792 2166 horarum
816 2123 969 2166 mensure
990 2105 1149 2182 monebit,

244 2204 434 2270 umbrarum
458 2213 564 2268 motus
583 2205 697 2289 primis
718 2227 758 2268 ne
779 2205 865 2268 sorte
886 2203 1049 2269 Kalendis

148 2329 158 2340 ·
242 2328 367 2394 ponere
389 2318 422 2370 et
443 2304 485 2369 ad
507 2303 604 2368 finem
628 2305 712 2369 uelis
734 2303 914 2392 perducere
936 2308 1068 2370 mensis.

244 2431 319 2472 nam
342 2407 449 2494 pridie
472 2407 662 2471 umbrarum
683 2405 782 2470 fuerit
801 2428 886 2493 quae
905 2417 992 2470 meta
1013 2409 1172 2496 priorum,

245 2509 306 2572 sub
329 2517 456 2574 noctem
483 2511 597 2597 nequit
614 2511 649 2572 in
669 2529 772 2572 uanos
791 2509 931 2572 transire
954 2529 1123 2594 recursus,

245 2633 267 2673 a
286 2610 392 2674 medio
414 2610 449 2673 in
469 2611 609 2676 medium
633 2612 754 2674 sensim
773 2609 830 2673 scd
854 2632 1002 2675 crescere
1023 2634 1167 2680 mensem

245 2711 433 2776 deminuiue
454 2711 586 2776 umbras
607 2712 829 2776 ueneratione
851 2711 1021 2796 docemur,
1181 2723 1185 2730 '

245 2834 266 2876 a
288 2813 395 2878 medio
416 2816 450 2877 in
469 2814 613 2878 medium
633 2815 802 2900 signorum
821 2823 858 2878 ut
879 2813 1024 2880 uoluitur
1043 2826 1144 2882 ortus.

243 2913 332 2978 linea
350 2937 434 3002 quae
455 2915 529 2981 Iani
549 2917 655 3002 prima
677 2929 727 2980 est
746 2909 932 3004 pariterque
950 2916 1161 3003 Decembris,
1271 2941 1274 2946 ’

243 3017 377 3081 tricenis
399 3017 538 3102 pedibus
559 3018 709 3104 binisque
734 3019 917 3105 exporrigit
940 3019 1103 3100 umbram,
1249 3009 1250 3012 Ἴ

244 3118 450 3205 undenisque
470 3141 610 3207 sequens
631 3119 781 3208 pedibus.
824 3143 902 3185 mox
924 3121 1039 3186 umbre
1060 3126 1193 3191 recisis.

241 3229 369 3284 tantum
392 3221 555 3286 bisdenis
579 3243 709 3310 unoque
729 3232 864 3287 extenta
885 3226 1033 3312 patescit.

243 3313 369 3387 umbris
391 3324 466 3408 ipss
487 3323 598 3390 decern
620 3325 692 3408 figit
714 3325 811 3389 simul
833 3335 932 3412 atque
953 3347 1098 3391 nouenos

243 3445 358 3488 rursus
380 3432 414 3488 et
433 3424 509 3490 hino
529 3427 668 3510 geminis
692 3427 759 3492 sole
781 3437 992 3491 excrescente
1013 3428 1136 3512 fugatis

270 3609 301 3661 19
321 3598 556 3680 umbrarumque
584 3600 734 3660 cadantue
759 3603 896 3660 Pithoeus
918 3605 948 3659 in
970 3619 1024 3676 my.
1047 3596 1060 3684 l}
1081 3610 1116 3664 24
1137 3601 1323 3686 frigentque]

169 3683 393 3763 stringuntque
416 3686 552 3743 Pithoeus
575 3691 605 3743 s'n
634 3707 688 3762 mg.
710 3681 723 3766 ΙΙ
746 3695 779 3750 29
795 3687 843 3744 Te
865 3692 982 3759 mouet,
1019 3685 1097 3744 banc
1120 3687 1175 3746 illa
1199 3691 1324 3767 regione

168 3767 325 3850 probabis
353 3769 391 3828 ab
417 3771 483 3848 ipso
510 3769 667 3844 Danubio,
696 3770 869 3849 Hesperiae
894 3773 955 3828 cod.
985 3771 1013 3828 S.
1043 3775 1119 3830 Galli
1143 3775 1179 3832 ab
1205 3775 1324 3834 Heinsio

167 3857 312 3914 conlatus
335 3863 366 3912 te
391 3861 508 3928 mouet,
529 3855 700 3915 *ancillam
727 3857 850 3932 regione
875 3853 1018 3934 probabis
1043 3855 1081 3915 ab
1105 3857 1170 3936 ipso
1187 3881 1200 3916 a
1220 3859 1324 3918 Dana-

167 3939 230 3998 uio
246 3939 398 4016 Esperiae
413 3941 565 3998 Dedecus:
581 3945 654 4000 idem
669 3944 1012 4015 inn19.suicxemplnrr'r
1027 3959 1066 3999 cx
1079 3961 1103 4000 o.
1114 3963 1139 4001 c.
1152 3943 1325 4022 Hesperiae

170 4019 187 4106 Η
204 4041 290 4103 quae
301 4023 337 4081 ‘a
351 4025 389 4082 c.’
402 4027 539 4084 Pithoeus
554 4020 568 4106 Η
583 4037 618 4088 30
629 4024 839 4104 Lugdunoqne
853 4029 889 4084 ‘a
900 4029 938 4084 c.’
952 4013 1107 4084 Pithoeus:
1122 4027 1325 4109 Lugduniqus

168 4111 263 4182 vulno
278 4101 292 4188 Η
307 4117 342 4170 33
358 4105 508 4188 monebit]
525 4109 648 4170 docebit
664 4115 725 4169 cod.
746 4111 774 4168 S.
798 4113 875 4168 Galli
889 4131 907 4167 a
923 4131 998 4168 mon.
1015 4131 1061 4184 pr.
1078 4105 1091 4192 ΙΙ
1106 4122 1139 4175 35
1150 4113 1226 4171 uelit
1245 4114 1323 4172 d‘a.

165 4197 215 4256 e?
241 4195 376 4253 ereneus
397 4189 411 4276 ΙΙ
431 4203 469 4257 37
489 4195 598 4272 uanos]
614 4196 717 4255 uarios
736 4199 797 4254 cod.
821 4197 849 4252 S.
867 4199 983 4254 Gallie!
996 4199 1130 4254 Pithoeus
1144 4203 1172 4254 r'a
1191 4217 1245 4272 my.
1263 4193 1326 4278 1139

165 4276 288 4340 umbra
301 4281 438 4338 Redones
452 4274 465 4362 ΙΙ
485 4289 520 4342 to
536 4291 601 4355 post
621 4285 698 4340 hanc
721 4297 833 4340 versam
857 4283 936 4338 addit
960 4291 1123 4355 spumam
1145 4285 1282 4341 Pithoeus
1296 4289 1327 4342 r'a

165 4383 232 4428 suo
248 4368 431 4438 exemplari:
462 4365 604 4425 horarum
627 4367 687 4426 iam
707 4385 788 4426 nuno
806 4373 947 4426 texemus
962 4367 993 4425 in
1015 4367 1120 4427 ordine
1139 4377 1236 4427 metas
1257 4365 1270 4454 ss
1291 4377 1327 4432 44

166 4457 312 4516 extensa
329 4453 394 4509 cod.
411 4451 442 4509 S.
464 4451 542 4510 Galla·
1025 4462 1030 4472 “
