3078 5072
632 413 674 453 DF.
700 413 814 455 FORTIS

673 563 770 623 XXX

238 633 377 723 odimus
402 675 492 724 uaso
517 659 662 724 nascitur
682 661 716 722 in
739 659 905 747 Paelignis
929 668 1000 739 (111.
1025 671 1104 742 712).
1305 647 1383 722 42*

235 761 374 826 Ouidius
409 769 507 847 poeta
532 760 565 824 in
599 759 698 824 exilio
732 761 817 858 diem
847 763 930 829 obiit
961 775 993 828 et
1015 767 1109 829 iuxta
1136 760 1383 853 oppidunrd3*

147 863 270 928 Tomos
292 861 448 950 sepelitur
471 869 604 942 (1770).
665 953 780 1012 XXXI

235 1063 413 1114 rnrnrsmo
441 1049 684 1137 mimographus
707 1051 839 1116 natione
859 1050 996 1137 Magnes
1015 1053 1159 1118 Asianus
1171 1053 1294 1118 Romae
1311 1050 1387 1123 44*

124 1151 258 1216 sclarus
277 1149 416 1215 habetur
439 1158 478 1226 (a.
501 1163 582 1228 760).
1011 1163 1016 1173 '

145 1291 256 1342 diarum
275 1290 395 1354 scriptor
419 1290 610 1354 interrogabat
634 1305 694 1339 curn
719 1290 902 1356 (Armatam),
922 1291 986 1357 quid
1007 1299 1104 1360 ageret
1123 1296 1193 1345 Aiax
1216 1311 1289 1345 suns.
1329 1335 1334 1348 .

146 1367 174 1408 et
194 1357 258 1418 ille,
278 1358 310 1407 In
328 1359 485 1423 spongiam,
505 1359 607 1422 inquit,
631 1358 776 1408 incubuit’
808 1361 845 1422 ci.
865 1362 1011 1410 Snetoniua
1029 1363 1097 1426 Aug.
1117 1362 1158 1414 ⁸5.
1187 1363 1289 1414 (lorum.

146 1429 230 1491 t'ruq.
243 1425 310 1474 Hor.
325 1441 367 1490 ep.
382 1426 394 1474 1
410 1423 448 1486 lii,
462 1426 493 1473 27
507 1441 560 1490 sq.:
573 1417 698 1492 'sumpta
717 1427 817 1490 (1111111)
832 1444 863 1477 cx
874 1431 1042 1493 panegyrico
1055 1431 1171 1494 Angrrsti
1186 1433 1291 1498 scripto

146 1511 163 1544 a
177 1491 283 1542 Vario)
303 1493 339 1542 cs.
355 1492 506 1558 Porphyrio
519 1500 547 1543 et
559 1495 648 1544 Acron
667 1495 695 1543 in
707 1494 733 1543 h.
748 1495 764 1544 l.
779 1523 811 1530 —
824 1496 981 1546 Macrobius
994 1503 1045 1546 sat.
1062 1499 1097 1547 l'l
1114 1499 1135 1558 1,
1148 1498 1181 1548 311
1193 1515 1250 1564 sqq.
1265 1500 1290 1558 2.

150 1561 181 1613 19
192 1577 253 1627 sqq.
273 1561 386 1610 Varium
410 1561 443 1611 de
468 1567 553 1611 morte
576 1562 615 1624 (C.
640 1562 701 1612 Iulii
725 1563 855 1629 caesam)
879 1565 957 1614 citat.
976 1589 1009 1598 -
1027 1565 1149 1616 Fabulae
1168 1567 1201 1616 de
1218 1567 1291 1632 Thy·

146 1637 207 1680 este
228 1629 328 1680 Cassio
346 1630 489 1678 Parmensi
513 1629 564 1694 (ci.
585 1629 676 1679 Schol.
696 1631 761 1680 Hor.
782 1647 824 1696 cp.
844 1632 903 1692 14,
923 1631 948 1696 3)
967 1632 1011 1682 vel
1030 1633 1153 1699 Vergilio
1173 1651 1189 1685 a
1207 1635 1292 1685 Vario
1317 1677 1320 1684 .

146 1698 245 1748 ablato
263 1695 311 1760 (cf.
331 1697 457 1746 Donatus
476 1697 563 1762 praef.
588 1713 683 1746 comm.
704 1698 793 1748 bucol.
814 1701 925 1748 Servius
945 1699 996 1749 ecl.
1016 1701 1164 1752 11120v1
1187 1701 1213 1759 :tt
1232 1702 1290 1752 rul-

146 1773 231 1832 gatas
250 1765 344 1814 aciens
363 1766 451 1814 omisi.
470 1790 503 1800 —-
521 1765 563 1814 De
583 1767 775 1816 emendatione
789 1767 920 1816 Aeneidis
938 1768 974 1817 ci.
989 1768 1114 1819 Donatus
1132 1771 1191 1820 vita
1210 1771 1292 1836 Verg.

145 1853 172 1900 p.
186 1832 235 1892 63,
256 1831 284 1880 11
295 1870 309 1900 ,ι
319 1829 366 1896 ds,
381 1833 405 1882 5.
420 1859 450 1868 -
465 1833 592 1882 Ceterum
607 1833 635 1882 in
649 1850 681 1884 co
695 1849 801 1884 errasse
814 1835 998 1900 Hieronymus
1010 1837 1132 1900 videtur,
1145 1837 1216 1902 qnod
1227 1839 1291 1890 Plo·

144 1904 217 1952 tium
235 1901 359 1949 Tuccam
376 1907 486 1966 poetam
504 1901 584 1950 dicit:
604 1917 667 1951 nam
686 1902 719 1952 dc
738 1903 874 1967 poematis
893 1905 953 1954 eius
971 1903 1039 1954 nihil
1059 1911 1176 1955 constat.

235 1965 286 2020 12*
309 1968 493 2032 Hieronymus
511 1967 555 2016 01.
572 1967 628 2027 181,
647 1969 670 2020 3.
696 1969 812 2020 Ovidius
829 1975 861 2018 ut
872 1972 931 2036 ipse
950 1971 1037 2022 tradit
1047 1973 1115 2022 xm
1129 1973 1191 2022 Kal.
1204 1975 1292 2040 April.

145 2039 179 2088 C.
197 2037 283 2086 Vibio
300 2035 395 2084 Pansa
418 2037 449 2085 Α.
473 2037 565 2086 Hirtio
581 2053 652 2086 coss.
688 2053 714 2086 a.
732 2037 779 2086 'ill
805 2044 886 2088 uatus
905 2045 978 2100 arat;
997 2040 1068 2104 quod
1086 2041 1110 2089 si
1128 2041 1291 2106 Hieronymi

145 2105 235 2156 verba
252 2105 287 2154 ad
305 2117 332 2154 a.
350 2103 399 2152 712
418 2104 560 2170 adscripta
583 2111 655 2166 aunt,
680 2105 862 2158 ‘librariorum
880 2109 1005 2158 confusio
1022 2107 1151 2158 habenda
1170 2115 1221 2171 est,
1245 2113 1292 2175 qui

146 2178 175 2224 iu
194 2179 276 2224 tanta
294 2187 384 2224 rerum
403 2171 498 2222 codem
517 2187 589 2222 anno
608 2179 746 2238 gestarum
766 2173 839 2223 iufra
862 2174 964 2225 lineam
988 2176 1168 2226 aberrarunt’.
1204 2179 1235 2226 C.
1258 2178 1291 2228 F.

145 2245 325 2308 Hermanuqs
344 2240 362 2288 l.
382 2257 406 2289 c.
443 2240 485 2288 De
504 2242 600 2290 mortis
618 2257 690 2290 anno
709 2243 746 2291 cl.
765 2241 881 2292 Merkel.
901 2243 977 2292 Fast.
997 2259 1024 2308 p.
1043 2229 1217 2294 cllnxvnl.

236 2307 290 2362 111ι
309 2309 495 2372 Hieronymus
507 2307 551 2357 01.
568 2307 624 2372 lati,
639 2308 662 2357 l.
690 2309 726 2358 M.
741 2309 848 2360 Seneca
862 2316 985 2360 controv.
998 2311 1027 2361 11
1041 2309 1085 2374 10,
1099 2307 1125 2376 p.
1140 2309 1200 2373 135,
1214 2310 1247 2363 30
1260 2339 1290 2350 -

147 2395 174 2444 p.
197 2379 259 2438 138,
281 2377 325 2439 15,
344 2375 415 2425 unde
434 2375 603 2426 notabiliora
623 2379 760 2442 excerpsi:
786 2378 871 2428 ‘hane
890 2379 1106 2430 controuersiam
1125 2381 1236 2430 memini
1256 2379 1291 2430 ab

147 2447 374 2496 ouidiob'asone
393 2443 545 2494 declamari
564 2449 630 2510 apnt
648 2445 785 2495 rhetorem
797 2445 928 2496 Arellium
940 2446 1067 2508 Fuscum,
1087 2447 1164 2496 cuius
1183 2446 1293 2498 auditor

148 2515 216 2574 tuit;
242 2531 305 2564 narn
324 2513 456 2562 Latronis
480 2512 631 2563 admirator
654 2519 728 2574 erat,
752 2529 813 2564 cum
837 2513 975 2564 diuersum
997 2519 1159 2580 sequeretur
1181 2515 1292 2566 dicendi

147 2598 246 2646 genus.
275 2580 399 2632 habebat
424 2578 470 2628 ille
495 2585 631 2646 comptum
656 2587 684 2630 et
707 2582 809 2632 decens
833 2587 861 2632 ct
884 2581 1004 2632 curabile
1022 2584 1178 2648 ingenium,
1202 2584 1292 2634 oratio

148 2652 210 2698 siaa
241 2653 294 2699 iam
321 2655 377 2698 tum
397 2647 464 2696 nihil
485 2648 559 2697 alind
582 2654 692 2713 poterat
709 2650 797 2699 rideri
817 2665 896 2714 quarn
915 2650 1032 2700 solutum
1057 2666 1181 2700 carmen.
1223 2651 1292 2702 adeo

143 2725 242 2768 'autem
261 2717 385 2768 studiose
404 2715 552 2766 Latronem
576 2717 678 2778 audiit,
702 2723 732 2766 ut
756 2717 857 2767 multas
881 2717 954 2768 illius
978 2719 1132 2768 sententias
1150 2720 1179 2768 in
1196 2734 1292 2770 uersus

149 2801 213 2834 auos
232 2783 409 2835 transtulerit
422 2819 577 2834 ........
596 2790 661 2834 tunc
681 2792 773 2835 antam
792 2801 852 2836 curn
870 2785 1007 2848 studeret,
1031 2786 1187 2837 habebatur
1205 2787 1292 2838 bonus

148 2853 322 2903 declamator
336 2887 495 2901 ........
514 2851 690 2902 declamabat
705 2859 796 2904 antem
808 2853 882 2904 Naso
895 2869 956 2904 raro
974 2856 1179 2904 controuersias
1198 2862 1226 2906 at
1237 2872 1292 2906 non

149 2923 204 2970 nisi
228 2921 352 2981 ethicas3
377 2919 509 2970 libentius
533 2920 646 2970 dicebat
665 2923 813 2982 sirasorias,
832 2922 949 2972 molesta
967 2921 1007 2970 illi
1027 2928 1088 2972 erat
1106 2923 1193 2972 omnis
1212 2939 1292 2988 argu-

149 2991 295 3038 mentatio.
315 2987 408 3038 verbis
427 2988 537 3036 minime
557 2987 675 3036 licenter
692 3004 756 3038 usus
776 2995 818 3038 cst
836 2991 890 3038 uisi
909 2990 936 3038 in
950 2991 1127 3052 carminibus,
1146 2992 1175 3040 in
1194 2992 1292 3056 quibus

148 3073 203 3106 uon
223 3056 366 3122 ignorauit
384 3056 454 3104 uitia
472 3069 538 3118 sua,
558 3056 607 3106 scd
626 3057 745 3106 amauit.
763 3059 939 3108 manifestum
958 3063 1050 3122 potest
1068 3074 1143 3120 esso,
1162 3060 1231 3124 qnod
1250 3075 1291 3110 ro·

149 3132 231 3190 gatus
251 3123 401 3190 aliqnando
420 3123 455 3173 ab
474 3123 572 3173 amicis
590 3125 660 3186 suis,
680 3130 710 3173 nt
727 3125 839 3176 tolleret
857 3131 912 3176 tres
930 3141 1040 3186 uersus,
1064 3127 1182 3176 inuicem
1201 3129 1292 3192 petiit,

149 3201 179 3240 nt
199 3195 258 3257 ipse
284 3199 339 3242 tres
359 3193 501 3256 exciperet
524 3193 553 3240 in
577 3207 644 3256 quos
667 3192 735 3241 nibil
759 3193 815 3241 illis
838 3193 950 3243 liceret.
975 3209 1064 3258 nequa
1087 3193 1131 3243 lex
1153 3197 1215 3244 ilisa
1239 3203 1291 3245 eat.

149 3262 320 3325 scripserunt
339 3259 380 3308 illi
400 3275 465 3324 (quos
485 3259 545 3308 tolli
563 3259 669 3308 uellent
687 3267 809 3314 secroto.
829 3255 874 3311 lric
894 3277 960 3326 qnos
978 3267 1052 3312 tutos
1070 3277 1131 3311 essa
1150 3262 1245 3312 uellet.
1263 3265 1292 3312 iu

149 3329 271 3393 utrisque
291 3326 429 3377 codicillis
449 3327 521 3376 idem
539 3342 635 3376 uersus
655 3335 742 3390 crant,
762 3345 794 3378 es
814 3329 911 3394 quibus
923 3330 1038 3394 primam
1056 3329 1143 3380 fuisse
1161 3331 1294 3380 narrabat

149 3396 342 3446 Albinouanus
360 3396 435 3445 Pedo
454 3396 500 3459 qni
518 3396 592 3444 inter
610 3396 729 3446 arbitros
748 3397 814 3446 luit:

354 3464 582 3528 Semibouemque
601 3465 688 3513 nirunr
707 3466 925 3529 semiuiuumque
943 3465 1055 3526 bouem3

148 3533 315 3582 seeundum:

355 3601 390 3649 Et
409 3600 529 3665 gelidum
548 3599 657 3650 Borean
677 3599 868 3666 egelidumque
886 3602 993 3650 Notum.

150 3685 183 3719 ex
203 3684 256 3734 quo
275 3669 407 3734 adparat,
427 3669 523 3718 summi
542 3669 649 3733 ingenii
672 3670 732 3718 uiro
750 3685 804 3719 non
822 3669 955 3718 iudicium
974 3669 1096 3718 defuisse
1116 3669 1149 3719 ad
1169 3685 1292 3736 compsa-

148 3739 267 3788 ceudam
285 3737 429 3786 licentiam
454 3736 604 3786 carminum
628 3753 749 3798 suorum,
773 3737 821 3786 sed
846 3738 974 3786 animum.
999 3737 1095 3787 aiebat
1113 3738 1223 3788 interim
1247 3738 1293 3788 de-

149 3807 302 3855 centiorem
327 3805 429 3854 faciem
454 3820 514 3854 csse
539 3805 567 3853 iu
591 3819 645 3869 qua
664 3805 764 3869 aliquis
786 3819 890 3853 naeuos
914 3804 1041 3854 inesset.'
1078 3805 1115 3854 ci.
1134 3806 1166 3856 Ia.
1184 3807 1292 3856 Seneca

149 3881 259 3938 quaest.
277 3881 336 3922 nat.
354 3873 395 3922 111
414 3873 456 3932 27,
483 3873 512 3921 12
535 3887 595 3938 sqq.
630 3872 818 3935 Quintilianus
836 3873 861 3922 X
882 3871 908 3932 1,
931 3871 977 3921 88:
1015 3874 1165 3924 ‘Lasciuus
1184 3864 1292 3938 quidem

149 3945 178 3992 in
198 3943 290 3992 beroia
310 3957 416 4006 qnoque
430 3940 546 3990 Ouidius
560 3945 587 3990 ct
600 3941 710 3990 nimium
726 3945 833 3990 amator
846 3941 951 4005 ingenii
964 3941 1015 4004 sui,
1034 3941 1187 3990 landandus
1200 3946 1292 3991 tamen

149 4007 343 4075 inpartibus)
374 4009 449 4058 ldorn
472 4008 574 4058 ibidem
591 4007 638 4057 98:
669 3997 778 4058 ‘Ouidii
794 4008 895 4058 Medea
913 4008 1023 4058 uidetur
1046 4008 1113 4058 mihi
1137 4009 1291 4070 ostendere,

148 4085 282 4144 qnantum
307 4076 353 4126 ille
370 4077 415 4125 'nir
431 4083 574 4142 praestare
594 4077 727 4142 potuerit.
751 4077 775 4126 si
798 4077 911 4141 ingenio
930 4091 979 4128 auc
997 4078 1132 4142 imperare
1151 4091 1231 4142 quam
1251 4078 1291 4127 in-

147 4147 264 4212 dulgere
282 4143 450 4194 maluisset*
488 4146 525 4194 ci.
544 4145 658 4194 Tacitus
677 4145 743 4195 dial.
764 4143 804 4192 la.
834 4201 837 4206 Ι
893 4182 912 4208 ¹.

235 4211 290 4266 11*
308 4213 493 4278 Hieronymus
512 4213 555 4263 Ol.
576 4211 632 4275 1116,
656 4213 681 4264 3.
716 4213 900 4277 Hieronymus
923 4218 1018 4262 contra
1038 4212 1162 4263 lintinurn
1181 4218 1244 4264 torn.
1264 4215 1296 4264 11·

237 4367 246 4416 t
264 4351 421 4429 Paelignis
435 4351 608 4428 BPclignis
622 4353 723 4426 (Seni)
741 4349 753 4430 l}
768 4349 936 4412 il‘lrilistic
948 4353 1003 4409 BP
1015 4353 1091 4408 Scal.
1107 4347 1120 4432 ΙΙ
1136 4353 1292 4429 1111111311Δ

147 4441 198 4499 sus
211 4441 239 4497 B
252 4435 265 4522 ,ξ
282 4439 411 4515 Magnes
423 4436 868 4514 Asianrnnnagnosianus(sn
878 4455 932 4511 my.
942 4437 996 4496 :al.
1007 4435 1150 4514 Magnes)
1159 4439 1292 4510 Precor.)

184 4553 306 4592 araroru
326 4554 387 4590 aar..
844 4565 848 4574 ·
1049 4541 1067 4600 4
