3190 5098
291 415 351 472 454
627 425 852 476 ovansrrosus
872 423 1098 466 svaronmnau

289 581 424 643 dubitavi
442 580 532 638 ctiam
543 580 637 650 hanc,
652 587 684 636 ut
700 597 860 657 quaecum
875 577 970 635 altero
983 576 1101 634 Numae
1113 575 1237 634 invento
1254 595 1371 634 conexa
1382 597 1429 634 es·

287 691 349 760 set,
367 682 465 742 eidem
479 681 595 740 auctori
607 681 776 738 restituere.
804 700 892 758 quam
910 678 1081 757 opinionem
1094 677 1234 749 adiuvat,
1254 677 1335 756 quod
1348 677 1429 756 apud

287 785 417 846 eundem
437 781 661 842 Antiochenam
683 780 736 838 illa
760 779 798 838 dc
817 775 1032 838 calceamentis
1053 780 1225 839 observatio
1248 787 1330 836 certo
1353 779 1428 838 Sae-

286 889 349 945 toni
371 887 540 962 fragmento
566 883 723 961 excipitur.
765 881 804 940 cl.
826 882 933 958 fragm.
958 889 1016 945 179.
1049 901 1106 940 nec
1128 881 1193 940 salli
1218 891 1376 960 mapale,
1402 883 1428 939 si

286 988 357 1046 olim
381 987 461 1066 apud
488 987 633 1046 Ioannem
653 983 892 1054 Antiochenam,
920 983 1003 1042 cuius
1033 1001 1113 1042 nunc
1144 991 1290 1060 excerpta
1312 990 1428 1040 tanturn

285 1088 374 1150 modo
390 1088 551 1158 habemus,
569 1085 660 1144 etiam
672 1083 725 1142 illa
739 1085 775 1142 de
790 1095 875 1142 veste
892 1085 1030 1144 Isaurica
1046 1108 1064 1144 a
1075 1087 1175 1144 Numa
1187 1086 1313 1143 Romam
1331 1091 1426 1144 trans-

215 1229 218 1244 ·
284 1192 349 1251 lata
365 1191 503 1249 extitisse
516 1187 661 1266 suspicor.
684 1195 788 1244 notum
801 1187 880 1245 enim
897 1197 944 1245 est
961 1186 1086 1245 Suidam
1102 1188 1216 1245 Ioanne
1233 1187 1426 1246 Antiocheno

283 1313 371 1351 usum
389 1312 467 1350 esse.
497 1291 584 1350 liuius
599 1299 700 1348 antem
715 1298 820 1346 auctor
835 1288 892 1346 fuit
906 1287 1086 1362 Africanus,
1108 1310 1196 1368 quem
1212 1291 1340 1368 primum
1352 1289 1425 1349 Sue·

224 1402 229 1414 ‘
284 1395 409 1453 toniana
425 1403 570 1472 excerpta
585 1393 639 1451 illa
653 1393 682 1450 in
704 1391 847 1449 claonica
863 1391 1090 1469 transcripsisse
1111 1392 1237 1467 cenici0.

369 1533 498 1591 Praeter
514 1529 668 1600 Servium,
686 1527 866 1604 glossarium
884 1527 1066 1585 Vaticanum
1086 1525 1205 1604 (fragm.
1227 1527 1304 1606 167),
1319 1541 1348 1588 ct
1364 1530 1424 1607 By-

285 1635 423 1716 zantinos
440 1629 525 1690 nulla
537 1629 625 1688 huius
637 1629 721 1702 libri,
741 1650 819 1710 quae
833 1639 916 1688 certa
927 1631 980 1698 sit,
995 1629 1138 1686 momoria
1155 1629 1279 1690 residua
1294 1630 1424 1690 videtur.

284 1755 356 1792 uam
365 1733 457 1792 Rothi
469 1753 496 1810 p.
515 1728 656 1790 LXXIII
675 1733 894 1802 coniecturam,
914 1751 950 1790 eu
968 1751 1003 1790 eo
1019 1731 1151 1788 Nonium
1169 1751 1194 1788 c.
1215 1733 1328 1807 XIIII,
1344 1731 1425 1812 quod

284 1843 335 1912 ests
348 1834 386 1892 de
404 1853 517 1909 genere
536 1833 797 1908 vestimentorum,
818 1835 984 1914 particulas
1003 1833 1207 1911 decerpsisse,
1229 1833 1339 1892 falsam
1357 1853 1425 1893 esse

284 1936 383 2012 arguit
400 1933 541 1993 notabilis
561 1934 747 2006 differentia,
775 1939 900 2016 quaein
922 1935 1056 1994 eiusdem
1076 1935 1160 1993 verbi
1178 1935 1330 2014 explicatu
1347 1937 1425 1995 iuter

284 2039 389 2115 fragm.
411 2046 474 2109 167,
490 2037 571 2117 quod
585 2019 696 2095 Rotlrio
712 2037 834 2116 quidem
848 2037 1030 2114 incognitum
1046 2037 1117 2110 fuit,
1132 2045 1162 2096 et
1176 2037 1308 2100 Nonium
1326 2059 1354 2116 p.
1373 2047 1421 2100 541

283 2138 452 2200 intercedit
471 2151 574 2198 contra
583 2139 731 2198 Isidorum
745 2140 775 2196 in
788 2139 933 2214 originum
947 2123 1194 2198 undeuicensimo
1208 2137 1244 2198 dc
1255 2140 1381 2200 Suetoni
1399 2143 1424 2200 si

281 2263 342 2300 non
359 2241 434 2298 libro
451 2251 482 2300 at
499 2253 580 2302 certe
596 2243 741 2300 memoria
755 2240 890 2318 pendere
905 2251 997 2319 put03
1026 2241 1138 2319 quippe
1155 2241 1205 2319 qui
1223 2249 1345 2320 praeter
1361 2243 1422 2300 lec·

281 2343 398 2402 tissima
414 2355 569 2422 poetarum
587 2353 617 2402 et
640 2345 819 2422 scriptorum
841 2344 1014 2402 testimonia
1036 2343 1237 2400 curiosissime.
1260 2344 1421 2403 vestimen-

281 2455 377 2504 torum
394 2465 509 2522 genera
528 2447 735 2526 descripserit.
772 2446 829 2502 etsi
848 2443 1009 2502 dolendum
1029 2453 1075 2500 est
1094 2444 1182 2502 etiam
1205 2445 1254 2504 hic
1276 2446 1422 2505 Isidorum

201 2603 205 2612 Δ
282 2547 502 2612 diversissima.
526 2547 590 2604 sive
615 2556 755 2622 artctores
778 2551 843 2604 sive
866 2565 914 2604 res
936 2554 1073 2625 spectac,
1099 2545 1281 2607 confudisse.
1312 2569 1420 2627 coupa-

280 2669 347 2706 rare
365 2651 448 2706 iurat
464 2631 569 2723 fragm.
590 2657 638 2711 168
654 2669 719 2706 cum
736 2647 854 2706 Isidoro
871 2648 891 2706 l.
908 2667 933 2706 c.
950 2657 999 2718 30,
1016 2659 1048 2718 5,
1071 2645 1333 2710 ubi'Suoroniana
1355 2671 1422 2710 cum

280 2749 365 2807 Festi
381 2747 518 2807 frustulis
532 2750 614 2806 etita
627 2749 749 2828 <pridem
760 2757 793 2807 ut
804 2757 963 2826 utrumque
979 2757 1183 2828 corrumperet
1196 2753 1420 2810 commiscuisse

209 2841 210 2844 ¹
280 2848 393 2928 liquido
416 2859 543 2908 constat.
578 2861 738 2928 praeterea
759 2851 796 2910 de
818 2850 930 2909 trabeis
955 2850 974 2907 l.
995 2871 1020 2909 c.
1042 2860 1091 2920 21,
1110 2851 1296 2914 8disserens
1313 2874 1330 2911 a
1346 2853 1420 2912 Suc-

280 2951 363 3008 tonio
379 2953 486 3027 fragm.
506 2961 553 3014 165
574 2953 674 3011 distat.

364 3078 479 3136 Notatu
503 3077 625 3154 ‹ligrunn
643 3087 715 3157 pato
748 3079 923 3138 Suetonium
948 3083 1053 3156 tiagm.
1079 3089 1127 3142 168
1151 3081 1278 3139 tutulum
1304 3081 1419 3140 eisdem

278 3199 375 3256 paene
392 3178 493 3238 verbis
517 3180 640 3240 definire
663 3181 772 3261 quilius
793 3183 904 3239 Festus
926 3202 956 3259 p.
980 3195 1031 3245 355
1056 3203 1140 3240 usum
1165 3182 1250 3242 ver-Iti
1268 3183 1419 3256 inlustrat,
1495 3249 1500 3258 ι

278 3281 334 3338 nisi
352 3281 433 3361 quod
456 3281 506 3340 lric
529 3283 679 3360 duplicem
703 3285 766 3342 eins
791 3283 1023 3362 explicationem
1045 3284 1170 3361 profert.
1205 3285 1308 3363 itaquo
1328 3285 1418 3344 etiam

278 3382 307 3439 in
322 3383 380 3440 hoc
399 3382 475 3440 libro
495 3383 672 3442 Suetonium
688 3387 775 3444 Verri
792 3385 896 3444 Flacci
917 3387 1011 3464 copiis
1027 3406 1112 3443 usum
1131 3407 1198 3444 essc
1215 3385 1364 3446 videmus

363 3509 507 3588 Sequitur
537 3510 616 3589 apud
645 3511 770 3570 Suidam
803 3513 907 3571 titulus
937 3509 1004 3592 arpi
1032 3505 1197 3588 ὁνσφήμων
1224 3510 1327 3586 λέξεων
1352 3505 1418 3588 ἤτοι

276 3609 472 3686 βλασφημιῶν
489 3607 538 3668 καὶ
549 3604 645 3668 πόθεν
666 3604 789 3689 ἑκάστη,
812 3635 890 3694 quae.
908 3595 977 3674 Iiliri
996 3637 1034 3674 aa
1051 3618 1158 3695 capitis
1180 3617 1335 3696 inscriptio
1352 3619 1416 3677 fue·

276 3712 315 3769 rit
332 3721 446 3770 certant
462 3713 621 3771 adfinnare
641 3736 700 3774 non
720 3718 830 3791 aasi1n3
860 3738 913 3796 pro
936 3718 1094 3796 explorato
1118 3728 1217 3777 autera
1234 3719 1332 3778 lralreo
1348 3741 1416 3800 pra-

275 3823 371 3871 torum
391 3825 509 3892 partem
531 3815 706 3890 significari.
737 3817 839 3897 itaque
861 3817 891 3876 ia
915 3818 972 3876 Irae
993 3831 1145 3898 pratorum
1168 3831 1255 3900 parte
1272 3823 1361 3880 etiarn
1378 3823 1416 3880 de

275 3915 376 3974 verbis
395 3917 426 3974 in
452 3915 614 3974 obscernrm
640 3916 765 3978 detortis
789 3921 919 3999 (quode
942 3922 1121 3980 eruditionis
1144 3922 1211 3980 loco
1234 3925 1272 3982 cf.
1295 3923 1416 3982 Nauck.

275 4016 313 4076 de
330 4019 483 4096 Aristoplr.
497 4019 575 4098 llys?
587 4038 618 4095 p.
639 4028 689 4081 163
701 4039 765 4101 sqq.
785 4023 912 4080 Prcller.
930 4023 967 4082 de
984 4023 1150 4082 Polemone
1165 4046 1193 4103 p.
1215 4033 1262 4086 ns
1277 4024 1414 4083 Lobeck.

274 4128 332 4178 aet.
350 4141 412 4178 soe.
427 4141 529 4196 graec.
553 4121 582 4177 II
598 4141 628 4199 p.
648 4121 712 4199 310)
733 4123 943 4203 Tranquillum
966 4125 1066 4200 egisse
1088 4145 1126 4184 ex
1143 4126 1201 4185 lrac
1220 4127 1415 4206 etymologici

274 4224 374 4299 magni
400 4223 504 4299 glossa
525 4223 682 4284 discimus:
710 4215 955 4302 Ἀρχολίπαροςὸ
980 4225 1113 4303 λιπαρῶν
1135 4225 1187 4285 ἵνα
1211 4217 1305 4304 ἀρχῆς
1327 4221 1414 4308 τύχῃ·

242 4367 246 4380 .
274 4317 345 4398 iiia
366 4325 417 4381 rori
443 4314 544 4399 ἄρχειν
565 4319 779 4403 λιπαινόμενος.
812 4316 889 4385 oiira
913 4320 1101 4406 Τράγκυλλος
1117 4327 1184 4409 περὶ
1205 4329 1413 4406 βλασφημιῶν.

273 4423 329 4482 lroc
342 4434 441 4482 autem
455 4425 579 4486 Suetoni
590 4409 670 4487 libro
684 4431 774 4488 etiam
793 4431 985 4490 EustatIaum
1002 4451 1088 4490 nsum
1102 4451 1170 4491 esse
1187 4433 1282 4492 verba
1295 4432 1358 4492 cius
1375 4433 1412 4491 Il.
