3190 5098
697 441 802 484 carvr
826 443 837 484 r
1276 426 1338 488 375

200 603 256 654 est·
294 593 449 672 quaeritur
465 595 525 654 iam
547 613 606 674 quo
621 593 689 653 loco
705 593 869 653 Suetonius
887 593 925 654 de
939 595 987 654 his
1005 571 1238 675 disputatidnem
1253 598 1338 658 insti·

199 696 306 768 tuerit,
323 696 408 754 cuius
421 692 479 754 duo
492 696 662 772 fragmenta
674 704 735 756 tam
745 697 849 776 inepte
866 697 1038 758 conlocavit
1049 697 1226 758 Diomedes.
1253 701 1338 758 cuins

199 806 232 858 ut
243 798 351 856 iterum
362 797 488 873 insignis
500 797 699 874 incogitantia
711 797 902 878 deprehensa
914 806 962 858 est
973 800 1016 859 ita
1026 799 1076 859 hic
1087 801 1175 881 quasi
1187 799 1338 881 quaedam

199 889 345 956 naturalis
361 895 532 976 benignitas
547 897 702 958 laudanda
717 898 853 972 videtur,
870 921 931 981 qua
948 900 1035 960 nobis
1054 901 1154 962 locum
1171 922 1337 964 commons-

200 1001 303 1070 trarit,
332 997 384 1058 ubi
405 998 482 1058 lianc
504 999 585 1080 apud
606 1001 783 1062 Suetonium
805 1001 990 1078 legerentur.
1023 1023 1093 1064 narn
1110 1015 1270 1087 postquam
1288 1026 1337 1066 co·

199 1100 339 1160 moadiae
354 1100 511 1161 historiam
524 1102 568 1161 sic
583 1101 729 1162 absolvit:
752 1107 787 1161 eb
804 1106 849 1162 itis
865 1101 926 1182 (se.
942 1104 1111 1166 Menandro
1123 1108 1249 1187 Diphilo
1267 1107 1338 1167 Plri-

200 1202 301 1280 mone)
327 1205 452 1262 Romani
473 1204 592 1277 salutas
614 1207 826 1262 transtulerant
846 1213 874 1262 ei
898 1215 1010 1264 constet
1031 1211 1111 1280 apud
1131 1213 1194 1270 illos
1212 1215 1338 1284 primam

200 1308 302 1363 Latino
326 1321 457 1362 sermone
470 1309 643 1362 comoediam
666 1307 779 1362 Liuiam
796 1306 990 1367 Andronicum
1008 1314 1165 1383 scrmsisse.
1201 1321 1269 1370 srant
1289 1316 1341 1386 qni

198 1409 286 1464 uelint
301 1408 508 1479 Epicharmnm
521 1411 549 1464 in
571 1408 624 1466 Coo
642 1409 737 1466 insula
752 1413 918 1468 exarantem
930 1414 1058 1484 primum
1074 1413 1127 1470 laec
1143 1429 1260 1470 carmen
1274 1413 1352 1486 fre·'

198 1517 350 1582 qaantasse
360 1517 387 1566 et
402 1513 469 1567 sica
484 1511 538 1576 Coo
549 1513 722 1570 comoediam
734 1514 793 1568 dici
802 1511 896 1590 (quae
908 1512 1083 1572 comoediae
1096 1514 1257 1592 originatio
1268 1533 1337 1572 nes-

170 1645 172 1648 ·
198 1611 245 1670 oio
256 1631 316 1690 quo
329 1609 416 1670 modo
428 1611 488 1670 hnc
499 1612 637 1690 inrepsit,
652 1631 718 1672 cnm
730 1612 770 1671 ad
784 1615 942 1692 superiora
951 1613 1117 1694 pertineat)
1130 1613 1207 1673 haec
1218 1613 1337 1674 —vide

198 1713 272 1772 mihi
284 1714 462 1772 concinnam
474 1712 644 1772 disserendi
653 1714 815 1772 rationem·
825 1713 956 1776 -additz
969 1726 1055 1776 antea
1066 1720 1164 1791 itaque
1173 1720 1339 1792 palearibus

81 1861 94 1886 ,
197 1835 254 1874 nan
272 1821 407 1890 personis
429 1819 598 1886 utebantur,
622 1825 653 1874 at
680 1821 806 1910 qualitas
827 1821 932 1876 coloris
946 1821 1083 1877 indiciam
1095 1821 1209 1894 faceret
1224 1822 1337 1887 aetatis,

197 1937 259 1978 cam
278 1927 372 1976 essent
390 1928 441 1976 nat
455 1921 512 1976 albi
528 1927 579 1975 aut
596 1922 736 1994 nigriani
754 1924 821 1993 anfi.
857 1927 991 1994 personis
1009 1938 1076 1980 aero
1095 1925 1138 1979 ati
1147 1925 1261 1993 primns
1275 1937 1338 1978 coe·

193 2023 238 2100 pit
253 2022 376 2078 Roscius
396 2022 496 2078 Gallus
514 2025 695 2094 praecipuas
712 2025 815 2081 histrio
833 2026 910 2097 qnod
930 2026 1019 2081 oculis
1036 2027 1183 2096 perversis
1200 2029 1265 2080 erat
1286 2037 1339 2080 nec

196 2126 267 2180 satis
281 2125 403 2180 decoras
414 2125 475 2180 sine
492 2127 625 2195 personis
643 2127 700 2181 nisi
710 2128 862 2196 parasitus
874 2125 1089 2196 pronuntiabat.
1120 2121 1201 2201 quod
1217 2123 1338 2180 tertium

198 2223 334 2282 eiusdem
357 2225 529 2298 argumenti
548 2223 748 2300 fragmentum
765 2243 832 2284 esse
849 2224 987 2304 adparet.
1018 2225 1077 2283 hoc
1092 2231 1192 2280 autem
1207 2221 1248 2281 ibi
1264 2241 1338 2282 casn

197 2323 335 2384 relictum
349 2333 440 2404 puto,
467 2323 518 2384 ubi
533 2333 598 2384 tota
613 2325 690 2384 haec
704 2326 844 2403 quaestio
860 2345 878 2384 a
899 2325 1044 2385 Suetonio
1059 2331 1247 2403 pertractata
1262 2332 1336 2381 erat.

197 2445 267 2486 nam
287 2433 358 2506 apte
380 2426 425 2484 ais
450 2445 529 2505 qnae
550 2425 589 2485 de
608 2425 765 2484 comoedia
789 2434 819 2484 et
845 2425 1004 2504 tragoedia
1028 2425 1110 2484 dicta
1126 2433 1214 2484 erant
1230 2425 1337 2503 paucis

197 2529 328 2588 fortasse
349 2528 535 2606 interpositis
552 2547 631 2606 qnae
653 2528 822 2587 faciliorem
837 2530 996 2588 transitum
1011 2529 1150 2587 facerent
1168 2525 1338 2586 succedunt

197 2631 288 2689 haee:
315 2632 450 2688 dramata
469 2638 564 2688 antem
580 2634 716 2690 dicantur·
737 2635 848 2705 tragica
868 2635 908 2689 ile
931 2639 962 2688 at
983 2634 1092 2689 comica
1114 2651 1138 2689 e.
1158 2649 1187 2709 q.
1202 2649 1227 2690 s.
1257 2649 1337 2710 quae

198 2731 388 2810 excipiuntur
414 2730 496 2811 apud
519 2731 701 2795 Diomedem
722 2731 979 2810 disputatiuncula
999 2731 1038 2791 de
1060 2750 1255 2810 personarum
1274 2750 1335 2791 nu-

197 2851 296 2904 mero,
312 2849 392 2910 quae
407 2831 528 2892 maioris
545 2834 732 2912 quaestionis
743 2833 782 2894 de
794 2843 859 2894 arte
872 2835 1014 2894 scaenica
1026 2853 1097 2913 pars
1112 2831 1235 2893 residua
1252 2831 1337 2892 vids-

197 2942 254 2994 tur.
271 2933 359 2994 vides
374 2934 473 2994 eidem
486 2935 674 2998 restituenda
686 2956 753 2996 esse
770 2945 801 2996 et
815 2937 908 2996 Rosci
925 2935 1009 2997 Galli
1023 2935 1197 2994 memoriam
1213 2943 1243 2994 et
1257 2953 1336 2994 oom-

198 3043 329 3095 mentum
346 3035 385 3096 de
404 3035 545 3096 membris
558 3038 781 3099 comoediarum
795 3047 871 3111 etc,
884 3037 992 3119 quibus
1005 3036 1141 3116 reliqniis
1151 3045 1184 3095 nt
1194 3045 1336 3117 quartum

198 3139 401 3216 fragmentum
415 3138 536 3199 accedit
550 3139 793 3220 Hieronymiana
810 3142 943 3200 namatio
961 3140 999 3199 de
1014 3137 1143 3221 Pyladis
1159 3138 1293 3197 invento.

283 3242 324 3300 Vt
345 3242 400 3302 has
423 3249 539 3300 tantum
559 3242 725 3320 particulas
746 3261 817 3300 esse
833 3260 873 3322 err
895 3261 1004 3319 magno
1022 3239 1182 3316 naufragio
1198 3245 1336 3298 servatas

198 3342 290 3404 facile
306 3343 510 3420 intellegitur,
532 3345 575 3402 ita
594 3343 675 3403 falsa
693 3353 739 3402 est
753 3343 938 3420 integritatis
955 3340 1091 3421 species,
1115 3359 1205 3420 quam
1221 3339 1336 3398 relicua

199 3463 272 3524 prae
296 3464 329 3504 se
357 3444 467 3506 ferunt.
504 3444 716 3506 desiderantur
738 3444 867 3531 enimin
891 3443 1096 3522 disputatione
1119 3440 1156 3499 de
1179 3439 1337 3517 tragoedia

199 3555 356 3606 auctorum
372 3549 509 3620 nomina,
533 3566 611 3626 quae
633 3565 753 3624 semper
770 3544 841 3606 addi
868 3544 976 3604 solent
1018 3551 1110 3621 alque
1133 3563 1193 3621 qno
1216 3543 1336 3622 plenius

198 3649 279 3708 hunc
293 3647 394 3720 locum
417 3649 448 3708 in
464 3649 508 3708 eis
523 3668 602 3728 quac
624 3647 661 3708 de
684 3647 842 3708 comoedia
862 3646 1003 3705 dicuntur
1027 3653 1174 3704 executus
1197 3653 1244 3704 est
1260 3644 1335 3705 Sue·

199 3752 315 3824 tonius,
332 3769 369 3810 eo
384 3749 450 3810 veri
473 3749 506 3808 fit
524 3750 650 3810 similius
668 3749 700 3808 in
721 3748 880 3828 tragoedia
902 3745 1092 3807 inlustranda
1113 3767 1181 3806 eum
1201 3767 1263 3806 non
1282 3765 1335 3806 ne·

196 3853 330 3930 glectum
342 3853 446 3912 fuisse.
472 3871 530 3912 nec
546 3851 684 3912 dubitare
699 3853 772 3912 licet
787 3852 859 3931 quin
870 3849 951 3910 idern
963 3849 1078 3909 factum
1089 3847 1128 3908 ait
1141 3850 1172 3908 in
1185 3867 1335 3908 commen·

199 3956 284 4016 tariis
301 3955 339 4016 de
354 3953 487 4034 satyrice
504 3962 535 4014 et
550 3954 669 4013 mimica
683 3955 778 4034 poesi.

284 4057 350 4116 lam
372 4064 405 4115 nt
419 4057 541 4118 facilins
560 4055 599 4116 de
615 4076 683 4116 mea
705 4053 942 4116 reconcinnandi
967 4073 1061 4133 opera
1074 4052 1219 4112 iudicium
1237 4051 1334 4126 lieret,

198 4163 326 4242 paginas
346 4183 429 4222 meas
445 4183 512 4222 cnm
529 4161 650 4240 paginis
667 4156 826 4217 Diomedis
840 4155 977 4216 Keiliani
991 4154 1152 4234 conposui:

326 4284 357 4343 p.
373 4273 399 4335 t,
419 4274 536 4340 ll-p·
554 4273 580 4333 5,
601 4269 803 4338 15=p.ss·2,
820 4265 948 4321 14—29.

326 4373 533 4446 p.5‚16-p.
554 4370 784 4441 7,8=p.ssr,
806 4365 1039 4439 11-p.488‚t.

326 4489 357 4547 p.
372 4476 399 4540 7,
417 4475 518 4544 9-p.
535 4475 562 4538 8,
581 4473 692 4543 8:11·
707 4471 769 4536 488,
784 4471 899 4527 3—14.
