3162 5058
227 377 289 440 ³66
567 396 790 445 evrsnsmouns
812 397 1039 439 eva'roumuss

225 548 356 607 Pontani
372 549 566 620 auctoritato,
586 567 677 627 quam
699 547 822 627 quidem
836 548 951 606 nullam
971 567 1041 608 esse
1057 569 1150 630 supra
1165 550 1361 610 ostendimus.

226 649 282 710 sed
303 659 365 709 tum
386 649 529 728 temporis
550 649 722 708 testimonio
739 649 804 708 eius
829 649 962 708 nondum
977 651 1163 710 Ritschelius
1182 653 1248 730 ipse
1271 651 1363 711 fidem

226 751 428 830 abrogaverat
444 751 691 811 Sicconianarum
707 769 856 827 nugarum
876 745 1044 829 specimine
1065 752 1193 830 prolato.
1232 753 1361 813 redeun-

225 853 297 912 dum
311 854 404 930 igitur
420 853 478 912 erit
499 852 538 912 ad
561 853 629 932 ipsa
643 853 824 934 Hieronymi
845 859 1005 931 excerpta:
1033 855 1064 912 in
1086 853 1282 932 quibuscum
1301 874 1362 912 non

157 961 160 968 '
225 955 322 1014 solum
342 963 484 1033 quattuor
502 953 557 1014 illa
577 974 692 1032 genera
710 956 771 1013 sint
792 953 969 1032 conspicua,
993 953 1048 1012 sed
1067 955 1159 1014 etiam
1178 955 1315 1015 historici
1332 966 1363 1014 et

223 1055 396 1135 philosophi
411 1056 637 1134 producantur,¹
648 1075 687 1116 ex
702 1055 810 1115 eodem
824 1073 897 1115 sane
913 1065 1037 1114 auctore
1049 1056 1270 1138 Hieronymum
1281 1075 1361 1137 quae

225 1157 327 1217 dehis
348 1157 496 1236 praebeat
515 1157 655 1217 hausisse
674 1175 781 1236 perse
804 1165 851 1216 est
871 1157 936 1215 veri
956 1156 1149 1218 simillimum.
1197 1154 1308 1218 deinde
1329 1165 1362 1215 ut

150 1293 156 1312 κ
204 1260 303 1328 vomni
316 1257 487 1319 huiusmodi
505 1259 616 1318 indicio
631 1259 767 1319 destituti
783 1277 933 1330 essemus,
953 1278 1012 1316 non
1027 1259 1120 1320 facile
1137 1269 1239 1339 potest
1254 1259 1358 1337 negari

221 1361 398 1422 Suetonium
419 1381 487 1420 cum
511 1361 687 1421 Latinarum
714 1359 885 1418 litterarum
908 1360 1053 1420 inlustres
1072 1363 1154 1421 viros
1176 1371 1361 1441 conponeret

221 1461 432 1522 historicorum
447 1473 478 1522 et
491 1463 740 1542 philosophorum
752 1461 925 1520 memoriam
939 1465 1107 1540 praeterire
1122 1483 1182 1522 non
1201 1461 1358 1522 debuisse:

222 1565 281 1623 nisi
305 1565 383 1623 sorte
408 1563 500 1622 certis
524 1565 709 1640 argumentis
730 1563 879 1639 cogimur,
909 1572 943 1620 ut
968 1562 1078 1621 librum
1102 1563 1140 1622 ab
1168 1583 1204 1623 eo
1233 1583 1293 1623 non
1319 1562 1359 1622 ad

222 1667 312 1725 finem
328 1665 506 1744 perductum
522 1682 591 1722 esse
607 1670 784 1722 statuamus.
823 1682 984 1744 quaecum
1006 1683 1068 1722 non
1091 1675 1266 1733 occurrant,
1288 1684 1357 1743 pro·

223 1768 305 1827 lecto
322 1775 429 1845 suapte
445 1773 553 1844 sponte
565 1763 767 1841 intellegitur,
787 1784 822 1824 eo
837 1766 904 1843 ipso
922 1762 1005 1843 quod
1018 1764 1223 1844 Hieronymus
1242 1765 1281 1824 de
1296 1765 1357 1824 his·

186 1885 189 1890 ·
223 1868 326 1928 toricis
344 1879 374 1928 et
385 1865 572 1947 philosophis
584 1884 644 1923 non
659 1873 776 1937 taceat,
793 1865 995 1924 demonstrari
1011 1867 1055 1924 ita
1067 1875 1100 1924 ut
1116 1865 1263 1927 dubitatio
1279 1867 1359 1926 absit

223 1970 401 2030 Suetonium
422 1969 512 2029 etiam
530 1967 608 2025 haec
628 1966 796 2026 litterarum
818 1986 933 2044 genera
954 1975 1158 2046 pertractasse
1173 1988 1212 2028 ex
1233 1971 1360 2050 eiusque

222 2071 299 2132 libro
320 2073 546 2150 Hieronymum
560 2089 615 2127 sua
629 2069 779 2128 hausisse.
816 2073 875 2128 iam
895 2070 921 2128 si
945 2071 1081 2148 quaeris,
1101 2089 1172 2128 num
1185 2070 1252 2130 aliis
1275 2069 1360 2130 testi·

175 2207 182 2223 ·
222 2175 330 2234 moniis
349 2173 426 2234 haec
444 2172 634 2231 ratiocinatio
649 2171 796 2242 firmetur,
813 2179 964 2230 oratorum
983 2179 1013 2230 et
1029 2171 1276 2250 philosophorum
1291 2169 1359 2230 libri

222 2275 306 2334 nulla
319 2263 440 2354 quidem
454 2275 516 2333 alia
528 2273 588 2332 lide
602 2273 746 2343 nituntur,
764 2291 855 2351 quam
871 2291 950 2352 quae
960 2292 998 2331 ex
1009 2269 1192 2354 Hieronymi
1208 2273 1357 2351 excerptis

222 2369 353 2456 repetita
372 2386 435 2452 est;
452 2373 535 2455 quod
545 2383 650 2433 contra
666 2374 928 2451 grammaticorum
946 2383 975 2432 et
990 2373 1145 2433 rhetorum
1162 2377 1244 2435 vitae
1260 2373 1359 2434 adhuc

222 2473 313 2559 sup'er
331 2489 414 2556 suut,
437 2476 475 2535 de
491 2475 590 2554 poetis
607 2475 767 2554 scripsisse
784 2474 961 2535 Suetonium
982 2477 1041 2536 ism
1065 2477 1139 2556 ipsis
1158 2476 1197 2536 de
1217 2477 1283 2535 vita
1298 2477 1358 2535 Το-

222 2583 300 2640 renti
317 2591 347 2640 et
363 2578 472 2638 Horati
489 2577 627 2656 reliquiis
650 2578 800 2654 arguitur,
820 2595 878 2636 neo
895 2577 1027 2660 denique
1047 2577 1258 2636 historicorum
1282 2575 1360 2636 liber

222 2683 342 2742 etiamsi
364 2680 401 2739 ab
421 2679 609 2756 Hieronymo
633 2677 810 2738 discesseris
834 2697 890 2737 sua
912 2678 1075 2740 destitutus
1101 2689 1148 2740 est
1168 2679 1359 2749 auctoritate,

222 2803 290 2842 cum
309 2783 389 2841 hunc
406 2780 463 2841 sibi
478 2779 577 2838 locum
593 2779 658 2839 vita
676 2779 756 2839 Plini
770 2788 885 2858 poscat.

259 2865 263 2874 ⁸
296 2885 406 2963 Itaque
419 2882 547 2940 evicisse
558 2879 696 2940 videmur
707 2881 852 2940 iudicium
864 2891 998 2940 nostrum
1007 2879 1044 2940 de
1056 2882 1208 2942 historicis
1218 2888 1249 2939 et
1259 2881 1358 2960 philo-

222 2985 325 3064 sophis
340 2980 423 3062 apud
435 2983 657 3062 Hieronymum
678 3003 739 3041 non
754 2984 850 3061 magis
871 2985 1018 3042 incertum
1034 3003 1102 3043 esse
1118 2983 1169 3042 vel
1184 2983 1357 3062 potiusnon

221 3086 318 3146 minus
343 3095 457 3144 certum
477 3103 569 3165 quam
588 3105 626 3143 ca
645 3104 724 3164 quse
739 3083 926 3145 Ritschelius
949 3084 987 3144 de
1009 3085 1108 3164 poetis
1136 3095 1166 3144 et
1190 3083 1357 3144 oratoribus

222 3185 396 3266 disputavit.
435 3205 505 3244 nam
526 3187 551 3246 si
577 3186 824 3266 philosophorum
844 3195 875 3246 et
895 3185 1109 3246 historicorum
1128 3187 1302 3248 memoriam
1319 3205 1357 3244 ex

221 3289 281 3348 alio
304 3297 426 3346 auctore
459 3287 707 3366 chronographus
729 3290 912 3368 recepisset,
941 3284 1170 3347 concedendum
1193 3297 1276 3347 esset
1296 3288 1356 3347 Re-

222 3392 324 3468 gentio
340 3389 379 3449 de
395 3389 458 3451 vita
474 3397 504 3448 et
519 3391 641 3469 scriptis
658 3390 796 3450 Suetonii
809 3411 839 3468 p.
853 3399 887 3453 39
899 3409 976 3470 sqq,
993 3391 1046 3470 qui
1060 3389 1237 3472 ceteroquin
1252 3389 1357 3468 negle-

222 3493 397 3570 gentissime
422 3491 481 3550 hac
503 3495 541 3551 de
569 3512 601 3551 rc
624 3491 774 3572 disputat,
804 3490 949 3550 iudicium
970 3491 1061 3551 etism
1085 3491 1123 3551 de
1151 3499 1302 3550 oratorum
1328 3499 1359 3548 et

221 3603 378 3672 poetarum
391 3591 478 3654 libris
491 3593 528 3654 ab
541 3595 730 3674 Hieronymo
744 3592 888 3652 adhibitis
903 3591 1052 3652 incertum
1068 3591 1163 3652 reddi.
1180 3611 1289 3672 nempe
1304 3611 1357 3671 po·

222 3698 279 3755 tuit
291 3697 383 3756 etiam
398 3695 503 3753 horum
519 3696 594 3754 alios
608 3713 646 3754 ex
656 3695 803 3754 Suetonio
820 3713 937 3754 sumere
954 3695 1031 3754 alios
1047 3714 1084 3754 ex
1099 3694 1206 3754 eodem
1222 3701 1356 3764 auctore,

222 3799 361 3876 quomis
384 3796 593 3856 historicorum
616 3797 842 3856 enumeratione
864 3805 988 3855 secutus
1006 3805 1096 3855 esset.
1142 3815 1200 3854 neo
1219 3795 1358 3873 paucitas

222 3901 430 3958 historicorum
447 3897 484 3956 ab
500 3899 690 3978 Hieronymo
706 3897 896 3957 laudatorum
918 3917 974 3956 nos
996 3895 1151 3956 deterrere
1168 3895 1263 3955 debet
1284 3915 1356 3973 quo-

220 4001 318 4060 minus
334 4019 387 4058 eos
401 3999 442 4058 ad
457 3998 634 4058 Suetonium
648 3999 825 4058 referamus.
857 4019 926 4058 nam
942 4000 967 4058 si
986 3999 1177 4078 reputaveris
1197 3997 1235 4056 de
1250 3997 1357 4073 viginti

221 4101 426 4180 grammaticis
442 4101 580 4180 quinque
592 4109 708 4160 tentum
726 4100 898 4159 nominasse
913 4101 1151 4178 Hieronymum,
1172 4108 1275 4157 nostro
1292 4099 1356 4154 iure

222 4204 369 4282 suspicari
393 4201 531 4260 videmur
549 4201 677 4260 eandem
696 4201 745 4260 vel
766 4201 894 4260 similem
916 4203 1062 4260 rationem
1078 4203 1156 4260 inter
1174 4217 1228 4258 sex
1246 4199 1355 4256 Hiero·

221 4307 304 4382 nymi
324 4305 482 4364 historicos
501 4313 532 4361 et
553 4323 710 4362 numerum
726 4304 944 4361 Suetouienum
967 4304 1187 4362 intercessisse.
1223 4299 1355 4378 philoso-

221 4405 345 4482 phorum
362 4415 462 4463 autem
482 4407 541 4464 tria
562 4415 678 4464 tantum
697 4407 818 4462 nomina
837 4404 915 4483 apud
929 4405 1149 4482 Hieronymum
1165 4412 1270 4460 extare
1286 4421 1355 4459 cou-
