3190 5098
672 397 777 442 osser
799 399 838 443 ιιι
1260 383 1319 446 4'il

185 551 291 612 bituve
303 551 377 614 satis
390 559 519 613 constet.
534 561 648 612 certum
661 551 782 632 quidem
792 551 914 614 videtur
923 573 983 614 uon
995 553 1239 616 ultraActiscsm
1247 575 1321 634 pug-

184 673 254 714 nam
277 653 456 715 Suetonium
479 673 671 733 progressum
696 673 778 728 esse,
809 656 951 735 quoniam
974 665 1120 736 excerpta
1141 657 1324 737 Hieronymi

184 757 217 818 iu
238 757 294 816 boc
314 765 432 834 tempus
453 753 610 833 desinunt;
641 755 696 816 eod
724 775 778 836 pro
800 757 916 818 incerto
940 756 1113 820 habendum
1133 767 1196 832 ost,
1223 779 1241 818 a
1263 780 1323 840 quo

184 865 322 938 tempore
346 857 504 919 historiam
522 878 606 918 orsus
629 859 676 920 sit.
714 880 784 920 uam
804 859 973 938 fragmento
992 860 1045 920 illo
1067 861 1157 924 Serri
1179 859 1323 922 discimus

185 959 279 1020 etism
301 959 463 1040 piraticum
485 959 599 1020 bellum
625 979 643 1018 a
663 961 808 1022 Suetonio
829 971 983 1022 nemetum
1011 981 1094 1036 osse,
1121 973 1155 1024 ut
1176 961 1325 1042 adpareat
1372 1003 1380 1012 „

186 1081 255 1121 oum
275 1081 336 1122 nou
351 1081 371 1120 a
388 1071 485 1122 morte
495 1063 623 1142 Pompei
644 1082 694 1124 res
709 1064 862 1124 Romanos
884 1065 1112 1146 perscripsisse,
1136 1065 1194 1126 etsi
1212 1066 1322 1126 Hiero·
1402 1065 1409 1092 ⁸

184 1183 294 1245 aymus
310 1164 498 1244 excerpendi
518 1165 638 1226 initium
656 1164 694 1225 sb
711 1165 769 1226 hoc
781 1173 916 1246 tempore
931 1168 1095 1247 sumpsisse
1111 1165 1244 1228 ridetur.
1277 1169 1322 1228 vi·

185 1264 251 1326 deri
266 1264 404 1324 consulto
421 1265 501 1344 diri;
535 1279 605 1326 nam
618 1266 698 1328 idem
711 1268 805 1329 retest
820 1288 880 1349 quo
897 1289 975 1328 sono
990 1269 1153 1350 Pompeius
1166 1277 1255 1329 natus
1272 1269 1323 1330 sit.
1394 1271 1397 1281 '

185 1366 243 1428 hoc
257 1365 374 1426 scilicet
386 1367 625 1428 additamentum
639 1370 678 1430 ed
695 1370 811 1432 Eusebi
826 1371 989 1432 chronicon
1001 1379 1125 1450 propter
1140 1369 1215 1430 illud
1234 1368 1336 1458 Servi,

185 1469 387 1530 testimonium
404 1469 451 1530 iris
470 1471 602 1532 historiis
621 1471 744 1550 (fragm.
758 1472 850 1551 208*)
865 1471 1023 1534 vindicare
1045 1472 1138 1533 malui
1153 1491 1244 1552 quam
1256 1489 1324 1532 cum

184 1571 371 1632 Mommseno
382 1571 486 1634 sedem
498 1573 526 1632 ei
540 1574 642 1632 invita
651 1573 808 1636 Ciceronis
820 1574 927 1634 eodem
936 1575 1325 1656 quoPompeiusanuonati

185 1673 357 1752 adsignare.
378 1676 491 1754 quaesi
506 1677 762 1754 reputaverimus,
776 1698 837 1738 uon
849 1676 1079 1757 inprobabiliter
1089 1685 1255 1737 statuemus
1265 1677 1324 1738 boe

185 1776 279 1836 luisse
294 1777 419 1838 Suetoni
432 1778 589 1838 consilium
598 1789 631 1838 ut
642 1779 674 1838 iu
687 1781 791 1858 primis
802 1779 885 1840 bella
898 1778 1089 1860 civiliaquas
1101 1797 1168 1838 cum
1176 1777 1323 1859 Pompeio

186 1881 301 1938 Uuesar
315 1889 347 1940 et
365 1877 554 1940 Octavianus
572 1901 640 1940 oum
653 1882 787 1942 Antonio
797 1881 965 1959 gessissent
977 1891 1147 1956 enumeret,
1162 1880 1253 1941 simul
1268 1901 1322 1942 ou-

185 1989 245 2041 tem
253 1981 353 2040 omnia
365 1983 617 2060 conplecteretur,
625 2001 705 2063 quae
713 1982 752 2043 ad
765 1985 995 2065 vitamipsorum
1009 1982 1323 2062 ducumpertiuereut.

270 2080 358 2160 Quae
376 2103 441 2144 cum
457 2083 501 2144 ita
512 2085 573 2144 sint
590 2083 723 2145 adducor
739 2094 773 2147 ut
788 2085 910 2146 credam
934 2083 1093 2145 Sidonium
1112 2084 1322 2164 Apollinarem

185 2205 245 2246 non
261 2205 378 2246 errasse
395 2185 449 2259 (ci.
465 2185 670 2266 Nipperdeius
686 2197 803 2267 quaest.
818 2187 939 2248 Caesar.
952 2207 982 2265 p·
999 2185 1062 2264 36),
1079 2205 1147 2246 cum
1158 2187 1321 2246 haececri-

187 2287 275 2350 beret
289 2289 352 2368 (ep.
369 2287 463 2346 Villi
483 2299 515 2353 lt
529 2288 569 2347 ad
584 2286 858 2367 Burgundiouem):
892 2293 990 2348 eminet
1002 2291 1050 2346 titn'
1064 2291 1189 2348 memoris
1202 2291 1322 2348 adeber-

185 2395 250 2450 rimi
265 2395 353 2450 uotiua
371 2392 528 2464 redhibitio,
551 2394 614 2450 laus
633 2394 757 2450 uidelicet
771 2394 935 2466 perorantis
955 2409 1038 2466 quam
1051 2393 1179 2450 edideras
1196 2391 1326 2448 Caesaris

183 2495 257 2552 Iulii.
286 2509 358 2569 quae
377 2496 494 2550 materia
515 2501 570 2550 tom
588 2495 705 2569 prandes
724 2503 765 2552 est
783 2502 813 2550 ut
825 2496 977 2552 studentum
997 2497 1022 2550 si
1040 2497 1101 2567 quis
1113 2493 1202 2567 suerit
1220 2495 1265 2550 itte
1278 2509 1323 2550 co-

179 2599 350 2670 piosissimus
365 2597 434 2652 nihil
445 2597 563 2668 amplius
577 2599 605 2652 in
616 2598 785 2672 rpsodelreat
798 2611 900 2654 cauere
914 2613 996 2670 quam
1008 2595 1120 2670 nequid
1133 2597 1223 2652 minus
1240 2595 1322 2652 duat.

183 2715 249 2756 nam
263 2701 289 2754 si
300 2701 472 2770 omittantur,
487 2713 559 2770 puae
574 2701 608 2756 de
619 2700 700 2756 titiis
713 2699 855 2756 dictatoris
868 2701 963 2756 inmoti
981 2700 1086 2771 sumpta
1102 2697 1247 2754 Patauinis
1260 2701 1326 2754 runt
1371 2717 1373 2724 ·

184 2801 378 2870 uoluminibus,
390 2801 451 2875 puis
462 2815 547 2872 opera
560 2799 682 2858 Suetonii
690 2803 753 2874 quis
765 2801 876 2859 quenti
884 2800 1022 2858 Martialis
1031 2799 1172 2858 dommum
1180 2800 1275 2874 masere
1286 2799 1326 2856 od

134 2958 140 2970 ,
184 2908 338 2960 extremum
357 2903 438 2960 Batti
450 2903 649 2976 ephemeridem
661 2902 751 2976 fando
765 2903 974 2976 adaepunurrit.
996 2908 1158 2978 praeterea
1170 2897 1324 2959 commode

184 3003 377 3083 explicentur
392 3023 429 3062 eo
441 3022 519 3083 quse
533 3005 564 3064 in
580 3003 691 3082 optimo
705 3011 736 3062 et
749 3003 958 3082 antiquissimo
971 3000 1114 3062 Caesaris
1126 3000 1231 3062 codice
1243 3000 1324 3060 Bon·

184 3105 325 3183 geroiano
340 3105 435 3185 primo
457 3104 511 3184 (ci.
524 3103 729 3185 Nipperdeius
745 3105 766 3163 l.
782 3103 823 3183 c.)
841 3113 909 3185 post
927 3103 1022 3164 verba
1040 3103 1127 3164 initio
1141 3104 1242 3183 posita
1258 3107 1323 3161 inci·

182 3211 223 3283 pii
235 3209 304 3266 tiber
317 3210 379 3266 Gaii
396 3209 525 3266 decoraris
538 3211 600 3265 betti
614 3210 712 3266 Gallici
727 3207 831 3266 iuliani
847 3211 881 3264 de
895 3210 1058 3306 parratione
1068 3216 1218 3280 temporum
1234 3203 1325 3264 rubro

184 3309 339 3389 adscripta
348 3317 417 3370 sunt
428 3313 522 3384 incipit
530 3311 733 3367 liberSuetonii,
747 3327 857 3388 nempe
869 3309 1045 3368 coniectura
1057 3307 1115 3366 suit
1125 3307 1189 3365 eius
1201 3306 1255 3386 qui
1265 3306 1323 3369 seir

184 3421 231 3472 ret
243 3409 421 3472 Suetonium
433 3431 494 3470 non
508 3411 603 3469 solum
616 3411 648 3468 in
660 3407 825 3468 Caesarum
836 3407 921 3470 libris
934 3409 1091 3488 scripsisse
1103 3406 1142 3467 de
1153 3407 1323 3468 Divqulio

184 3513 346 3576 sedetiam
367 3515 398 3572 in
412 3513 547 3574 historiis
567 3511 629 3571 illis
645 3510 759 3570 bellum
776 3511 842 3570 eius
859 3511 1012 3572 Gallicum
1031 3517 1227 3588 persecutum
1243 3527 1322 3568 esse.

185 3617 245 3676 iam
268 3636 341 3675 vero
367 3618 445 3676 haec
473 3614 648 3695 coniectura
669 3612 720 3672 vel
740 3613 841 3691 potius
863 3613 913 3672 hic
936 3632 1018 3672 orror
1038 3632 1093 3690 pro
1114 3610 1324 3691 antiquissimo

185 3717 343 3778 habendus
367 3727 427 3792 est,
452 3709 518 3778 oum
538 3715 642 3796 quinto
665 3715 790 3776 saeculo
808 3714 932 3776 Orosius
953 3723 982 3788 6,
1001 3722 1016 3777 l
1035 3713 1223 3774 Caesariano
1241 3712 1325 3773 bclls

187 3819 394 3899 descripturus
409 3820 486 3880 haec
502 3818 658 3897 praefatus
673 3817 728 3876 sit:
761 3821 836 3877 iane
857 3820 998 3878 imbriam
1013 3819 1160 3876 Suetonius
1176 3817 1322 3890 Tranquil-

185 3927 228 3982 lus
238 3926 397 3998 plenissime
412 3925 559 3998 explicuit,
575 3926 653 3980 cuius
667 3937 717 3980 uos
732 3929 910 3995 competentes
924 3922 1115 3993 portiunculas
1128 3920 1323 3990 decerpsimus.

186 4026 323 4105 sequitur
351 4033 451 4084 eutem
474 4024 606 4102 epitoma
623 4021 662 4082 de
683 4020 896 4101 superstitibus
917 4021 991 4080 Divi
1015 4019 1078 4080 Iuli
1102 4017 1324 4078 commentariis

187 4135 354 4188 contracta.
381 4123 489 4186 ecdem
506 4134 605 4184 autem
622 4124 717 4185 verba
733 4122 924 4203 eandemque
940 4123 1101 4202 epitomem
1122 4121 1216 4200 isqui
1231 4119 1323 4180 histo·

186 4229 261 4289 mam
276 4228 445 4288 miscellam
463 4228 621 4305 conposuit
635 4226 751 4304 recepit
762 4227 803 4284 ita
815 4233 847 4284 ut
860 4243 925 4284 cum
938 4224 1084 4303 Eutropio
1097 4222 1253 4282 conflaret.
1278 4219 1323 4282 eie

187 4331 300 4390 factum
320 4339 380 4403 cst,
400 4339 435 4388 nt
454 4348 481 4385 a.
503 4337 570 4390 1544
583 4327 738 4396 liebertus
755 4327 928 4407 Stephanus
944 4326 1024 4386 banc
1044 4325 1188 4386 historiae
1204 4321 1322 4384 miscel-

186 4433 236 4494 lae
257 4441 374 4514 psrtem
395 4431 539 4510 inscripto
557 4429 646 4490 titulo
662 4433 791 4508 Eutropii
809 4434 923 4507 epitome
944 4431 1006 4490 beili
1028 4430 1126 4490 dedici
1145 4443 1184 4488 ete
1206 4427 1322 4488 Suetoni
