3190 5098
674 429 777 470 caerr
801 431 826 470 rr
1258 418 1319 478 453

179 580 250 638 ficta
266 579 385 638 videtur
415 615 442 622 -
456 601 527 638 nam
544 580 667 640 Servius
684 581 762 640 Aen.
780 583 842 640 VII
857 592 908 646 612
932 583 1051 662 (fragm.
1075 586 1134 665 166)
1157 585 1265 646 librum
1276 594 1320 656 ‚de

177 700 283 756 penerc
307 687 426 740 uestium
458 681 531 741 dicit
552 717 592 726 -
619 690 689 760 apte
711 693 865 761 pratorum
897 685 1030 746 indolem
1060 691 1210 766 exprimit.
1252 713 1321 750 narn

179 780 245 860 περὶ
265 771 417 859 ὀνομάτων
433 783 545 860 κυρίων
561 777 621 862 (οἷς
636 784 764 860 χρῶνται
783 781 898 845 ἕκαστον
917 790 1042 848 Aristot.
1058 801 1138 869 poet.
1156 801 1184 852 ι11
1211 793 1320 873 quibus

180 889 337 965 oppositae
357 895 426 945 sunt
445 885 569 962 γλῶτται
586 879 633 960 αἶς
649 884 754 968 ἕτερον)
774 891 804 950 id
822 901 868 951 cst
884 889 921 950 de
938 891 1038 951 verbis
1058 893 1186 972 propriis
1205 897 1234 954 in
1252 917 1319 976 pra·

179 999 278 1046 torum
290 987 373 1046 libris
390 988 602 1068 Tranquillum
620 992 785 1070 praecipue
803 995 901 1070 egisse
918 993 1069 1060 vidimus.¹
1101 1017 1162 1076 qua
1176 1019 1208 1057 re
1228 999 1319 1058 nolim

179 1089 290 1149 Rothio
310 1110 339 1168 p.
357 1089 501 1148 LXXIII
517 1100 578 1150 not.
597 1101 631 1154 st
647 1093 782 1172 ineptum
795 1093 908 1172 κυρίων
925 1097 1024 1155 visum
1043 1119 1110 1158 esse
1126 1087 1322 1177 inprudenter

179 1191 313 1250 divinum
329 1191 507 1273 typothetae
524 1193 678 1270 ingenium
700 1195 861 1256 admiranti
882 1199 932 1278 qui
955 1221 987 1258 se
1005 1199 1098 1259 insito
1121 1201 1177 1258 lroe
1195 1201 1321 1260 verbum

179 1293 324 1352 emiserit.
366 1301 499 1352 ceterum
520 1295 686 1356 notandum
704 1308 764 1372 est,
788 1302 897 1360 iterum
914 1303 988 1360 miro
1009 1323 1080 1360 casu
1102 1301 1227 1362 Suidanr
1249 1323 1322 1381 par·

178 1395 216 1452 tis
233 1395 351 1453 titulum
369 1395 529 1466 exhibere,
548 1399 599 1475 qni
615 1419 651 1457 eo
669 1411 826 1480 corruptus
845 1405 898 1472 sit,
916 1402 1099 1484 quodtotins
1117 1405 1217 1484 operis
1230 1405 1321 1480 signi·

179 1496 351 1556 ficationem
378 1517 444 1556 curu
472 1500 669 1579 inscriptione
698 1506 793 1582 partis
822 1506 966 1564 errrrllarit.
1005 1505 1112 1564 eodem
1133 1507 1211 1565 enim
1232 1505 1321 1564 modo

178 1597 245 1678 περὶ
266 1587 420 1676 ὀνομάτων
445 1599 556 1674 κυρίων
579 1603 684 1662 addita
708 1615 789 1678 sunt,
814 1626 872 1686 quo
893 1629 984 1686 supra
1003 1603 1070 1682 περὶ
1090 1595 1199 1682 Ῥώμης
1223 1606 1320 1680 libris,

178 1703 288 1785 quibus
314 1723 385 1782 pars
409 1711 523 1762 tantum
544 1705 632 1764 huius
655 1713 823 1786 argumenti
845 1711 930 1790 leges
953 1711 1071 1773 scilicet
1094 1717 1124 1767 et
1146 1727 1243 1766 mores
1267 1713 1321 1786 po-

178 1807 242 1888 puli
258 1807 386 1865 Romani
400 1807 678 1886 pertractabantur,
699 1814 877 1893 inscriptum
892 1833 960 1872 esse
976 1810 1114 1870 vidimus.
1143 1809 1222 1890 quod
1240 1829 1321 1866 eorn-

179 1910 268 1969 mode
282 1910 381 1988 possis
394 1910 437 1966 sic
452 1910 615 1987 explicare,
627 1925 731 1990 partes
744 1925 861 1975 tantum
872 1917 1017 1976 maiorum
1029 1911 1321 1972 librorurnlrabuisse

180 2013 367 2094 Byzantinos
396 2011 550 2085 homines,
578 2013 615 2072 de
641 2017 715 2096 ipsis
742 2026 843 2077 autem
870 2015 1034 2076 maioribus
1064 2014 1147 2074 libris
1173 2013 1246 2072 nilril
1277 2013 1321 2070 eis

179 2125 301 2195 praesto
326 2097 420 2174 fuisse
441 2116 500 2174 nisi
521 2115 680 2175 obscuram
708 2121 876 2195 argumenti
900 2120 1063 2178 notionem.
1098 2115 1153 2176 scd
1175 2114 1321 2172 hocloco

179 2218 256 2276 haec
274 2217 422 2292 attingere
436 2216 533 2274 solum
545 2218 634 2276 modo
647 2221 764 2278 animus
782 2230 843 2294 est,
860 2222 938 2279 intra
955 2219 994 2278 ud
1006 2219 1244 2300 Byzantinorum
1259 2235 1320 2272 me-

179 2321 304 2383 moriam
320 2317 467 2378 curiosius
482 2317 701 2380 inlustrandam
717 2322 905 2381 redeundum
922 2321 988 2380 erit.

266 2423 321 2482 Crri
337 2432 438 2482 autern
452 2433 607 2502 pratorum
618 2425 697 2502 parti
712 2423 821 2482 librum
836 2425 874 2482 de
890 2443 1003 2500 genere
1016 2421 1145 2480 vestium
1160 2419 1321 2478 restituere

181 2527 363 2600 debeamus,
391 2547 450 2583 non
480 2535 580 2604 potest
607 2547 666 2584 non
691 2525 865 2602 ambiguum
891 2545 969 2584 esse.
999 2521 1038 2582 ad
1070 2522 1229 2580 veritatem
1250 2540 1319 2598 pro·

181 2633 261 2690 xime
291 2627 438 2687 accedere
466 2627 620 2700 videmur,
650 2629 675 2685 si
696 2627 772 2686 libro
803 2629 902 2688 locum
934 2647 1019 2686 suum
1044 2627 1075 2684 in
1105 2635 1142 2682 ea
1166 2629 1322 2700 pratorum

181 2717 268 2812 parte
302 2731 511 2806 adsignatum,
548 2749 609 2808 qua
644 2731 839 2810 antiqnitates
868 2729 972 2811 populi
1001 2727 1130 2786 Romani
1160 2725 1322 2786 Suetonius

182 2843 400 2894 commentatus
419 2841 481 2905 est,
508 2831 539 2890 id
559 2841 606 2890 est
625 2831 709 2890 libris
727 2833 887 2892 I—VIII.
905 2840 938 2890 ut
960 2830 1124 2891 Suetonius
1148 2828 1185 2886 de
1207 2845 1321 2904 genere

180 2939 311 2996 restium
340 2956 400 2992 non
428 2935 456 2992 in
489 2933 662 2992 universum
694 2935 748 2994 sed
780 2936 816 2994 de
844 2957 894 3011 eo,
930 2933 1012 3016 (pared
1041 2932 1154 3012 populo
1184 2931 1322 2988 Romano

181 3041 322 3097 usitatum
347 3038 420 3108 fnit,
445 3035 613 3114 disputarit.
653 3038 700 3096 cui
724 3039 917 3098 coniecturae
941 3041 1111 3115 tragarcnta
1130 3033 1251 3090 minime
1268 3029 1320 3088 ud-

181 3152 350 3200 vcrsantur.
376 3137 592 3195 distinctiorem
606 3147 706 3197 autem
723 3143 892 3216 argumenti
904 3142 1064 3217 imaginem
1080 3135 1195 3194 Suidac
1211 3153 1323 3212 operae

104 3257 107 3264 “
182 3242 341 3314 debcrnns,
370 3243 420 3320 qui
438 3260 496 3298 nou
513 3240 738 3318 inscriptionem
754 3242 838 3316 libri,
861 3263 939 3322 quac
960 3243 1016 3299 luit
1033 3246 1066 3298 de
1083 3255 1188 3312 periere
1204 3239 1323 3292 uestium

182 3345 236 3403 sed
254 3343 422 3420 argumenti
434 3341 566 3400 imlicem
581 3341 725 3420 praebet,
748 3363 814 3402 eum
836 3344 924 3402 dicit:
949 3337 1015 3413 περὶ
1031 3386 1037 3400 .
1052 3387 1058 3398 .
1072 3383 1077 3395 .
1089 3333 1166 3406 ἰδέας
1191 3323 1320 3408 ἐσθημά-

180 3468 239 3506 των
251 3441 301 3504 καὶ
317 3433 511 3520 ὑποδημάτων
529 3439 580 3500 καὶ
596 3444 653 3501 τῶν
668 3435 766 3504 ἄλλων
781 3437 826 3516 οἷς
847 3467 890 3514 τις
904 3431 1111 3519 (iperberetae.
1145 3447 1236 3517 utque
1253 3437 1322 3495 Ser·

181 3550 249 3607 vius
267 3545 444 3606 Suetonium
469 3546 618 3626 pileorum
640 3550 697 3606 tria
721 3567 835 3624 genera
856 3547 978 3624 (fragm.
1001 3542 1086 3620 166*)
1104 3541 1216 3599 dixisse
1234 3538 1323 3597 adtir-

183 3661 251 3711 mat.
288 3649 398 3709 deiude
421 3650 551 3707 vestium
572 3651 747 3710 inventores
772 3650 942 3708 nominatos
967 3667 1034 3704 esso
1059 3645 1165 3719 fragm.
1191 3651 1249 3704 166.
1276 3650 1323 3705 167

182 3754 336 3812 discimus
366 3753 472 3810 horum
495 3751 578 3830 prius
601 3753 814 3832 allyzantinis
832 3761 983 3810 servatum
1002 3763 1063 3821 est,
1088 3765 1215 3826 qnorum
1234 3743 1324 3804 tidem

182 3875 241 3914 non
256 3854 391 3914 habebat
406 3853 535 3913 Rothius
544 3876 575 3934 p.
589 3855 731 3912 LXXIII
744 3875 797 3912 cnr
812 3855 1012 3932 impugnaret.
1039 3869 1108 3910 narn
1124 3867 1246 3926 prorsus
1264 3845 1323 3904 dis·
1373 3847 1376 3854 ’

183 3958 280 4016 simile
300 3966 346 4016 est
365 3959 471 4034 fragm.
491 3965 555 4031 166,
574 3959 657 4016 cuius
674 3956 811 4014 notitiam
829 3957 936 4015 Servio
959 3955 1120 4023 debemus,
1148 3960 1254 4008 utnon
1271 3969 1323 4027 po·

182 4061 273 4117 tuerit
289 4081 306 4117 a
322 4059 501 4139 Byzantinis
518 4057 738 4118 fabulatoribus
754 4057 784 4130 in
802 4058 885 4116 illam
900 4044 1083 4115 memoriani
1091 4053 1128 4112 de
1144 4055 1263 4112 Numae
1280 4054 1324 4110 in-

184 4171 276 4220 vento
296 4159 479 4240 detorqueri.
507 4163 609 4240 itaque
629 4159 720 4219 malui
736 4161 767 4218 in
788 4180 890 4218 eorum
906 4159 965 4217 fide
982 4167 1135 4236 perstare,
1156 4177 1222 4214 eum
1239 4175 1324 4234 prae·

183 4263 286 4322 sertim
310 4262 442 4322 aSuida
464 4283 487 4320 s.
514 4285 541 4321 v.
565 4254 676 4338 χλομύς
699 4263 759 4320 alia
780 4283 876 4341 eaque
896 4260 975 4320 hand
1000 4259 1172 4338 spernenda
1197 4259 1234 4318 dc
1264 4257 1324 4316 eal-

184 4365 348 4423 coementis
366 4363 560 4443 patriciorum
582 4365 624 4424 eis
639 4363 710 4423 addi
726 4363 872 4423 viderent.
899 4372 990 4442 atque
1004 4383 1069 4420 cirin
1083 4361 1203 4440 plenior
1219 4359 1326 4419 eadem

183 4465 290 4523 notitia
302 4465 331 4524 in
346 4466 628 4542 excerptisloannis
638 4466 824 4524 Antiocheni
836 4474 954 4524 extaret
969 4463 1022 4543 (cs.
1037 4465 1142 4542 fragm.
1160 4463 1255 4540 169*),
1266 4482 1325 4521 non
