3138 5100
498 445 526 486 6.
542 442 723 488 musonem
738 442 982 488 666666666666
1240 421 1308 484 ’617

174 595 200 654 61
221 593 422 674 praecederet
443 599 547 654 6666166
561 595 724 672 666616661
744 591 892 654 eiusmodi
908 591 1067 674 quiddam:
1098 591 1244 653 absonum
1262 601 1310 654 est

174 705 276 756 antem
295 696 471 775 despectam
486 698 587 758 iacere
604 702 730 756 uirtutem
749 696 818 757 dici.

257 799 333 877 Peg.
352 797 408 871 34,
431 799 467 860 13
488 802 626 872 6666166,
647 799 729 879 qnod
744 800 838 860 etiarn
852 797 948 860 codex
961 799 1145 876 Reginensis
1159 797 1310 880 praebuit,

175 899 341 961 eParisini
355 901 507 981 scriptura
521 904 634 960 cadalao
650 901 780 962 Rothius
797 901 923 962 eruebat
936 921 991 982 pro
1008 919 1044 962 co
1065 901 1147 982 quod
1166 901 1310 980 mulgetur

174 1009 202 1060 ct
217 1004 305 1061 doleo.
344 1001 407 1062 Sed
429 1002 627 1090 acquiescere
648 1003 787 1082 66616616
806 1005 894 1064 6616
916 1003 969 1063 1116
986 1002 1110 1084 quidem
1121 1003 1235 1082 poterit
1247 1005 1309 1085 qui,

175 1112 363 1184 quantopere
377 1104 544 1182 langueant
558 1106 603 1164 sic
618 1113 649 1164 et
664 1105 871 1168 coniunctast
887 1105 1046 1165 conlocata
1065 1123 1194 1164 nsaccror
1210 1124 1246 1164 oc
1260 1109 1308 1164 do·

173 1209 215 1264 leo
237 1205 389 1266 vocebnla
414 1206 466 1265 uni
489 1208 606 1266 notioni
629 1207 845 1282 inservientia,
871 1227 975 1268 secum
999 1207 1196 1286 reputaverit.
1241 1205 1308 1266 Ali·

174 1315 288 1388 quanto
304 1308 373 1390 plus
391 1309 550 1386 gravitatis
565 1307 736 1368 habiturum
751 1329 820 1370 csse
836 1329 921 1369 uuum
938 1311 990 1375 666
1004 1327 1139 1377 nascerer,
1154 1311 1219 1368 666
1233 1312 1310 1368 colec

175 1408 387 1484 concedimus,
415 1410 497 1492 quod
519 1410 727 1470 Buechelerns
750 1411 953 1493 preponebat:
991 1409 1119 1472 sedvel
1140 1410 1185 1470 sic
1208 1417 1310 1470 tamen

173 1513 295 1572 inverso
310 1511 408 1592 potius
424 1512 531 1573 ordine
546 1516 598 1572 ltoc
616 1517 706 1586 doleo,
723 1515 774 1573 lroc
791 1533 920 1591 66666666
935 1513 975 1573 ad
991 1513 1098 1572 lortius
1113 1513 1311 1591 progredien-

175 1613 246 1674 dum
272 1615 367 1675 fnisse
392 1615 615 1693 intellegimus,
641 1614 681 1674 ad
701 1616 836 1697 aliquam
856 1613 1083 1676 similitudinem
1106 1633 1309 1696 eorumquae

174 1725 244 1776 6661
261 1716 293 1776 in
309 1715 447 1798 Oeptivis
463 1739 492 1777 6.
509 1727 562 1782 928
579 1722 648 1776 sctis
668 1723 723 1776 iam
744 1721 820 1778 dolat
839 1736 878 1778 cx
897 1722 989 1776 calme
1005 1727 1032 1776 et
1053 1737 1124 1776 cura
1142 1722 1209 1776 satie
1229 1736 1271 1776 nse
1285 1727 1313 1776 et

173 1823 306 1878 lacrumis
320 1824 466 1879 macerato
485 1817 640 1901 (cumque
655 1839 770 1898 genere
787 1820 916 1882 miscere
931 1820 996 1878 noli
1015 1817 1098 1901 quod
1112 1837 1231 1899 6666666
1248 1819 1310 1881 dis·
1396 1863 1401 1878 ,

173 1921 241 2000 6661
257 1921 495 1982 conformatione
520 1924 737 1984 sententiarum
756 1923 870 1984 dictum
889 1931 936 1982 est
950 1921 1070 1985 Cistell.
1091 1933 1120 1995 1,
1142 1932 1170 1992 1,
1186 1929 1219 1986 61
1240 1926 1312 1982 mate

173 2025 241 2082 661111
255 2031 303 2097 eet,
322 2028 393 2082 mate
409 2041 553 2084 macerer:
572 2028 648 2084 doleo
662 2029 696 2083 66
712 2031 812 2098 caeno,
829 2029 906 2084 doleo
921 2027 955 2082 cb
970 2028 1064 2113 oculis,
1080 2027 1157 2082 doleo
1171 2027 1206 2082 66
1220 2029 1311 2100 66661-

175 2125 294 2204 tads'ue).
326 2125 424 2186 Recte
444 2125 524 2186 idem
538 2125 717 2207 Plautuset
732 2128 949 2187 convenienter
963 2124 1074 2184 rationi
1092 2135 1194 2200 6666661
1207 2143 1250 2184 mc
1264 2145 1310 2188 co·
1411 2187 1414 2196 ,

173 2247 228 2304 pao
243 2237 269 2287 61
282 2246 393 2287 macero
408 2237 434 2288 ct
446 2230 562 2304 desctipc
573 2227 742 2288 Trinummi
756 2247 785 2288 6.
800 2237 866 2292 225:
886 2228 958 2287 item
976 2233 1060 2286 recte
1074 2229 1127 2286 tec
1140 2245 1182 2285 me
1197 2229 1311 2302 facinus

174 2335 303 2390 miserum
319 2338 444 2389 macerat
458 2345 599 2406 meumque
615 2349 665 2390 cor
681 2348 836 2406 corpusque
852 2335 960 2390 cruciat
975 2329 1108 2390 Gloriosi
1126 2349 1155 2388 6.
1170 2338 1236 2402 616,
1259 2329 1311 2390 661

175 2433 269 2494 etiarn
288 2432 456 2511 simplicius
480 2441 511 2493 et
534 2433 685 2492 contrario
706 2430 811 2492 ordine
829 2431 993 2492 Terentius
1017 2432 1049 2490 in
1070 2429 1190 2490 Andria
1210 2453 1239 2492 v.
1259 2441 1312 2495 686

175 2553 246 2610 quer
259 2551 303 2594 me
316 2539 471 2594 excrucia?
493 2553 565 2610 paor
582 2553 624 2594 me
639 2547 783 2595 maceret:
806 2555 877 2594 nam
899 2533 954 2594 has
976 2531 1099 2614 quidem
1118 2534 1257 2594 notiones
1278 2541 1312 2592 61

176 2635 290 2716 dispari
313 2637 445 2714 origine,
475 2637 519 2696 116
539 2637 607 2716 6661
625 2636 704 2697 16166
724 2657 758 2698 66
779 2637 932 2714 gravitate
954 2657 1023 2696 esse
1045 2636 1176 2696 omnium
1199 2636 1311 2716 optime

176 2736 308 2800 Casinae
322 2758 429 2800 versus
444 2738 534 2798 docet
549 2751 591 2817 11,
608 2747 640 2812 8,
655 2749 672 2803 9
691 2743 802 2800 illorum
819 2743 1163 2812 mccttcrcrucict,a1ter
1178 2747 1311 2798 macerat.

175 2841 218 2902 Vt
231 2861 292 2900 non
307 2842 397 2900 mirer
411 2841 438 2901 ai
456 2842 524 2921 quis
540 2840 622 2922 apud
638 2841 818 2902 Suetonium
836 2841 971 2902 secundo
987 2840 1054 2901 loco
1074 2841 1205 2921 positum
1218 2840 1311 2900 multo
1416 2863 1419 2869 ·

176 2942 286 3002 exilius
302 2945 378 3002 doleo
394 2943 520 3004 verbum
535 2963 573 3004 ex
588 2945 856 3025 interpretamento
869 2953 1010 3024 repetere
1028 2943 1214 3026 Caesarique
1228 2964 1312 3004 66666

175 3046 227 3103 666
241 3063 377 3112 maceror.
393 3048 445 3104 lec
459 3050 571 3106 6666166
588 3045 722 3108 tribuere
739 3048 872 3108 animum
884 3045 1019 3108 inducat.
1041 3048 1156 3108 Verum
1170 3049 1196 3106 is
1211 3056 1312 3106 tamen

176 3147 228 3205 vix
245 3145 373 3206 habebit
391 3167 443 3208 cur
461 3147 545 3208 illum
562 3155 646 3208 tanto
663 3149 754 3209 animi
767 3151 877 3209 affectu
892 3158 1014 3229 tamque
1031 3151 1184 3210 concitato
1198 3167 1312 3226 genere

175 3247 321 3330 loquendi
332 3269 420 3310 usum
431 3270 498 3310 esse
510 3252 542 3310 in
555 3259 617 3310 tam
630 3250 692 3311 leni
708 3260 739 3312 et
753 3252 882 3332 simplici
900 3273 1008 3312 caussa
1021 3251 1112 3312 dicat.
1135 3252 1214 3310 Nam
1226 3263 1260 3311 ut
1273 3251 1313 3312 ad

174 3351 332 3430 perfectae
354 3353 427 3412 66116
449 3360 480 3411 61
497 3353 705 3433 praestantiae
728 3353 884 3430 exemplar
904 3352 1020 3433 aliquid
1041 3353 1151 3414 deesse
1166 3353 1311 3440 Terentio

75 3481 78 3488 ·
176 3452 377 3530 iudicaretur,
395 3454 446 3514 vel
465 3456 617 3512 66166666
639 3458 717 3514 doleo
738 3453 798 3515 dici
815 3457 889 3515 66116
908 3465 988 3517 erat:
1010 3456 1109 3536 potuit
1123 3454 1206 3514 haud
1222 3454 1312 3515 dnbic

175 3554 331 3636 aliquanto
349 3556 456 3616 1661166
474 3557 566 3616 etiam
580 3576 664 3616 uuum
675 3559 728 3616 666
737 3576 865 3617 maceror
879 3557 931 3618 661
947 3578 1033 3616 uuum
1044 3561 1096 3617 lsoc
1110 3563 1221 3616 crucior
1236 3555 1311 3617 dici:

176 3656 232 3716 sed
246 3657 370 3718 nimium
386 3666 452 3718 erat
465 3657 604 3738 66616616
626 3667 767 3740 6166666
784 3657 924 3739 putidum
940 3660 993 3720 661
1011 3663 1168 3730 deodatae,
1187 3663 1239 3719 lsec
1253 3679 1313 3718 ma·

175 3778 257 3820 ceror
272 3759 323 3820 vel
338 3760 415 3820 adeo
431 3763 483 3820 loc
503 3779 639 3834 macerer,
654 3763 706 3820 lcoc
727 3767 846 3822 6666166.
890 3764 973 3842 Ergo
995 3761 1184 3822 seducimur
1203 3772 1236 3832 ut
1255 3762 1312 3822 161-

175 3861 241 3922 1666
266 3860 353 3922 verbi
382 3842 468 3926 hse.
496 3853 626 3940 ῥήματος
655 3863 791 3944 speciem
817 3866 1075 3944 persentiscamns
1110 3873 1202 3945 atque
1229 3863 1313 3924 aliud

175 3962 323 4044 quiddam
346 3964 443 4025 161666
471 3966 502 4024 in
522 3961 838 4026 memoria'librornm
866 3969 1063 4048 suspicemur:
1106 3966 1224 4045 Quodsi
1245 3967 1313 4048 quis

176 4065 215 4126 de
241 4065 353 4126 talibus
387 4069 516 4146 cogitet,
549 4068 653 4150 qualia
685 4069 789 4127 sutura
815 4070 877 4130 siut
903 4089 989 4128 uuum
1015 4072 1067 4130 tec
1091 4089 1232 4140 maceror,
1261 4072 1314 4128 loc

176 4171 254 4227 docto
268 4172 314 4226 1161
330 4201 388 4242 -,
413 4171 463 4230 661
484 4173 535 4229 hoc
556 4176 638 4243 tecto,
662 4171 883 4244 6611666ᾰυί61,
906 4180 937 4231 ct
957 4173 983 4230 si
1003 4192 1083 4253 quae
1101 4181 1171 4233 sunt
1186 4171 1312 4246 similia,

175 4267 253 4330 haec
279 4281 382 4332 166666
406 4273 506 4332 omnia
532 4271 594 4332 suis
614 4272 736 4350 singula
754 4273 952 4334 incommodis
975 4275 1079 4356 eisque
1099 4284 1146 4335 sat
1169 4273 1313 4352 gravibus

175 4371 316 4434 laborare
344 4373 435 4434 facile
462 4375 654 4456 perspicitur.
699 4376 767 4436 Nec
793 4375 1035 4437 obliviscendum
1061 4378 1100 4438 ad
1125 4381 1177 4437 666
1203 4397 1312 4456 66666-

176 4495 246 4536 men
278 4495 334 4536 666
367 4475 509 4556 delapsos
536 4476 575 4536 ab
605 4499 641 4538 eo
672 4497 795 4556 prorsus
821 4461 992 4540 oberrasse
1008 4480 1090 4541 unde
1117 4481 1312 4560 proficiscen·
