3138 5100
469 471 475 481 ,
509 441 537 482 r.
551 439 733 482 arnsonnnu
749 415 989 483 nominamus
1250 419 1313 482 515

176 589 234 650 bus
248 589 427 652 Fenestella
444 591 677 662 ‘contenderit’,
703 591 840 672 quidest
861 611 974 670 quaeso
994 611 1048 651 cur
1068 587 1159 650 fidem
1178 590 1312 651 testimo·

174 693 226 752 nio
246 693 415 754 cernasimo
434 691 633 771 abrogemus,
654 691 736 774 qnod
752 702 800 754 ast
815 692 930 756 codicis
947 693 1147 777 antiquissimi
1163 693 1313 754 eiusdem·

176 813 237 874 que
254 795 358 876 optimi
371 791 521 872 Parisini,
534 804 598 870 post
610 799 698 856 coldas
711 799 881 870 comoedias,
896 799 1016 856 noudum
1031 801 1188 873 quintum
1209 805 1315 873 utque

176 901 380 956 uicesimum
403 881 687 974 nonupl'epresusm,
712 907 833 978 poetam
857 899 1028 960 excessisse
1052 897 1127 960 urbe
1149 897 1314 960 testantis?
1387 929 1390 938 ⁴

177 999 367 1062 Nouissimas
397 1001 423 1062 is
448 999 621 1061 comoedias
646 999 793 1062 docuerat
822 1021 901 1062 anno
927 1008 993 1066 sot:
1021 1010 1156 1062 mortuns
1183 1009 1231 1062 est
1253 1019 1313 1061 nno

177 1112 246 1184 post
262 1123 356 1176 anno,
372 1103 428 1164 On.
446 1102 588 1163 Cornelio
602 1101 767 1164 Dolabella
781 1104 823 1164 M.
841 1103 952 1164 Fulvio
966 1103 1123 1186 Nobiliore
1141 1125 1217 1181 coa,
1239 1123 1312 1184 quo·

177 1225 242 1266 rum
265 1205 385 1266 nomina
402 1205 565 1266 Suetonius
584 1226 613 1286 p.
634 1214 682 1278 32,
709 1216 740 1268 lo
760 1207 876 1286 posuit:
898 1215 990 1267 natus
1017 1215 1064 1266 est
1087 1207 1181 1284 igitur
1206 1205 1314 1268 eodem

177 1309 348 1388 fermeque
364 1307 467 1386 Scipio
483 1316 632 1387 tempore,
654 1309 737 1368 vitae
753 1327 849 1368 annos
868 1309 989 1369 ciroitsr
1003 1329 1059 1370 sex
1079 1317 1110 1370 et
1125 1309 1233 1388 viginti
1248 1309 1315 1370 sivo

178 1393 314 1490 explevit
330 1410 394 1470 sive
410 1409 521 1487 attigit,
538 1409 578 1474 ad
593 1408 788 1470 scribendum
804 1419 905 1470 antem
921 1412 1053 1472 accessit
1068 1430 1163 1471 annos
1178 1411 1244 1472 fere
1259 1431 1313 1471 nn-

178 1511 326 1589 deviginti
341 1522 438 1573 natus.
477 1509 567 1590 Quod
584 1531 637 1572 our
652 1511 741 1572 nimis
755 1511 929 1573 mirabimur
943 1515 976 1574 in
990 1533 1043 1588 eo,
1058 1531 1148 1596 quem
1166 1511 1215 1573 ‘ob
1230 1513 1313 1591 ioge-

177 1614 260 1672 ninm
277 1622 308 1674 et
321 1616 448 1674 formam
465 1635 524 1674 non
539 1615 707 1674 institutum
728 1615 817 1676 modo
837 1614 1025 1690 liberaliter,
1043 1615 1099 1675 sed
1120 1624 1151 1675 et
1171 1621 1314 1676 mature

177 1734 269 1774 mann
283 1716 415 1776 missum'
431 1736 450 1775 a
461 1716 607 1776 Terentio
620 1715 747 1777 Lucano
762 1726 902 1778 senatore
915 1726 1018 1778 namat
1033 1715 1221 1780 Suetonius?
1244 1717 1315 1776 Non

177 1815 334 1877 habebunt
348 1817 440 1895 igitur
453 1820 485 1877 in
501 1827 655 1898 posterum
672 1817 857 1880 litteratores
877 1821 981 1893 nostri,
998 1839 1058 1902 quo
1073 1823 1181 1880 ‘annos
1195 1820 1315 1878 xxxvl’

177 1920 260 1980 vitae
276 1920 482 1980 Terentianae
499 1929 657 1996 tueantur,
680 1921 738 1982 nisi
762 1921 960 2002 depravatam
980 1922 1159 2002 scripturam
1179 1923 1314 2002 interpo-

177 2021 306 2082 latorum
327 2021 487 2085 librorum:
511 2023 639 2104 quaesi
662 2043 681 2082 a
702 2023 847 2084 Suetonio
868 2024 1007 2104 prolecta
1034 2031 1131 2097 esset,
1153 2023 1315 2084 faceretis

179 2123 260 2202 quod
275 2144 336 2183 non
351 2123 424 2184 lecit
442 2124 471 2183 b.
489 2143 516 2184 e.
535 2125 566 2184 in
580 2125 777 2186 Fenestellae
796 2135 900 2206 partes
916 2125 1100 2186 discederet.

262 2225 336 2304 Peg.
351 2225 400 2299 ³2,
417 2225 436 2284 b
457 2225 538 2307 quod
551 2231 709 2286 umeamum
732 2233 884 2303 inpressos
900 2227 1023 2307 scripsi,
1047 2247 1107 2286 non
1122 2227 1213 2288 aliam
1230 2247 1314 2287 cans·

178 2349 242 2388 sam
262 2327 356 2388 habui
370 2329 427 2387 nisi
447 2327 529 2407 qnod
552 2329 762 2390 concinnitatis
777 2329 996 2409 varietatisque
1017 2331 1050 2389 in
1074 2327 1188 2389 dilectu
1206 2328 1313 2388 verbo·

177 2451 243 2491 rum
263 2428 359 2496 multo
382 2429 594 2490 studiosiorem
613 2451 704 2490 nossa
720 2431 898 2492 Suetonium
916 2430 1024 2491 videor
1047 2451 1138 2512 qnam
1161 2429 1210 2488 cui
1230 2438 1314 2490 recte

179 2533 249 2594 talis
271 2531 416 2614 loquendi
438 2532 634 2611 neglegentia
657 2533 821 2594 tribuatur:
856 2535 976 2608 nondum
995 2537 1118 2608 quinum
1139 2539 1222 2608 utque
1240 2537 1315 2592 uice-

177 2641 275 2696 simum
289 2653 417 2711 eprossus
433 2655 537 2694 anuum
553 2684 560 2697 .
574 2680 580 2693 .
594 2677 602 2692 .
617 2677 625 2694 .
640 2653 767 2712 opressus
784 2639 853 2694 urbe
867 2643 916 2693 est
948 2634 1087 2695 Conferri
1104 2631 1180 2694 illud
1195 2633 1315 2694 varian-

119 2717 145 2766 ⁴
180 2735 238 2798 dae
259 2737 402 2797 orationis
423 2737 555 2797 studium
572 2738 684 2816 poterit
703 2735 785 2818 quod
802 2755 895 2816 supra
912 2738 1109 2814 cognovimus
1124 2735 1163 2796 ad
1186 2757 1257 2817 pag.
1272 2747 1315 2808 aa

181 2851 223 2903 15.
260 2840 297 2900 In
312 2853 482 2920 temporum
498 2839 664 2900 rationibus
686 2839 821 2920 paullum
837 2847 885 2898 est
897 2858 955 2898 nea
970 2838 1062 2899 ullius
1076 2840 1218 2898 momenti
1233 2837 1316 2921 quod

179 2950 311 3002 mutatur
327 2941 386 3002 bac
401 2944 577 3026 mutatione.

263 3041 381 3104 Ibidem
394 3063 495 3104 cousso
509 3044 716 3125 praepositum
732 3063 786 3104 sno
798 3043 912 3104 nomini
924 3063 993 3103 cnm
1007 3063 1099 3104 unum
1114 3043 1211 3104 solum
1226 3063 1315 3124 prae·

178 3153 265 3206 terea
280 3146 453 3225 exemplum
466 3145 580 3206 babeat
596 3145 676 3225 apud
694 3145 871 3206 Suetonium
887 3149 967 3224 Aug.
981 3155 1016 3208 ts
1030 3163 1132 3204 oousso
1147 3147 1320 3204 detrectandi

178 3254 360 3314 sacramenti,
379 3267 458 3328 qnae
472 3257 574 3328 potest
589 3257 673 3308 certa
688 3248 801 3307 locutio
818 3265 887 3308 asse
902 3248 1069 3327 antiquitus
1084 3245 1197 3306 tradita
1212 3245 1317 3328 (quem

77 3357 80 3362 '
179 3347 219 3409 ad
243 3349 364 3410 modum
389 3351 488 3410 senati
514 3349 684 3410 consultum
710 3347 749 3408 de
771 3347 1017 3408 Bacchanalibus
1044 3369 1188 3409 enarrans
1210 3349 1316 3408 Livius

179 3463 301 3522 xxm,
319 3460 351 3512 ll
364 3451 575 3530 antiquitatem
591 3451 726 3510 servavit
740 3449 771 3508 in
787 3467 888 3509 caroso
902 3447 1081 3529 sacrorum),
1099 3447 1182 3510 haud
1196 3451 1261 3509 scio
1276 3469 1316 3522 pn

179 3553 254 3614 illud
280 3553 379 3633 ipsum
403 3551 516 3616 indicio
539 3553 578 3612 sit
602 3552 763 3612 verborum
788 3571 807 3610 a
833 3553 1000 3612 vetustiore
1022 3529 1162 3625 auctore,
1179 3551 1317 3612 Varrone

179 3663 268 3736 puto,
285 3662 482 3734 sumptorum.

263 3757 381 3817 Ibidem
404 3759 534 3816 uitandus
553 3775 608 3836 pro
629 3759 776 3815 euitandas
790 3756 936 3816 Suetonio
959 3753 1092 3816 reddens
1106 3754 1236 3815 Rotbins
1259 3755 1317 3814 etsi

179 3879 240 3920 non
256 3857 390 3920 debebat
402 3857 530 3918 verbum
545 3858 742 3938 compositum
758 3855 865 3918 abillo
881 3858 1002 3916 omnino
1020 3855 1212 3931 subindicare,
1236 3856 1317 3936 quod

107 3988 110 3998 ¹
180 3969 281 4022 exstat
297 3961 369 4021 Tib.
386 3969 420 4024 35
442 3963 481 4018 ud
495 3963 642 4019 euitandas
656 3964 746 4035 lupum
755 3977 879 4034 poenos,
901 3966 1005 4019 tamen
1022 3966 1054 4020 et
1071 3958 1260 4038 frequentari
1278 3955 1317 4017 ab

181 4063 288 4126 eodem
307 4067 398 4124 ultore
414 4082 487 4122 vere
510 4060 587 4122 dixit
609 4069 639 4122 et
660 4059 875 4141 percommode
898 4061 1130 4122 constructionis
1146 4059 1318 4140 exemplum

180 4165 363 4226 simillimum
386 4167 486 4226 evita
508 4164 538 4223 d.
557 4164 637 4242 Aug.
655 4174 689 4227 45
710 4163 853 4244 protulit:
880 4181 928 4222 sou
949 4166 1057 4222 uitandi
1073 4167 1194 4223 mmoris
1215 4179 1318 4220 cousso

179 4289 232 4345 quo
247 4279 359 4344 patrem
378 4271 526 4327 Comatam
544 4269 625 4342 uulpo
643 4268 842 4342 reprehensum
856 4267 1087 4326 commorassent
1161 4281 1210 4323 sou
1229 4265 1319 4324 studio

178 4375 324 4446 mactandi
337 4387 372 4429 oc
391 4374 533 4446 uoluptate
547 4387 602 4444 quo
624 4373 714 4428 tenem'
730 4386 762 4428 so
776 4414 784 4430 .
799 4410 807 4425 .
824 4412 831 4428 .
848 4370 999 4445 professus
1017 4378 1066 4428 ost.
1107 4365 1198 4446 Quod
1218 4357 1317 4445 ipsum

179 4474 352 4554 exernplom
369 4471 495 4532 incitat
509 4471 729 4552 propemodum
745 4471 882 4551 suspicer
896 4471 1035 4532 similiter
1051 4471 1082 4530 in
1099 4471 1164 4528 vita
1180 4467 1318 4528 Terentii

355 4589 358 4594 ·
1050 4566 1116 4632 33*
