3064 5064
561 437 565 453 ,
612 401 654 448 nn
677 401 792 450 rosrts
1233 383 1273 448 ta

132 551 301 618 serebatur
336 573 416 640 apes
449 552 729 618 circumcolarum
761 575 863 640 osque
896 549 1048 618 insedere
1081 543 1273 640 complures,

133 665 186 718 aut
209 654 338 720 dulcem
363 656 426 719 iam
451 663 519 718 tum
542 655 692 742 spiritum
721 656 792 718 eius
815 655 1002 720 haurientes
1019 663 1076 720 aut
1096 654 1274 720 facundum

133 765 162 820 ct
180 757 312 844 qualern
335 777 431 843 nunno
440 757 650 820 aestimamus
673 755 818 820 futurum
841 756 1075 842 significantes.
1110 759 1158 843 (a)
1181 777 1274 844 prae·

133 857 319 946 captoribus
332 865 410 922 tnnc
427 857 692 922 eminentissimis
709 865 759 921 est
774 857 921 922 eruditus
938 879 1059 946 eosque
1077 847 1275 942 intrabrepe

115 961 287 1046 atemporis
324 960 463 1045 spatium
497 959 629 1044 ingenio
657 957 871 1044 adaequauit,
906 981 973 1023 una
1006 981 1084 1023 uero
1107 959 1274 1024 studentes

134 1062 300 1149 superauit
326 1059 538 1147 profectibus.
586 1058 781 1124 declamauit
809 1068 840 1124 et
866 1081 984 1146 graece
1013 1067 1046 1124 et
1073 1058 1175 1124 latine
1201 1081 1274 1124 cum

134 1185 252 1249 magna
279 1160 495 1229 admiratione
521 1160 735 1224 audientium.
775 1161 816 1226 ob
846 1160 932 1248 quod
954 1160 1072 1246 puerili
1095 1169 1218 1225 mutato
1240 1163 1275 1226 in

134 1265 337 1330 senatorium
350 1261 474 1327 cultum
489 1271 522 1324 et
538 1261 572 1324 in
588 1264 740 1333 notitiam
757 1261 909 1326 Caesaris
931 1262 1070 1328 Neronia
1087 1262 1184 1328 facile
1202 1285 1274 1350 per·

134 1369 235 1448 uenit,
265 1375 298 1430 et
325 1363 447 1430 honore
469 1363 606 1426 uixdum
629 1365 728 1428 aetati
751 1363 860 1429 debito
881 1362 1000 1448 dignus
1027 1364 1190 1428 iudicatus
1214 1373 1272 1428 est.

107 1495 126 1534 a
134 1471 234 1554 gessit
267 1475 376 1533 autem
404 1475 629 1554 quaesturam,
662 1466 696 1529 in
724 1487 789 1550 qua
815 1487 888 1528 cum
916 1467 1049 1550 collegis
1080 1488 1170 1530 more
1197 1475 1275 1530 tune

134 1572 251 1634 usitato
285 1589 402 1631 munus
438 1566 669 1651 gladiatorium
696 1567 800 1631 edidit
828 1567 969 1632 secundo
999 1566 1110 1654 populi
1144 1566 1274 1646 fauore3

135 1671 348 1736 sacerdotium
370 1669 468 1734 etiam
486 1670 614 1755 accepit
629 1677 818 1754 auguratus.
849 1667 1000 1755 equidem
1014 1667 1174 1734 'hactenus
1195 1678 1275 1732 tem-

135 1795 210 1859 pora
233 1771 348 1835 habuit
370 1769 525 1835 secunda.
560 1793 644 1858 quae
666 1778 846 1856 sequuntur
874 1779 982 1834 autem
1004 1778 1129 1832 mutata
1150 1769 1294 1832 inuidia·

135 1885 164 1937 et
185 1875 260 1938 odio
281 1871 422 1937 Neronis
449 1873 514 1956 ipsi
536 1874 671 1936 exitium
700 1872 886 1937 domesticis
911 1870 1033 1936 luctum
1054 1869 1275 1935 miserabilem

109 1975 321 2044 sattulerunt.
361 1997 434 2038 cum
457 1976 542 2038 inter
566 1976 688 2038 amicos
711 1976 798 2039 enim
819 1974 970 2039 Caesaris
992 1981 1058 2035 tarn
1080 1974 1274 2058 conspicuus

135 2077 223 2142 tieret
236 2075 403 2163 profectus
419 2073 519 2162 (eius)
539 2077 574 2139 in
588 2079 729 2163 poetica,
753 2077 940 2162 frequenter
956 2075 1072 2160 (Nero)
1090 2067 1273 2139 offendeba-

135 2189 201 2262 tur3
231 2181 352 2267 quippe
372 2187 404 2242 et
427 2179 603 2242 certamine
621 2181 841 2265 pentaetcrico
860 2185 933 2242 acto
949 2178 982 2239 in
1000 2175 1134 2260 Pompei
1149 2175 1275 2240 theatro

137 2281 285 2346 laudibus
313 2280 459 2344 recitatis
485 2279 519 2342 in
547 2277 711 2345 Neronem
734 2280 841 2344 luerat
864 2286 1053 2359 coronatus,
1082 2285 1114 2339 et
1136 2298 1179 2340 ex
1197 2286 1275 2340 tenr-

137 2404 210 2467 porc
230 2381 363 2468 Orphea
386 2382 540 2468 scriptum
563 2381 597 2444 in
621 2383 878 2468 experimentum
901 2380 1072 2461 aduersum
1094 2377 1276 2464 complures

110 2485 282 2548 crediderat
310 2491 423 2570 poetas
452 2492 484 2547 et
520 2492 586 2547 tres
619 2482 720 2548 libros
746 2483 859 2570 quales
887 2481 1045 2544 uidemus.
1088 2501 1188 2565 quare
1215 2479 1298 2543 ini-⁹

138 2587 252 2650 micum
287 2585 351 2649 sibi
380 2585 503 2650 fecerat
534 2586 773 2671 imperatorem.
826 2605 889 2671 quo
918 2582 1092 2646 ambitiosa
1127 2582 1275 2645 uanitate

138 2709 198 2752 nou
219 2687 387 2750 hominum
408 2681 534 2750 tantum
556 2687 614 2751 sed
637 2695 669 2751 ct
697 2687 815 2750 artium
839 2686 902 2750 sibi
924 2684 1142 2772 principatum
1170 2681 1275 2746 uindi-

138 2799 245 2870 cante,
268 2789 477 2853 interdictum
499 2800 548 2852 est
572 2790 602 2852 ei
626 2792 769 2876 poetica,
793 2787 1001 2852 interdictum
1024 2794 1074 2848 est
1089 2786 1187 2848 etiam
1201 2805 1275 2848 cau·

218 2995 250 3044 21
269 3011 327 3060 sqq.
345 2995 460 3046 Tacitus
478 3010 542 3046 ann.
561 2995 610 3046 XV
629 2995 675 3046 aaz
700 2996 851 3045 ‘Lucanum
870 2994 996 3060 propriae
1022 3007 1124 3042 causae
1143 2991 1276 3042 accende-

140 3063 210 3126 bant,
231 3065 300 3128 quod
320 3064 421 3112 lamam
440 3064 591 3114 carminum
609 3065 669 3113 aius
686 3064 830 3129 premebat
845 3063 917 3113 Nero
935 3061 1167 3127 prohibueratque
1186 3066 1276 3108 osten-

138 3138 195 3180 tare
212 3147 299 3180 uanus
318 3129 551 3182 adsimulatione!

220 3319 459 3380 ‘linhaurientas
488 3313 550 3398 ΜΗ
566 3319 731 3379 facundum
761 3323 897 3378 Weberas
916 3315 1100 3377 faecundum
1120 3319 1275 3372 Wsecun-

140 3405 207 3464 dum
229 3407 261 3463 M
279 3399 292 3486 Η
315 3415 332 3466 3
357 3404 561 3464 existimamus
587 3409 650 3464 edd.
673 3414 739 3464 vett.
760 3401 773 3486 Η
795 3425 813 3464 a
835 3408 944 3464 addidit
966 3405 1122 3474 quonb'na
1137 3395 1150 3480 Η
1165 3411 1182 3460 4
1197 3400 1277 3456 intra
1385 3424 1388 3433 ¹

140 3495 173 3549 ab
192 3495 254 3549 aad.
278 3508 364 3546 muna
387 3492 453 3548 odd.
483 3493 520 3548 W
537 3485 551 3572 Η
572 3503 588 3553 5
609 3491 746 3569 spacium
767 3492 802 3548 Μ
817 3485 869 3572 Ηθ
897 3497 928 3548 et
944 3507 997 3545 om.
1020 3483 1080 3567 ΜΗ
1094 3503 1185 3564 grece
1204 3485 1281 3540 MW

140 3572 309 3656 ltdebito]
332 3574 440 3633 danico
474 3577 512 3634 W
529 3574 541 3657 Η
564 3589 611 3634 est
629 3575 780 3634 iudicatus
799 3577 833 3633 M
851 3569 863 3655 Η
887 3585 915 3636 ll
934 3571 1038 3630 edudit
1056 3567 1116 3654 ΜΗ
1132 3567 1276 3628 secundo.

140 3666 233 3734 inam
247 3663 274 3718 b.
289 3664 307 3718 l.
324 3659 353 3716 B
367 3654 380 3740 Η
398 3667 430 3722 12
451 3669 616 3736 auguratus
636 3664 752 3719 evanuit
766 3665 795 3718 in
812 3663 840 3718 B
855 3655 868 3741 Η
887 3667 917 3720 14
932 3656 1105 3718 demostieis
1122 3659 1150 3714 B
1165 3650 1179 3734 Η
1192 3652 1277 3711 luctu

139 3751 189 3804 red
201 3755 231 3804 tu
241 3755 339 3819 postea
355 3747 422 3803 add.
435 3748 463 3803 B
477 3741 490 3827 Η
505 3745 678 3808 miserabile
693 3750 720 3802 B
734 3741 747 3827 Η
765 3757 797 3808 15
811 3765 878 3804 eum
891 3763 944 3802 om.
968 3743 1030 3800 WB
1045 3737 1058 3826 Η
1075 3751 1107 3806 16
1119 3741 1276 3821 profectus

141 3833 204 3890 cius
216 3835 333 3903 scripsi:
349 3831 505 3908 profectus
520 3835 587 3891 libri
604 3831 793 3909 profectibus
821 3831 957 3888 Weberus
971 3823 985 3908 Η
1001 3829 1178 3908 frequenter
1193 3824 1276 3883 Nero
1371 3837 1374 3841 ·

141 3913 345 3975 offendebatur
362 3919 482 3988 scripsi.-
502 3918 679 3997 frequenter
697 3915 906 3974 offendebatur
928 3915 956 3970 B
978 3913 1156 3993 frequenter
1176 3917 1277 3968 osten-

142 4001 264 4060 debatur
283 4001 317 4057 M
323 4001 360 4056 W
380 3999 557 4079 frequenter
577 3999 752 4060 offendebat
783 4003 920 4058 Weberus
946 3992 960 4078 Η
982 4003 1012 4060 17
1037 3996 1225 4078 pentaterico
1247 3992 1281 4049 M

141 4086 322 4166 pentaterico
334 4102 374 4142 ex
391 4087 566 4162 peutaerico
582 4105 660 4144 corr.
682 4088 719 4143 W
725 4085 913 4165 penteterioo
927 4085 956 4141 B
998 4082 1131 4161 pompeii
1145 4083 1171 4138 B
1186 4076 1200 4160 Η
1214 4087 1277 4136 toa·

141 4181 186 4228 tro
209 4173 267 4228 WB
282 4166 295 4252 Η
312 4179 344 4234 19
359 4168 521 4230 aduersum
544 4174 697 4230 Weberus:
715 4191 751 4229 ac
766 4190 871 4229 uerum
892 4171 957 4226 libri
1001 4167 1191 4246 cumplures
1214 4165 1250 4220 W
1264 4157 1276 4241 Η

141 4263 175 4316 to
187 4252 259 4333 tres]
276 4265 395 4318 ceteros
416 4255 553 4316 Webcrus
569 4253 582 4340 Η
597 4267 628 4319 21
643 4256 778 4314 uanitate
790 4257 822 4312 M
832 4256 947 4313 unitate
971 4255 1009 4311 W
1020 4252 1156 4312 imitante
1177 4253 1204 4306 B
1217 4246 1280 4325 (sed

142 4341 165 4398 it
178 4360 197 4400 a
214 4359 285 4400 man.
301 4338 372 4418 sec.)
389 4337 402 4420 Η
416 4347 450 4400 22
462 4342 667 4403 uindicantem
693 4344 731 4399 W
741 4335 755 4422 Η
772 4349 806 4403 23
819 4337 1013 4400 interdictum
1030 4336 1133 4416 B(sed
1148 4337 1190 4394 iet
1204 4339 1279 4392 inter

142 4425 204 4504 lia.)
218 4427 365 4489 interdum
391 4429 430 4485 W
441 4424 453 4507 Η
469 4430 610 4509 poeticae
626 4428 660 4484 M
