3162 5058
507 440 681 483 vannoavrr
704 441 944 483 nrureauarme
1234 425 1294 490 281

238 603 373 652 noenu
397 596 429 652 ot
451 593 581 671 niveos]
598 589 726 653 moenia
739 585 944 676 publicorum
960 595 1036 652 eunt
1051 609 1195 675 operum,
1212 588 1296 652 muri
1338 639 1342 646 .

156 689 377 753 aedificiorum
396 690 609 776 priuatorum.

239 807 360 855 neuun
388 801 422 856 et
446 798 623 875 menerva]
652 813 761 857 mereo
786 801 890 856 meret
922 795 997 878 quie
1029 790 1211 856 mercedem
1243 789 1298 855 uel

157 913 306 979 poenam:
335 915 461 957 mereor
488 904 630 959 meretur
656 903 764 958 autem
793 895 848 981 qui
882 915 924 957 ex
945 892 1080 958 alteriue
1101 892 1221 956 iudicio
1243 913 1298 979 pa·

137 1015 224 1060 arem
245 993 414 1060 benefieiis
436 997 577 1079 gratiam
599 1005 761 1083 expectat.

239 1113 381 1162 mundos
403 1107 436 1162 et
453 1113 594 1162 Mundus
615 1097 676 1162 hoe
699 1097 934 1182 differt:mergi
957 1103 1033 1160 aunt
1050 1117 1129 1160 auea
1151 1095 1297 1159 marinae

156 1219 239 1284 quae
259 1219 294 1262 ae
319 1201 352 1263 in
375 1221 493 1287 aquam
514 1208 684 1284 mergunt3
705 1219 836 1283 mergae
858 1206 933 1262 eunt
953 1195 1057 1260 fustes
1077 1195 1208 1261 deducti
1227 1197 1298 1284 qni-

156 1297 216 1362 bue
238 1302 371 1365 metitur
392 1301 425 1364 in
447 1301 542 1388 aquia
563 1301 720 1388 profundi
741 1301 917 1388 quantitas.

238 1418 383 1466 uvnnvu
403 1411 436 1466 et
456 1408 631 1484 Neutrum]
663 1401 772 1466 nullus
798 1401 840 1465 ad
865 1401 1019 1464 uniuersa
1041 1409 1148 1486 potest
1170 1397 1298 1482 referri,

126 1517 249 1566 onemo
270 1503 314 1566 ad
337 1503 510 1586 hominem,
537 1504 628 1570 uelut
650 1525 691 1567 ne
714 1501 809 1568 horno
832 1501 975 1590 quidem.

238 1620 357 1668 noouv
380 1613 413 1668 et
436 1611 564 1687 Noctu]
595 1615 694 1670 noetu
720 1607 767 1668 aie
796 1603 934 1668 dicimus
962 1601 1124 1691 quomodo
1144 1603 1299 1686 interdiu,

155 1713 186 1768 et
208 1705 374 1790 significat
395 1704 536 1792 aliquam
558 1718 682 1792 partem
705 1706 827 1788 noetis,
851 1709 901 1790 (ut
917 1703 1075 1791 interdiu)
1100 1703 1183 1797 diei3
1203 1713 1298 1770 noete

156 1815 261 1870 autem
285 1815 387 1870 totam
410 1818 537 1872 noctem
558 1806 792 1892 intellegimus.

238 2029 351 2080 Moenia
371 2035 398 2080 et
416 2029 435 2092 †
454 2029 591 2097 aedificia]
610 2031 635 2081 G
653 2047 678 2096 p.
700 2029 747 2080 102
764 2045 790 2080 n.
810 2029 874 2080 205:
894 2030 979 2080 ‘luter
996 2031 1106 2081 moenia
1125 2035 1152 2079 et
1171 2029 1299 2080 aedificia

157 2095 206 2147 hoe
234 2099 365 2188 interest,
396 2099 466 2163 quod
495 2100 604 2150 moenia
632 2098 802 2164 publicorum
829 2104 892 2149 aunt
915 2111 1027 2163 operum
1051 2097 1179 2148 aedificia
1208 2097 1298 2162 priua·

156 2171 251 2214 torum.

222 2233 312 2284 Meret
329 2239 358 2288 et
376 2231 505 2299 meretur]
525 2235 548 2284 G
569 2250 596 2299 p.
622 2233 670 2283 104
688 2249 715 2283 u.
734 2233 798 2284 232:
825 2234 909 2284 ‘inter
932 2239 1037 2284 moeret
1054 2237 1083 2282 et
1109 2237 1229 2282 meretur
1246 2233 1299 2282 hou

156 2299 278 2362 interest,
299 2302 370 2366 quod
389 2301 434 2366 qui
452 2309 557 2352 moeret
575 2301 660 2351 tristia
680 2311 735 2364 eet,
758 2307 878 2352 meretur
897 2305 988 2350 antem
1008 2301 1053 2365 qui
1072 2315 1106 2350 ex
1125 2298 1239 2349 alteriue
1258 2299 1298 2348 iu-

157 2367 228 2418 dicio
250 2384 345 2434 parem
370 2368 507 2420 beneflcio
530 2371 648 2434 gratiam
673 2367 822 2434 enpeetat.¹
859 2369 883 2417 G
901 2384 927 2432 p.
949 2366 997 2417 100
1014 2383 1040 2418 n.
1061 2366 1122 2416 171:
1142 2367 1225 2417 ‘Inter
1242 2383 1299 2416 me-

157 2450 202 2484 reo
221 2441 248 2485 et
264 2453 373 2486 mereor
390 2436 442 2486 hou
461 2438 578 2487 interant
596 2437 666 2502 quod
685 2453 776 2488 mereo
795 2452 843 2502 pro
861 2437 959 2486 merito
972 2435 1092 2496 seruitii,
1118 2449 1224 2484 mereor
1249 2450 1298 2500 pro

156 2519 237 2568 opere
255 2505 405 2566 mercedie;
430 2505 470 2555 eie
488 2507 593 2555 rumino
612 2506 732 2554 ruminor
750 2509 778 2554 et
795 2503 837 2553 hie
856 2501 977 2553 similia)
1014 2501 1109 2554 1365:
1135 2503 1218 2552 ‘Inter
1241 2517 1299 2552 me·

156 2578 228 2620 retur
251 2577 279 2622 et
301 2578 414 2622 moeret.
444 2573 489 2638 qui
512 2579 631 2623 meretur
652 2573 749 2636 (lignus
774 2577 817 2622 eat
840 2572 931 2636 aliquo
948 2571 1098 2632 benefiein,
1123 2571 1168 2636 qui
1194 2574 1300 2620 moeret

157 2640 242 2688 tristia
260 2643 326 2690 est*
354 2639 445 2705 Caper
463 2641 496 2690 de
515 2641 606 2692 verbis
625 2641 714 2691 dubiis
732 2657 758 2704 p.
778 2640 857 2688 2249:
878 2640 995 2689 ‘Mereor
1013 2639 1047 2689 de
1061 2645 1097 2700 te,
1116 2655 1209 2688 mereo
1221 2653 1298 2688 aera.

157 2706 293 2771 epten:
318 2707 416 2757 ‘Meret
433 2709 559 2773 pretium,
579 2714 699 2758 meretur
717 2709 843 2772 gratiam.
881 2709 974 2772 itaque
992 2705 1061 2756 illud
1078 2706 1226 2771 aenigne,
1245 2705 1298 2756 hoe

157 2773 316 2825 honoratum
336 2773 397 2825 eet'

238 2844 329 2908 Mergi
347 2849 376 2894 et
393 2841 515 2908 mergae]
529 2843 621 2910 Caper
639 2844 672 2894 de
686 2844 777 2894 vorbis
796 2843 887 2894 dubiis
905 2860 931 2909 p.
946 2841 1027 2893 2240:
1048 2843 1215 2908 ‘Mergentea
1228 2857 1297 2892 mer-

157 2925 256 2972 sorum,
274 2912 362 2974 mergi
381 2909 467 2962 aues!

239 2979 347 3028 Nullum
370 2985 398 3030 et
420 2975 569 3044 nerninem]
589 2979 613 3029 G
631 2995 658 3044 p.
676 2977 710 3028 70
727 2993 753 3028 n.
777 2979 807 3028 2:
833 2979 938 3028 ‘Nullus
957 2983 1048 3044 potest
1073 2979 1107 3028 ad
1132 2977 1234 3044 aliquid
1258 2995 1300 3028 re·

158 3045 231 3106 ferri,
250 3061 332 3096 nemo
350 3047 385 3096 ad
402 3047 552 3097 hominem:
573 3051 601 3095 et
620 3052 662 3097 est
680 3063 759 3096 nemo
778 3048 857 3112 quasi
876 3063 927 3096 nee
945 3045 1044 3098 homo!
1084 3047 1111 3096 H
1129 3063 1155 3112 p.
1174 3045 1204 3096 8:
1225 3046 1298 3096 ‘Nul-

157 3111 210 3162 lum
229 3115 307 3178 quasi
326 3115 360 3164 ad
378 3115 516 3166 nemiuem
535 3115 633 3166 reterri
652 3115 803 3177 hominem,
821 3131 902 3166 nemo
922 3116 999 3180 quusi
1017 3131 1069 3165 nee
1088 3113 1186 3164 homo.'
1225 3116 1249 3163 R
1271 3131 1297 3179 p.

157 3179 217 3230 312:
238 3181 333 3232 ‘Nemo
353 3183 386 3232 ad
405 3197 550 3247 personam
569 3184 690 3248 pertinet
709 3189 896 3248 praesentem.
916 3189 945 3232 at
963 3182 1053 3233 nullus
1071 3183 1099 3232 iu
1118 3189 1231 3246 utroque
1250 3199 1297 3246 ge·

156 3264 235 3309 uere,
259 3249 285 3298 id
305 3255 347 3300 eat
369 3250 459 3300 nulius
478 3266 562 3315 equus
581 3251 670 3300 nulius
687 3249 786 3300 hom0.’
822 3247 915 3302 1387:
941 3251 1091 3300 ‘Neminem
1111 3251 1146 3300 ad
1163 3250 1298 3299 hominem

156 3315 313 3380 referimus,
331 3317 434 3368 nullum
455 3318 489 3368 ad
508 3317 618 3368 omnia.¹
638 3319 660 3368 F
679 3335 705 3383 p.
724 3317 787 3369 358:
817 3319 921 3368 ‘Nullus
941 3323 983 3370 est
1001 3325 1057 3368 tam
1075 3319 1102 3366 in
1121 3333 1250 3385 requam
1269 3318 1297 3367 in

156 3399 280 3448 pareone.
318 3402 397 3436 nemo
416 3387 443 3435 in
462 3401 580 3451 persona
599 3387 707 3447 dicitur,
732 3387 759 3436 id
778 3392 820 3436 eet
837 3401 917 3437 nemo
935 3384 1036 3437 homo.’

238 3453 327 3502 Noetu
347 3457 375 3503 et
393 3451 486 3518 nocte]
505 3454 528 3504 G
546 3471 572 3519 p.
591 3453 623 3502 tl
643 3469 669 3503 n.
689 3453 734 3504 26:
755 3455 852 3504 ‘Noetu
870 3456 910 3506 eie
929 3455 1043 3504 dicimus
1062 3453 1196 3518 quomodo
1213 3453 1297 3502 inter·

157 3519 210 3580 diu,
230 3526 259 3570 et
276 3521 417 3585 significat
435 3521 556 3586 aliquem
574 3530 680 3587 purtem
699 3524 798 3584 noetis,
816 3529 897 3573 noete
918 3529 1008 3572 autem
1027 3526 1113 3571 totam
1131 3525 1239 3570 noctem
1256 3520 1298 3568 in·

157 3587 324 3652 attigimus!
360 3589 386 3638 H
406 3606 431 3654 p.
453 3589 497 3639 16:
518 3591 621 3640 ‘Noetu
640 3590 733 3654 aliqua
751 3607 815 3656 pare
833 3591 936 3650 noetio,
956 3589 1088 3654 quomodo
1106 3587 1225 3638 interdiu
1243 3587 1297 3652 eig-

157 3655 252 3704 nificat
270 3655 390 3721 aliquam
414 3655 470 3706 diei
493 3665 614 3722 partem
641 3665 722 3708 noete
747 3663 839 3708 autem
862 3663 948 3707 totam
971 3663 1080 3706 noetem
1099 3654 1298 3721 intelligimus!

156 3723 268 3773 Flavius
286 3723 379 3789 Caper
395 3725 430 3774 de
450 3725 647 3790 orthographia
666 3742 691 3790 p.
710 3726 777 3774 2242
796 3727 830 3774 P:
856 3725 958 3774 ‘Noetu
980 3723 1110 3790 temporie
1135 3729 1178 3773 est
1201 3723 1298 3774 aduer-

156 3790 241 3906 lpiurm
271 3797 353 3880 poete
380 3807 481 3842 nomeu
507 3799 562 3844 est:
597 3799 694 3856 noctu,
724 3793 852 3854 dicimus,
881 3793 1011 3854 coeuaui;
1041 3791 1094 3841 hae
1122 3796 1202 3842 noete
1231 3789 1300 3840 nihil

174 3874 272 3910 ramus.

240 4039 370 4090 lmuros
394 4035 514 4104 scripsi:
543 4031 683 4090 aedificia
706 4033 739 4090 M
758 4025 772 4112 ΙΙ
795 4051 889 4109 opera
910 4031 943 4088 M
959 4023 973 4111 ΙΙ
994 4030 1071 4088 muri
1094 4029 1300 4089 aedificiorum
1344 4099 1347 4107 Ι

156 4116 276 4187 scripsi.-
310 4113 453 4174 aedificia
473 4117 506 4174 M
525 4110 538 4199 ΙΙ
559 4127 576 4178 t
600 4117 726 4176 alterius
756 4119 892 4175 Mettius:
924 4115 1030 4174 alterio
1052 4117 1086 4174 M
1103 4109 1117 4196 ΙΙ
1138 4123 1155 4178 6
1178 4133 1299 4191 mergor

158 4202 276 4272 scripsi:
297 4201 394 4277 mergi
411 4203 444 4260 M
457 4196 470 4282 Η
485 4219 605 4280 mergae
621 4207 742 4277 scripsi:
769 4219 890 4279 mergae
911 4202 946 4260 M
956 4195 969 4281 ΙΙ
986 4199 1129 4262 differunt
1144 4201 1266 4259 Raetiae
1284 4197 1297 4278 'i

156 4281 304 4344 ididueti
324 4301 405 4358 susp.
426 4289 459 4345 0.
479 4283 634 4368 latraturi!
654 4297 672 4350 8
694 4289 849 4368 quantitas
869 4289 1008 4344 Mettius:
1033 4285 1213 4366 quantitatis
1237 4287 1270 4343 M
1284 4252 1295 4363 ii

159 4377 190 4430 10
205 4367 294 4427 homo
311 4371 451 4429 Mettius:
469 4371 621 4432 hominem
633 4375 666 4430 M
678 4367 691 4456 [1
710 4384 738 4435 11
753 4381 862 4431 noctae
874 4373 907 4429 M
920 4365 933 4452 i}
949 4379 981 4432 tr
995 4379 1028 4428 ut
1043 4369 1175 4430 interdiu
1190 4373 1301 4429 addidit

156 4454 325 4512 Bourdonos
