3190 5098
251 361 314 426 390
571 377 794 428 ovassrronns
815 375 1041 420 sinuaminis

253 533 394 592 effectum
413 539 468 590 est.
498 549 568 589 narn
592 529 673 609 quod
695 529 873 606 Lessingius
898 529 929 586 in
948 511 1089 588 vindiciis
1111 527 1288 588 Horatianis
1309 527 1388 586 hunc

251 634 352 692 locum
369 651 437 690 cum
451 632 560 691 Hostia
577 632 658 711 apud
677 630 827 690 Senecam
854 637 1085 690 commemorato
1107 631 1282 709 conposuit,
1304 630 1389 689 ouius

253 733 434 814 inpudicitia
454 735 485 791 in
501 733 599 793 simile
615 733 726 792 Horati
747 752 857 792 nomen
878 733 1024 792 translata
1040 741 1135 806 esset,
1157 751 1217 790 non
1238 732 1391 810 reputavit

254 857 386 896 summus
408 835 462 894 ille
484 837 546 910 vir,
568 834 649 914 apud
670 834 883 914 philosophum
905 834 943 893 de
965 835 1087 914 pathice
1104 835 1170 911 agi,
1195 833 1305 892 deinde
1322 853 1390 912 spe·

255 939 324 998 cula
344 937 467 1018 quidem
488 937 602 996 abhoc
626 935 763 996 adhibita
784 957 852 995 esse
875 936 931 996 sed
950 927 1026 996 talia
1050 935 1159 1018 quibus
1175 955 1223 993 res
1244 955 1391 1012 augeren-

196 1055 200 1064 ·
255 1048 311 1098 tur.
348 1048 453 1099 contra
482 1039 665 1099 simillimam
684 1037 942 1097 narratiunculam
961 1039 1089 1098 Rothius
1111 1059 1127 1097 e
1151 1037 1274 1097 scholiis
1294 1037 1391 1095 Hora·

255 1143 345 1200 tinnis
367 1163 413 1220 ep.
432 1142 512 1214 119,
531 1151 543 1201 1
565 1139 602 1199 de
620 1140 744 1200 Cratino
765 1141 795 1198 in
821 1142 1066 1220 conparationem
1093 1139 1196 1198 attulit
1219 1140 1332 1200 hence:
1362 1148 1394 1198 ut

255 1246 415 1302 cubiculum
435 1263 517 1302 suam
539 1247 663 1317 speculis
685 1247 858 1313 adoratura,
878 1251 1020 1318 quatenus
1040 1251 1069 1299 et
1088 1245 1191 1300 coitum
1213 1259 1294 1300 suum
1312 1259 1393 1315 spec·

256 1355 320 1402 ture
341 1353 447 1418 posset.
481 1344 601 1405 accedit
624 1343 705 1424 quod
727 1331 836 1403 similia
857 1345 979 1413 nomine
997 1342 1137 1402 Cratinus
1155 1352 1186 1402 et
1206 1341 1351 1401 Horatius
1375 1362 1395 1401 a

256 1444 388 1504 librariis
414 1445 647 1505 confunduntur.
675 1447 715 1504 cf.
738 1467 768 1525 p.
796 1455 827 1517 9,
856 1457 896 1508 15.
930 1446 1022 1505 nolim
1049 1453 1150 1504 tamen
1177 1443 1394 1520 interpolatori,

258 1566 325 1604 earn
353 1550 504 1607 sententia
528 1548 705 1626 ceteroquin
731 1567 791 1606 non
815 1546 1005 1625 ineleganter
1030 1546 1219 1606 conformata
1243 1547 1296 1618 sil,
1322 1545 1394 1604 talia

258 1646 391 1708 tribuere
406 1653 553 1722 speculato
570 1653 699 1709 cubiculo
724 1658 753 1707 et
773 1653 906 1708 babuisse
926 1654 1063 1724 disposita
1085 1658 1116 1707 ui
1135 1665 1312 1724 quocumque
1334 1665 1395 1706 res·

254 1754 385 1823 pesisset
406 1754 447 1808 ibi
469 1757 511 1828 ei,
539 1771 639 1830 neque
667 1749 885 1808 absurditatem
910 1751 1010 1824 illam,
1036 1769 1095 1830 qua
1122 1749 1209 1829 plura
1234 1758 1334 1808 scorta
1351 1751 1396 1809 in-

258 1852 408 1924 ferantur,
430 1861 463 1911 ut
478 1852 580 1911 malim
599 1853 761 1911 lenissimis
778 1851 1041 1911 emendationibus
1059 1851 1201 1928 Lessingi
1221 1861 1252 1911 et
1272 1851 1395 1913 Ouden-

260 1951 347 2030 dorpi
374 1952 517 2012 adhibitis
538 1953 688 2014 emblema
709 1955 753 2012 sic
771 1954 947 2012 restituere:
977 1937 1043 2011 uam
1068 1957 1185 2028 specula
1211 1959 1242 2012 iu
1268 1959 1397 2014 cubiculo

258 2061 391 2111 scortona
420 2059 459 2112 ita
487 2060 594 2115 dicitur
618 2059 750 2114 babuisse
778 2059 930 2128 disposita,
959 2065 990 2112 ut
1015 2073 1193 2130 quocumque
1222 2061 1399 2130 respexisset

258 2143 313 2214 sibi
328 2161 421 2232 imaue
435 2163 526 2216 coitus
540 2160 715 2233 referretur.

346 2257 434 2336 Quae
457 2258 708 2338 interpolationes
734 2279 801 2317 cum
828 2258 956 2318 candem
983 2259 1035 2318 vel
1063 2260 1245 2320 simillimam
1270 2262 1399 2321 Horatio

261 2362 361 2421 aliena
382 2359 556 2440 adfingendi
573 2359 741 2419 lubidinem
756 2380 830 2440 prae
848 2360 1012 2434 scierant,
1029 2363 1108 2422 inter
1128 2382 1161 2421 se
1183 2364 1399 2444 conponendae

261 2477 344 2538 sant,
371 2473 405 2523 ut
429 2463 572 2523 iodicium
599 2462 637 2522 de
665 2462 763 2522 altera
790 2463 914 2522 alterius
938 2463 1151 2542 proscriptioni
1176 2465 1266 2524 fidem
1293 2465 1398 2526 faciat.

262 2567 327 2625 eius
358 2567 450 2642 igitur
481 2584 570 2645 quam
606 2563 740 2622 secundo
771 2565 839 2622 loco
866 2565 954 2642 posui
989 2565 1070 2644 qnod
1102 2567 1186 2642 origo
1213 2568 1242 2625 in
1276 2567 1400 2626 scholiis

262 2667 439 2748 quaerenda
459 2675 520 2740 est,
544 2685 601 2724 nec
620 2665 747 2725 alteram
763 2675 833 2725 ante
852 2667 882 2724 in
901 2665 995 2724 vitam
1012 2667 1176 2746 inrepsisse
1197 2677 1286 2747 puto,
1310 2689 1400 2750 quam

263 2789 300 2828 en
321 2769 445 2828 scholiis
467 2769 639 2845 anteposita
662 2777 752 2828 esset.
791 2787 848 2826 nec
872 2766 1063 2847 inprobabile
1085 2789 1157 2828 sane
1179 2771 1268 2828 etiam
1289 2771 1321 2828 in
1343 2770 1401 2828 hoc

263 2870 412 2930 emblema
428 2870 560 2950 aliquam
586 2869 768 2929 scholiorum
786 2872 959 2930 memoriam
982 2869 1130 2930 detortam
1151 2891 1228 2930 esse.
1265 2871 1401 2930 eiusdem

265 2973 374 3032 aetatis
400 2972 460 3032 alia
487 2971 662 3050 corruptela
689 2980 752 3045 est,
783 2992 862 3052 quae
891 2971 1016 3049 egregia
1042 2970 1164 3032 Ottonis'
1194 2973 1281 3031 Ialmi
1311 2993 1402 3053 quarn

264 3091 380 3133 mecum
396 3072 626 3132 communicavit
642 3072 856 3132 observatione
877 3073 1033 3152 patefacta
1056 3083 1112 3132 est.
1150 3095 1220 3133 narn
1240 3083 1401 3153 postquam

265 3176 302 3234 de
323 3174 411 3234 domo
427 3175 536 3235 Horati
555 3195 653 3234 sermo
670 3176 743 3245 fuit,
763 3194 835 3232 ecce
856 3173 932 3232 haec
950 3183 1108 3234 secuntur:
1128 3184 1270 3236 uenerunt
1292 3181 1319 3233 in
1341 3197 1401 3233 ma-

264 3295 319 3336 uus
335 3294 414 3334 meos
434 3287 461 3334 et
483 3281 556 3353 elcyi
573 3279 624 3335 sub
644 3281 724 3336 titulo
740 3281 801 3335 etus
820 3295 846 3337 e.
861 3297 891 3355 q.
907 3296 931 3336 s.
943 3297 974 3356 p.
989 3284 1042 3350 rt,
1063 3284 1105 3341 17.
1124 3297 1232 3359 nempe
1249 3277 1403 3338 intercidit

264 3379 462 3458 genuinorum
488 3389 660 3459 poematum
687 3380 816 3452 mentio,
844 3377 874 3437 id
903 3377 984 3458 quod
1011 3399 1079 3438 cum
1101 3400 1156 3458 per
1177 3401 1211 3440 se
1237 3380 1403 3439 verisimile

265 3483 319 3555 sit,
345 3491 407 3540 tum
429 3493 457 3540 et
478 3482 628 3561 particula
651 3490 755 3562 aperte
777 3481 1006 3540 demonstratur.
1036 3481 1114 3540 hanc
1138 3489 1239 3541 autern
1261 3481 1403 3542 omissam

266 3601 334 3643 csse
349 3583 477 3663 adparet
496 3583 533 3644 ab
551 3605 587 3645 eo
608 3588 659 3667 qui
678 3587 774 3644 vitain
789 3585 819 3641 in
841 3583 962 3642 codices
977 3585 1086 3644 llorati
1107 3584 1275 3660 transtulit3
1296 3603 1401 3663 saper·

265 3705 433 3745 vacaneum
451 3687 530 3745 enirn
546 3707 613 3746 eam
628 3687 750 3758 habuit,
767 3705 834 3744 curn
852 3696 994 3764 poemata
1013 3687 1080 3766 ipsa
1096 3693 1306 3766 sequerentur.

350 3787 480 3846 Restare
498 3789 589 3848 video
612 3789 694 3848 alind
716 3788 895 3847 recentioris
916 3807 1021 3846 manus
1042 3787 1197 3847 indicium.
1227 3807 1296 3846 nam
1318 3783 1403 3846 dubi-

267 3890 324 3948 tan'
346 3909 420 3948 sane
438 3892 559 3968 nequit,
584 3892 656 3970 quin
677 3893 708 3949 in
731 3892 775 3948 eis
792 3909 871 3970 quae
890 3891 920 3948 in
937 3890 997 3947 fine
1017 3889 1099 3947 vitae
1116 3889 1257 3966 leguntur
1272 3911 1302 3969 p.
1320 3897 1369 3960 48,
1387 3897 1405 3950 8

266 3994 401 4049 humatus
418 3999 445 4048 et
461 3995 591 4050 conditus
604 4001 647 4049 est
670 3998 807 4050 extremis
822 3995 959 4068 Esquiliis
982 3991 1134 4048 ‘humatus'
1159 3990 1333 4069 explicandi
1357 4007 1402 4046 ra·

267 4095 355 4154 rioris
372 4097 532 4152 ‘conditus'
550 4094 648 4171 gratia
665 4092 801 4154 additum
819 4114 897 4154 esse.
935 4111 995 4173 qua
1017 4111 1049 4148 re
1065 4101 1151 4150 recte
1168 4091 1209 4150 ll.
1231 4089 1404 4169 Stephanus

267 4200 346 4260 hanc
367 4197 508 4256 voculam
532 4194 685 4254 delevisse
711 4197 840 4256 videtur.
877 4204 1036 4275 praeterea
1060 4193 1261 4272 suspicionem
1282 4201 1405 4252 movent

269 4309 401 4358 eatremo
421 4303 528 4358 iudicia
544 4299 722 4356 Maecenatis
742 4319 770 4377 p.
786 4306 836 4371 45,
852 4307 884 4370 6,
904 4317 971 4356 curn
992 4315 1096 4355 omnes
1119 4294 1190 4354 boni
1212 4303 1352 4354 auctores
1373 4294 1405 4351 in

268 4400 314 4458 his
336 4401 498 4461 Suetonius
519 4408 702 4460 testamenta
721 4410 772 4460 aut
795 4397 907 4458 iudicia
929 4407 981 4458 aut
1001 4417 1143 4478 suprema
1166 4397 1279 4456 iudicia
1300 4395 1403 4455 dicere
