3072 5064
541 451 582 492 nc
606 449 747 492 narvnrs
771 449 879 491 rterrvtr
1062 425 1063 428 '
1222 429 1284 494 235

145 595 268 662 incolae
290 597 442 662 sentiunt.
482 599 592 686 itaque
615 605 746 685 propter
762 597 918 684 impetum
935 602 1081 682 pugnant
1102 591 1172 658 sine
1196 603 1285 658 metu

145 721 184 762 ne
204 699 396 764 deferantur
412 703 451 764 -in
474 699 583 765 littora
610 700 680 762 siue
705 709 822 776 patara
850 717 891 761 ne
919 717 1107 760 auersatum
1139 697 1284 759 ceruices

143 800 230 865 anda
257 802 460 888 praecipitet.
509 801 589 889 quid
616 799 719 884 ergo?
764 798 910 886 delphini
939 807 1065 862 tantum
1093 796 1177 862 hanc
1202 799 1285 862 iniu-

144 905 224 966 riam
246 903 386 968 timcnt?
433 907 529 969 irumo
552 911 584 967 et
603 903 702 966 ceteri
724 903 848 987 pisces:
891 899 1004 964 sediti
1030 907 1158 963 tantum
1187 921 1285 987 appa·

124 1011 229 1087 trent,
260 1007 338 1090 quia
357 1005 523 1070 exiliunt’
569 1006 646 1068 item
668 1001 774 1068 Varro
796 1001 876 1067 dicit
896 1003 1026 1088 signum
1050 1021 1121 1066 esse
1148 1009 1285 1088 tempes-

144 1109 217 1171 tatis
244 1107 322 1170 dum
349 1105 389 1171 dc
412 1115 504 1194 parte
531 1103 693 1192 aquilonis
720 1103 825 1190 fulget
856 1113 985 1168 etcum
1015 1103 1055 1168 de
1087 1113 1181 1190 parte
1216 1105 1285 1167 euri

144 1209 277 1272 intonat.
331 1207 485 1292 Nigidius
514 1227 643 1294 quoque
671 1206 717 1270 ait
746 1205 825 1270 luna
856 1207 884 1270 si
906 1209 1030 1270 summo
1058 1206 1091 1269 in
1120 1203 1286 1269 corniculo

143 1308 287 1372 maculas
308 1311 420 1394 nigras
442 1309 594 1374 babuerit
616 1309 650 1372 in
679 1308 792 1396 primis
816 1306 965 1395 partibus
993 1308 1130 1389 mensis,
1165 1305 1285 1370 imbres

144 1410 228 1492 fore,
256 1411 284 1474 si
305 1411 337 1474 in
361 1411 469 1475 media
495 1419 573 1478 tuac
597 1431 668 1474 cnm
691 1408 789 1499 plena
817 1410 938 1474 sintin
962 1429 1000 1472 ea
1029 1407 1210 1490 cornicula,
1237 1429 1286 1472 se·

143 1617 257 1668 militari
277 1617 299 1667 V
321 1617 363 1668 ll:
394 1618 501 1668 ‘Multis
520 1635 624 1684 qrtoqnc
650 1620 737 1684 signis
762 1626 789 1666 ct
813 1617 844 1668 de
870 1617 1019 1682 tranquillo
1043 1616 1182 1684 procellae
1206 1617 1286 1668 etde

144 1686 355 1750 tempestatibus
382 1703 481 1736 serena
508 1687 672 1751 produntur,
697 1702 767 1752 (puae
798 1684 873 1736 uelut
902 1685 930 1734 in
959 1687 1070 1750 speculo
1099 1685 1181 1736 lunae
1211 1686 1285 1736 urbis

144 1753 274 1804 ostendit.
321 1754 485 1804 rubicundas
515 1757 588 1804 enirn
616 1755 692 1804 color
718 1759 829 1816 uentos,
864 1753 1009 1804 caeruleas
1038 1753 1143 1804 indicat
1165 1753 1285 1820 pluuias,

144 1835 175 1870 ex
202 1828 318 1886 utroquo
342 1823 502 1872 commixtus
525 1823 632 1873 nittrbas
655 1829 682 1872 et
707 1822 830 1872 furentes
852 1821 999 1885 procellas.
1039 1821 1130 1872 laetas
1153 1822 1227 1872 orbis
1252 1838 1285 1872 ac

143 1889 249 1938 lncirlus
273 1891 451 1940 serenitatem
475 1891 597 1956 nauigiis
620 1891 800 1955 repromittit,
824 1904 905 1954 qrtam
930 1895 1020 1956 gestat
1040 1891 1067 1940 in
1087 1890 1178 1940 nultn:
1205 1905 1285 1956 pree·

144 1957 222 2022 cipue
241 1959 267 2006 si
286 1963 382 2022 quarto
401 1965 475 2021 artn,
499 1973 588 2023 neque
613 1958 718 2007 obtusis
743 1957 871 2006 cornibus
897 1957 1088 2022 rutilansque
1112 1958 1203 2008 infuso
1226 1957 1285 2009 frte·

143 2025 177 2074 rit
204 2025 318 2074 humore
348 2023 556 2080 ftrseata.0srrl
585 2041 692 2092 qrtoque
722 2027 851 2074 exoriens
880 2026 924 2075 nel
952 2024 1023 2075 dieat
1053 2025 1174 2076 condens
1202 2027 1286 2076 inter-

144 2101 183 2142 est
207 2100 297 2142 utntm
322 2094 484 2158 aequalibus
503 2094 623 2159 gandeat
646 2093 732 2144 radiis
757 2109 792 2142 an
816 2093 928 2143 altiecta
946 2093 1018 2142 turbe
1039 2094 1173 2154 narictnr;
1197 2101 1285 2143 utrum

143 2159 230 2210 solido
258 2161 404 2225 splendore
433 2162 554 2226 fulgidas
583 2178 619 2212 an
650 2162 742 2211 nentis
768 2161 930 2226 urgentibus
963 2162 1075 2225 ignens,
1108 2177 1176 2211 nette
1205 2159 1285 2226 palli·

144 2227 190 2277 das
214 2228 260 2278 nel
284 2229 378 2294 pluuia
405 2231 442 2278 sit
468 2231 644 2295 impendente
674 2230 838 2278 stracnlesus.
881 2245 928 2278 aer
950 2244 1016 2278 nero
1045 2235 1073 2276 ct
1101 2245 1175 2278 mare
1198 2229 1286 2294 ipsum

143 2296 309 2360 nubiumque
328 2297 487 2361 magnitmlo
509 2297 554 2347 uel
579 2298 687 2363 specics
705 2297 841 2346 sollicitas
865 2296 975 2346 instruit
998 2303 1106 2346 nautas.
1144 2297 1287 2362 aliquanta

145 2365 175 2413 ab
196 2364 309 2426 auibus,
335 2364 478 2430 aliquantu
504 2366 661 2431 apiscibus
680 2365 880 2430 significantur.
918 2379 989 2430 qnae
1006 2363 1140 2429 Virgilius
1163 2366 1192 2413 in
1208 2379 1286 2428 geor·

144 2431 214 2496 gieio
243 2431 338 2482 diuina
365 2449 453 2497 paene
483 2433 690 2499 comprehendit
720 2434 834 2498 iugenio
864 2439 892 2482 ct
916 2433 1001 2482 Varro
1031 2433 1058 2482 in
1082 2433 1229 2482 naualibus
1253 2431 1286 2481 li·

144 2499 198 2548 bris
217 2499 368 2564 diligenter
386 2500 514 2550 excoluit.
539 2503 610 2552 haec
630 2502 829 2566 grrlrernatores
842 2503 865 2550 ai
884 2519 913 2550 se
933 2500 1005 2549 scire
1024 2499 1195 2565 profitentur,
1215 2499 1286 2565 peri·

143 2569 197 2617 tiae
217 2568 308 2632 magis
327 2583 390 2618 usus
410 2569 530 2619 instituit
554 2585 633 2634 quarn
654 2569 737 2619 altior
755 2569 882 2619 doctrina
900 2567 1042 2618 tirrnanitst
1079 2568 1225 2634 exscripsit
1234 2569 1257 2616 V
1260 2583 1287 2618 e·

144 2637 247 2698 getium
265 2635 324 2684 Ion.
338 2635 558 2688 saresberiensis
577 2638 703 2703 patierat.
720 2637 785 2686 112.
805 2637 912 2686 Plinius
925 2637 956 2685 N.
977 2635 1012 2686 ll.
1031 2637 1125 2686 xvlrl
1143 2636 1193 2688 342
1211 2652 1285 2702 sqq.:

146 2704 323 2768 'primumque
348 2720 364 2752 a
388 2705 444 2754 sele
469 2707 611 2770 capiemus
634 2705 791 2771 praesagia.
833 2719 916 2770 pnrns
944 2706 1035 2754 oriens
1054 2711 1136 2769 atque
1160 2721 1214 2754 nun
1233 2703 1286 2754 fer-

144 2785 210 2820 uens
239 2786 366 2820 serenam
396 2771 467 2822 diem
496 2775 620 2834 nntttiat,
651 2779 680 2822 at
702 2773 845 2822 hibernant
870 2772 990 2838 pallidus
1009 2773 1180 2836 grandinem.
1216 2773 1241 2822 si
1260 2779 1287 2823 et

145 2837 248 2888 occidit
271 2839 359 2903 pridie
383 2855 495 2889 serenus
514 2847 541 2890 et
560 2842 659 2902 oritur,
679 2847 757 2890 tante
777 2842 877 2890 certior
896 2839 963 2890 fides
980 2842 1152 2891 screnitatis.
1188 2857 1286 2892 conca·

144 2921 190 2956 uos
215 2909 307 2957 oriens
331 2905 439 2971 pluuias
457 2907 613 2972 praeeedit,
640 2909 841 2968 sternuentes,
867 2923 927 2957 ctrm
952 2915 1016 2958 ante
1036 2910 1205 2958 esurientem
1224 2925 1285 2960 enm

144 2975 231 3024 nubes
248 2975 407 3037 mbescnnt,
431 2975 543 3040 quodsi
563 2983 590 3025 ct
609 2977 704 3040 nigrae
724 2977 885 3026 rubentibus
905 2976 1105 3027 intcrnencrint
1125 2983 1152 3026 et
1167 2977 1286 3043 pluuias,

144 3057 203 3092 cum
222 3043 378 3092 occidentis
398 3051 444 3094 aut
463 3045 578 3094 orientis
597 3045 669 3094 radii
686 3043 816 3093 uidentur
835 3045 924 3103 coire,
944 3043 1062 3108 planias.
1099 3046 1123 3095 si
1142 3046 1218 3096 circa
1241 3063 1287 3096 oc-

143 3110 282 3160 cidentem
300 3109 449 3161 rubescunt
466 3113 566 3167 nubes,
594 3113 773 3162 serenitatem
792 3112 878 3161 futuri
896 3111 952 3161 dici
971 3112 1115 3178 spondent.
1152 3115 1175 3162 si
1195 3115 1222 3162 in
1242 3129 1287 3163 err·

142 3187 202 3228 ortu
221 3183 387 3244 spargentur
410 3181 509 3244 partim
535 3181 569 3230 ad
595 3186 715 3229 rrrratrum
739 3181 838 3244 partim
863 3181 897 3228 ad
923 3180 1092 3245 aquilonem,
1120 3197 1188 3246 para
1212 3183 1288 3232 eirca

231 3326 240 3375 t
262 3315 328 3373 siue
343 3323 425 3374 metu
446 3315 482 3375 H²
501 3313 657 3376 nsum
673 3316 729 3377 sibi
745 3316 801 3374 m&
814 3312 935 3376 A¹CFH
948 3316 1004 3377 sibi
1020 3318 1096 3378 ardu
1114 3315 1191 3376 ΑΨ
1215 3337 1287 3378 smr.

141 3411 223 3458 mutu
244 3395 289 3457 Μ1
310 3394 325 3482 Η
344 3399 602 3462 antdifferantur
623 3399 660 3461 Βι
683 3421 721 3460 ne
744 3401 824 3460 unde
845 3403 980 3462 ferantur
997 3408 1020 3460 A
1036 3425 1074 3462 ne
1090 3403 1171 3462 unda
1187 3404 1287 3462 fersn-

141 3493 189 3544 tur
206 3487 356 3542 Beclrerns
379 3479 501 3566 llittora
514 3489 537 3546 0
549 3486 639 3546 litora
656 3483 694 3543 13²
708 3486 811 3546 littore.
832 3489 951 3546 FHHM
969 3487 1057 3547 litore
1079 3491 1181 3546 ADEG
1198 3487 1289 3546 litura

141 3569 176 3626 B'
192 3565 207 3650 Η
223 3567 291 3627 sibe
307 3565 346 3626 B¹
362 3563 367 3650 Η
390 3591 447 3629 nec
462 3569 497 3630 B¹
515 3568 528 3653 Η
545 3569 689 3632 *uersuta
702 3569 739 3629 ΒΙ
760 3571 956 3632 aduersorum
975 3575 1007 3630 H
1018 3569 1031 3654 Η
1047 3583 1063 3636 3
1077 3573 1157 3632 unde
1178 3577 1261 3631 PGH
1275 3569 1286 3649 Η

141 3651 229 3734 quid]
248 3652 274 3712 dc
291 3653 363 3732 quid
380 3654 417 3712 Βι
432 3657 577 3736 nrtmquid
594 3660 620 3714 D
636 3652 649 3738 Η
664 3655 768 3715 delfini
785 3661 853 3716 libri
866 3656 879 3737 Η
893 3654 987 3736 harre]
1000 3677 1036 3716 ac
1054 3661 1086 3716 H
1097 3651 1110 3738 Η
1125 3657 1231 3716 iuriam
1250 3653 1285 3714 ΑΙ

140 3739 253 3798 iniuria
276 3741 303 3794 B
316 3733 363 3819 Η4
383 3743 475 3820 piscis
495 3739 553 3822 ΗΗ
568 3741 622 3800 secl
640 3751 756 3800 tantum
771 3739 909 3826 Arrunti
932 3738 1163 3801 AB¹CDFGHM
1178 3741 1207 3800 id
1229 3745 1261 3800 H
1273 3735 1286 3822 Η

139 3823 293 3902 adparent
315 3819 397 3902 0Ηό
420 3829 470 3904 qni
491 3829 517 3884 D
536 3827 618 3906 quod
641 3829 669 3884 F
682 3823 726 3906 Ηό
753 3828 791 3886 de
812 3849 863 3886 om.
892 3821 943 3908 ΒΗ
968 3828 1115 3906 uquaonis
1139 3823 1172 3884 G¹
1196 3823 1209 3906 Η
1230 3827 1288 3884 ful·

139 3917 192 3986 get
209 3903 364 3968 B²CDGM
376 3910 465 3987 fulgit
483 3907 553 3969 B¹E
562 3911 664 3989 fulgor
677 3911 776 3990 fulget
787 3918 811 3970 Α
827 3909 840 3994 Η
855 3932 921 3970 rum
933 3915 981 3970 AC
991 3911 1060 3970 dnm
1076 3916 1158 3987 arripe
1173 3906 1186 3993 Η
1203 3913 1287 3970 curui

140 3993 252 4052 Genti
276 3992 307 4050 itl
330 3996 424 4053 austri
446 3999 503 4054 AM
516 3993 520 4076 Η
543 4003 558 4059 'l
581 4003 630 4056 mti
648 4017 696 4055 ma
717 3999 746 4055 in
764 3994 800 4054 Α1
818 3999 848 4056 in
872 4017 986 4054 summo
1010 3992 1094 4079 ὶΗδ
1113 3994 1224 4054 imbres
1247 3997 1289 4053 ait

140 4079 278 4138 GDE'GH
297 4073 310 4158 Η
332 4089 349 4142 9
373 4079 523 4161 forerBl
554 4083 578 4139 si
601 4101 653 4139 om.
675 4078 713 4140 ΒΙ
737 4077 750 4162 Η
771 4083 811 4142 im
832 4083 864 4138 M
891 4077 895 4150 l
919 4090 990 4139 tanc
1013 4081 1044 4139 id
1065 4082 1214 4139 serenitas
1231 4081 1290 4139 erit

137 4163 167 4221 in
188 4161 386 4242 plenitudine
409 4165 480 4224 lunc
501 4186 567 4224 curn
591 4170 615 4222 A
636 4163 649 4248 Η
671 4168 701 4225 in
723 4167 814 4243 plena
839 4169 862 4224 G
893 4163 897 4244 Η
919 4166 958 4225 sit
981 4167 1196 4224 ABCHEGLM
1215 4159 1229 4246 Η
1252 4185 1288 4224 eo

140 4249 333 4306 BCDEGLM
345 4243 358 4328 Η
374 4249 528 4308 corniculo
542 4253 759 4310 ABCDHGLM
771 4247 784 4334 Η
800 4252 993 4310 serenitatem
1004 4255 1124 4322 scripsi:
1140 4251 1289 4308 serenitas

248 4330 264 4369 a

139 4385 302 4442 Lserenas
318 4385 352 4441 M
361 4405 486 4444 serenas
503 4389 553 4445 EG
570 4407 678 4446 serena
702 4390 723 4445 C
740 4406 864 4445 serenas
881 4385 911 4444 irl
936 4385 1000 4443 fars
1018 4387 1045 4442 Ι)
1065 4386 1214 4444 serenitas
1237 4395 1288 4445 ortt

140 4469 205 4527 fore
223 4471 250 4527 A
272 4488 382 4527 serena
399 4469 544 4530 demitate
561 4473 599 4530 sit
618 4475 643 4530 B
663 4473 858 4530 serenitatem
875 4472 915 4530 ait
937 4469 1001 4528 fare
1019 4471 1167 4530 Breierat
