3064 5064
682 125 690 142 a

676 159 689 188 ι’

612 394 654 434 ΒΕ
675 395 792 437 POETIS

219 551 249 606 to
269 542 333 607 sibi
356 541 496 628 quisque
517 541 617 626 rapit,
640 563 699 629 per
718 551 750 608 te
773 543 918 607 uicturus
940 546 974 608 ib
996 567 1123 612 acuum.

220 645 312 709 Musa
333 643 421 708 refer
440 665 524 730 quae
547 664 663 707 caussa
683 645 754 709 uiro
776 665 971 732 componore
990 646 1119 714 libros·

220 755 403 834 sumpserat
421 746 592 830 Augustus
614 767 722 811 rerum
744 747 967 812 moderamina
989 751 1152 839 princeps.

218 852 280 914 iam
302 851 393 914 necis
415 848 503 913 ultor
523 857 595 912 erat
616 851 759 935 patriae:
778 851 844 914 iam
866 850 967 915 caede
987 855 1132 938 priorum

217 951 367 1040 perfusas
390 951 478 1015 acies
500 949 620 1035 legitur
642 951 755 1033 uisura
775 950 954 1039 Philippos.

219 1053 354 1119 Cassius
377 1052 431 1118 hic
452 1053 567 1139 Magni
589 1052 710 1116 uindex
733 1061 766 1117 et
787 1054 908 1118 Brutus
931 1056 1086 1121 inarmis

219 1158 390 1221 intereunt.
412 1137 536 1220 'uictor
556 1153 701 1219 nondum
722 1164 893 1220 contentus
915 1159 1032 1243 opimis

219 1259 369 1322 emeritas
390 1255 470 1321 belli
492 1256 605 1344 spoliis
623 1255 745 1320 ditasse
768 1255 910 1322 cohortis

218 1359 408 1448 proscripsit
429 1358 566 1423 miserae
585 1357 737 1424 florentia
757 1372 835 1422 rura
857 1359 1054 1438 Cremonae,

218 1469 349 1549 totaque
371 1457 531 1526 militibus
554 1459 693 1548 pretium
716 1479 872 1526 concessa
894 1461 1040 1527 laborum

217 1561 338 1650 praeda
360 1563 437 1628 fuit:
479 1561 624 1646 uiolenta
646 1583 762 1626 manus
784 1561 943 1652 bacchata
964 1585 1023 1648 per
1043 1588 1150 1652 agros.

217 1687 280 1730 non
299 1664 396 1729 flatus
419 1686 485 1730 non
507 1663 573 1728 tela
592 1664 681 1728 Iouis
704 1683 768 1728 non
791 1685 943 1749 spumeus
964 1668 1069 1732 amnis

217 1790 278 1832 non
298 1767 418 1830 imbres
440 1766 548 1852 rapidi
570 1776 726 1853 quantum
748 1787 865 1830 manus
886 1769 986 1855 impia
1007 1778 1147 1836 uastant.

217 1869 351 1934 Mantua
372 1877 409 1932 tu
430 1867 603 1932 coniuncta
624 1866 695 1932 loco
713 1867 836 1930 sociata
855 1868 1004 1954 periclis:

218 1979 411 2036 nontamen
434 1969 475 2034 ob
498 1969 647 2033 meritum
670 1968 820 2033 miseram
842 1970 964 2034 uicinia
986 1972 1072 2036 fecit.

218 2076 281 2139 iam
301 2071 394 2136 Maro
414 2069 529 2156 pulsus
552 2078 636 2135 erat:
659 2069 717 2134 sod
739 2070 865 2136 uiribus
885 2071 1001 2136 obuius
1024 2072 1093 2136 ibat

220 2176 318 2241 iratus
341 2173 517 2238 amicorum
542 2171 664 2260 clipeo,
687 2187 759 2236 oum
784 2194 888 2259 paens
910 2173 1052 2238 nefando

218 2295 293 2342 ense
315 2275 410 2362 perit.
453 2273 532 2361 quid
555 2273 671 2338 dextra
694 2273 800 2337 furis?
829 2273 906 2360 quid
926 2276 1053 2340 uiscera
1072 2275 1195 2342 Romae

219 2377 377 2462 sacrilego
399 2397 553 2440 mucrone
574 2375 682 2461 petis?
727 2384 784 2438 tua
805 2375 892 2440 bella
912 2375 1035 2440 tacebit

217 2480 389 2566 posteritas
409 2479 579 2564 ipsumque
600 2476 715 2540 ducem
737 2478 802 2541 nisi
826 2476 963 2541 Mantua
986 2476 1083 2542 dicat.

217 2603 279 2646 non
300 2579 377 2644 tulit
398 2579 481 2642 hano
503 2576 628 2642 rabiem
652 2579 841 2645 doctissima
865 2577 961 2642 turba
980 2586 1158 2665 potentum.

217 2683 279 2746 itur
302 2679 344 2744 ad
366 2689 530 2745 auctorem
551 2699 672 2762 rerum,
695 2680 774 2768 quid
797 2680 934 2744 Martius
956 2680 1070 2746 horror

218 2784 334 2868 egerit,
357 2782 549 2864 ostendunt,
569 2783 623 2867 qui
642 2791 719 2846 tunc
740 2781 926 2846 miseranda
947 2781 1085 2846 tulisset.

220 2885 367 2949 Caesaris
391 2882 465 2948 huic
485 2882 614 2970 placido
635 2891 717 2948 nutu
737 2893 928 2970 repetuntur
947 2882 1055 2968 agolli.

219 2987 266 3052 bis
288 2996 404 3051 auctus
425 2986 550 3050 meritis
573 3007 646 3050 cum
669 2984 770 3071 digna
792 2985 970 3071 rependero
991 2984 1107 3068 uellet,

219 3090 343 3153 inuenit
362 3109 509 3169 carmen,
529 3107 592 3173 quo
615 3109 750 3152 munera
771 3089 902 3151 uincere
926 3096 1051 3174 posset:

220 3189 351 3277 praedia
371 3189 427 3253 dat
449 3188 589 3269 Caesar,
609 3212 744 3276 quorum
765 3189 875 3254 breuis
898 3211 976 3254 usus
999 3187 1158 3268 habendi,

220 3291 334 3356 obtulit
355 3291 408 3356 bic
429 3290 558 3372 laudes,
579 3313 660 3378 quas
682 3290 791 3355 secula
813 3289 902 3356 nulla
923 3290 1089 3354 silescant.

220 3404 361 3480 pastores
384 3394 502 3456 cecinit
524 3394 660 3479 primos:
683 3391 744 3458 hoc
765 3394 909 3457 carmine
931 3391 1044 3458 consul

120 3507 129 3545 ΐ
219 3495 320 3561 ΡοΙΙὶο
341 3494 492 3560 laudatur
514 3502 564 3560 ter
587 3517 621 3559 se
642 3495 873 3560 reuocantibus
894 3493 987 3557 annis

220 3597 405 3684 composito.
439 3595 612 3682 posthaec
634 3597 718 3660 ruris
739 3603 912 3683 praecepta
935 3591 1061 3659 colendi

151 3735 331 3746 -———--n—

147 3825 176 3877 de
186 3824 214 3880 L.
232 3825 314 3882 Vario
321 3843 354 3896 p.
366 3827 418 3881 28:
435 3823 546 3882 Varius
561 3817 574 3903 ΙΙ
592 3833 603 3883 l
623 3829 654 3880 te
670 3825 788 3895 scripsi:
802 3830 832 3880 et
847 3815 860 3903 Η
876 3830 892 3881 2
906 3823 971 3880 uiro
988 3823 1141 3878 Heinsius:
1155 3819 1213 3878 fuis
1228 3814 1241 3903 ΙΙ
1256 3829 1273 3882 4

147 3907 262 3982 priorum
273 3913 333 3966 cod.
348 3911 423 3966 Scnl.
436 3909 476 3981 cs.
500 3909 575 3981 Virp.
590 3924 688 3981 peorp.
698 3909 718 3964 Ι
727 3912 851 3980 minsa:
867 3907 966 3983 ‘Ergo
978 3907 1056 3964 inter
1068 3924 1136 3963 sese
1149 3903 1271 3982 paribus

147 4007 310 4052 concurrere
324 3993 395 4051 telis
415 3992 420 4072 l
440 3993 594 4052 Romanas
608 3991 689 4050 scies
703 3991 812 4049 iterum
827 3990 931 4050 uidere
943 3990 1105 4068 Philippi’:
1120 3989 1214 4067 priori
1230 3995 1274 4049 vel

146 4093 251 4136 reorum
263 4081 405 4137 ‚Heinsius
419 4078 536 4156 piorum
554 4080 743 4134 Burmannus
757 4069 770 4156 ΙΙ
789 4087 821 4138 13
834 4084 956 4134 uastant
971 4077 1120 4132 Heinsius:
1143 4083 1244 4133 uastat
1257 4071 1269 4153 :l

150 4165 174 4220 u
190 4165 225 4235 cs.
245 4165 373 4222 Donatus
389 4164 488 4237 praes.
512 4182 611 4220 comm.
633 4165 742 4220 bucol:
768 4161 842 4220 ‘sed
860 4159 1005 4237 Virgilius
1032 4160 1139 4218 merito
1165 4161 1272 4218 carmi·

146 4263 206 4303 num
217 4246 307 4306 frctus
324 4258 355 4306 et
370 4247 504 4306 amicitia
539 4245 705 4306 uorundam
731 4247 900 4324 potentium
915 4245 1083 4304 seriturioni
1098 4243 1188 4302 Arrio
1205 4265 1272 4302 oum

146 4326 278 4391 obsistere
294 4353 387 4392 susus
405 4269 539 4414 essct'il
560 4341 595 4394 23
611 4333 664 4410 qui
684 4333 789 4390 Tollius
805 4340 833 4388 rt
847 4334 1009 4390 Francius:
1025 4329 1099 4410 quid
1118 4323 1131 4412 ΙΙ
1152 4337 1186 4391 24
1201 4329 1272 4388 huic

148 4415 239 4474 Tollius
252 4427 279 4476 ct
292 4421 453 4477 Francius:
469 4417 518 4476 hic
