3064 5064
147 424 149 436 .
242 371 283 436 92
615 392 657 432 us
683 391 768 432 v1ars
792 391 1005 432 tacueramus

780 543 846 602 IIII

156 634 231 706 78*
326 657 549 704 sucessuum
579 639 786 703 historiarum
814 639 954 704 scribtor
982 649 1014 704 et
1043 641 1222 704 carminum
1254 651 1382 728 septua-

243 745 397 828 genarius
419 743 554 806 moritur
574 739 793 826 sepeliturque
815 741 926 806 Cumis
950 747 981 818 (†
997 769 1023 804 α.
1048 751 1127 823 772).

801 865 829 924 V

158 963 234 1036 79*
328 978 475 1039 quurvs
493 975 660 1026 sseoruvs
675 977 848 1026 seorsuvs
865 962 1003 1027 scribtor
1015 962 1188 1028 historiens
1204 961 1310 1028 clarus
1327 961 1382 1026 ha-

244 1065 338 1130 betur
362 1071 400 1140 (a.
422 1073 509 1143 sssl:
529 1065 586 1151 qui
607 1059 760 1158 uxxlll
776 1065 895 1128 aetatis
914 1087 992 1128 suae
1014 1086 1098 1130 anno
1118 1077 1232 1151 captus
1254 1063 1382 1128 lumini-

178 1221 181 1228 .
243 1166 303 1232 bus
326 1166 395 1232 XII
407 1177 520 1254 postea
541 1166 635 1230 anuis
658 1168 690 1230 in
715 1189 839 1231 summe
862 1169 1003 1231 omnium
1026 1167 1146 1233 honore
1168 1165 1405 1231 consumemus

793 1290 837 1350 VI

158 1375 205 1448 80
328 1403 467 1451 rulmvs
491 1401 669 1482 suevunvs
685 1385 940 1452 Nouocomensis
962 1387 1166 1476 equestribus
1191 1387 1315 1452 militiis
1334 1389 1382 1452 in·

245 1491 368 1556 dustrie
389 1487 537 1566 functus,
558 1489 802 1574 procurationes
818 1510 946 1576 quoque
967 1489 1248 1577 splendidissimas
1265 1498 1297 1552 et
1309 1511 1383 1552 con-

244 1593 351 1657 tinuas
377 1611 502 1654 summa
524 1591 712 1674 integritate
734 1590 992 1674 administrauit3
1015 1601 1047 1656 et
1064 1601 1173 1656 tamen
1190 1589 1384 1656 liberalibus

245 1692 362 1758 studiis
384 1701 507 1756 tantam
531 1711 661 1776 operatu
691 1691 797 1774 dedit,
824 1699 861 1755 ut
888 1714 954 1757 non
979 1703 1100 1758 temere
1129 1694 1202 1780 quis
1227 1691 1321 1780 plura
1348 1693 1383 1754 in

332 1893 385 1951 ss*
403 1899 586 1962 Hieronymus
605 1897 648 1947 or.
675 1897 737 1960 reio,
756 1897 780 1949 a.
816 1899 923 1950 Plinius
941 1900 974 1950 u.
994 1865 1028 1948 rr.
1049 1899 1168 1950 xxx111
1191 1897 1248 1948 ree:
1285 1899 1384 1950 ‘rene-

246 1967 329 2020 stella
353 1967 399 2032 qui
423 1966 492 2016 obiit
515 1966 663 2016 nouissimo
698 1966 804 2016 'riberii
824 1967 954 2018 Caesaris
975 1967 1151 2032 principatu’.
1199 1967 1258 2016 ‘hic
1276 1981 1385 2032 quoque

246 2035 606 2155 iiffifflmr⁰lfflmi⁵
629 2038 736 2100 tempus
761 2051 822 2084 cum
845 2035 927 2084 fatali
951 2041 1119 2100 permutasse
1142 2035 1292 2086 verisimile
1317 2033 1384 2084 ost.‘

331 2185 385 2242 ill*
403 2183 585 2252 Hieronymus
609 2185 652 2236 01.
677 2186 741 2249 213,
766 2187 791 2238 3.
810 2215 842 2222 -
860 2188 994 2238 Asconius
1018 2187 1052 2237 ad
1076 2188 1157 2238 Corn.
1182 2205 1209 2254 p.
1226 2187 1261 2238 76
1283 2187 1384 2238 Orell.:

247 2260 412 2378 }(I,itqliprsque
442 2253 558 2316 uester'.
588 2254 657 2305 lraee
681 2255 833 2320 adpellatie
857 2261 932 2306 recte
952 2256 987 2306 ed
1010 2271 1177 2306 communem
1201 2257 1318 2323 patriam
1342 2272 1384 2306 re·

331 2407 365 2464 tlt
387 2410 503 2460 Codices
521 2408 664 2460 Naturalis
681 2408 815 2458 historice
834 2407 919 2460 Plinii
938 2410 965 2460 S.
978 2409 1125 2460 XI-XV:
1157 2410 1231 2458 ‘Vita
1248 2408 1332 2459 Plinii
1351 2423 1385 2458 ex

248 2480 376 2546 catalago
393 2495 438 2530 sea
455 2477 525 2527 libro
544 2477 662 2526 uirorum
682 2475 828 2526 illustrium
841 2477 1004 2544 Tranquilli.
1019 2476 1168 2528 Plinius'
1188 2495 1212 2528 e.
1227 2493 1251 2542 q.
1266 2493 1286 2526 s.
1317 2477 1385 2526 Bre-

246 2549 288 2598 vis
306 2547 448 2598 adnotatio
466 2547 499 2596 de
519 2545 623 2596 duobus
636 2544 734 2594 I‘liniis
754 2581 803 2594 ...
822 2544 942 2596 collecta
960 2562 1010 2612 per
1021 2547 1152 2596 Ioannem
1168 2545 1385 2596 blansionarium

246 2615 432 2668 Veronensum
452 2613 628 2676 (c.a.·1313)
647 2613 675 2662 in
688 2612 836 2662 Reuzonici
854 2613 989 2680 disquisit.
1004 2614 1123 2666 Plinian.
1143 2615 1156 2664 Ι
1174 2630 1200 2730 p.
1219 2613 1249 2662 7:
1269 2613 1312 2662 ‘de
1332 2613 1386 2663 hoc

248 2687 334 2734 refert
353 2683 499 2732 Suetonius
516 2679 694 2746 Tranquillus
713 2681 782 2744 quod
801 2677 883 2731 balde
902 2682 1016 2732 miratur
1034 2685 1123 2732 uirum
1140 2683 1177 2732 mi
1191 2681 1305 2731 itaribus
1324 2681 1385 2730 olli-

248 2755 300 2802 ciis
323 2753 444 2804 deditum
469 2755 549 2800 tanta
572 2764 735 2814 componore
762 2750 886 2814 potuIsse
906 2751 990 2800 etiam
1010 2753 1115 2800 ratione
1133 2751 1223 2810 uitae;
1260 2763 1337 2812 nam,
1356 2753 1387 2798 ut

247 2822 316 2870 dicit
334 2821 406 2870 idern
425 2819 572 2867 Suetonius
590 2817 619 2866 in
638 2815 706 2866 libro
724 2813 758 2866 tle
777 2817 850 2866 Viris
869 2817 1036 2880 illustribus,
1055 2819 1117 2868 dum
1136 2818 1207 2868 idern
1220 2817 1326 2867 Plinius
1344 2816 1384 2866 le-

248 2890 345 2953 giones
364 2889 391 2938 in
411 2885 535 2936 Siciliam
553 2886 680 2945 (luceret,
701 2885 843 2948 eruptione
862 2884 1019 2936 fauillarum
1039 2887 1073 2936 ab
1091 2887 1182 2936 Aetna
1201 2886 1386 2935 eructantium

248 2956 425 3022 praefocatus
443 2953 551 3003 interiit
568 2967 639 3003 anno
658 2951 735 3001 uitae
753 2967 819 3003 suae
839 2955 1064 3020 qulnquagesimo
1088 2961 1164 3005 serto
1188 2959 1217 3004 et
1241 2953 1269 3002 iu
1287 2953 1387 3004 sieilia

249 3020 417 3073 stimulator?
447 3023 629 3086 Hieronymus
643 3019 687 3070 Ol.
700 3020 766 3082 222,
786 3019 797 3068 l
817 3019 852 3084 (a.
869 3023 943 3085 80¹0ss
969 3021 1083 3073 ‘Plinius
1101 3021 1243 3072 Secundus
1260 3021 1385 3071 Nouoco-

248 3091 350 3142 mensis
364 3089 589 3154 (nouoeomeuses
607 3089 643 3153 B)
657 3093 749 3138 orator
762 3095 789 3138 et
801 3088 948 3138 historicus
968 3090 1085 3155 insignis
1099 3091 1233 3154 (insignes
1251 3087 1287 3150 B)
1301 3089 1385 3140 habe·
1414 3143 1420 3156 ⁸

248 3165 302 3222 tur,
321 3161 398 3209 euius
417 3158 534 3224 plurima
551 3157 656 3220 ingenii
674 3173 757 3221 opera
775 3157 961 3218 (menumenta
979 3158 1058 3220 Seni.)
1073 3155 1186 3208 extant)
1217 3157 1301 3208 verba
1314 3173 1385 3222 quae

248 3227 331 3292 vulgo
344 3231 474 3278 secuntur
488 3225 583 3291 ‘periit
596 3225 657 3274 dum
671 3225 765 3274 iuuisit
777 3223 940 3274 Vesuuium'
955 3242 971 3276 a
987 3227 1061 3276 BPF
1071 3227 1188 3277 testibus
1201 3225 1343 3290 Scaligero
1357 3231 1387 3275 et

248 3297 373 3346 l'ontaco
386 3295 495 3344 absunt.
520 3293 650 3358 temporis
664 3291 806 3344 notatione
824 3293 966 3354 docemur,
985 3294 1106 3344 Plinium
1121 3294 1252 3344 maiorem
1265 3309 1325 3343 cuns
1339 3294 1387 3342 rni-

249 3380 314 3414 nore
332 3363 475 3413 confusum
493 3377 567 3422 esse,
587 3361 657 3426 quod
671 3365 698 3410 et
711 3360 803 3410 verbis
822 3361 929 3410 ‘orator
947 3359 990 3412 et'
1010 3363 1156 3412 indicatur.
1170 3389 1201 3398 -
1214 3360 1322 3410 Plinius
1342 3378 1386 3426 ep.

249 3431 331 3482 1115:
352 3431 528 3496 ‘Pergratum
547 3433 588 3479 est
601 3428 666 3478 milri
680 3428 750 3494 quod
764 3434 819 3478 tom
833 3429 982 3494 diligenter
998 3429 1084 3481 libros
1097 3428 1226 3480 euurrculi
1238 3429 1292 3478 mei
1306 3429 1385 3478 lecti-

249 3505 307 3562 tas,
329 3503 359 3548 ut
376 3498 479 3548 habere
497 3513 590 3547 omnes
608 3495 680 3546 uelis
698 3510 870 3560 quaerasque
894 3499 940 3561 qui
957 3497 1013 3548 sint
1031 3513 1132 3548 ornnes.
1170 3499 1269 3560 lrrrrgar
1287 3497 1387 3548 iudicis

248 3568 374 3633 partibus
398 3573 480 3630 atque
504 3567 588 3614 etiam
612 3579 664 3629 quo
687 3565 740 3614 sint
762 3565 857 3614 ordine
882 3565 979 3630 scripti
1002 3572 1096 3616 notum
1120 3565 1171 3615 tihi
1191 3566 1305 3616 loeium:
1345 3571 1388 3614 est

250 3635 321 3685 enirn
347 3635 418 3684 haee
449 3649 554 3698 quoque
584 3632 714 3683 studiosis
736 3647 789 3682 non
812 3631 963 3683 iniucunda
986 3635 1118 3699 cognitio.
1158 3633 1191 3682 (lo
1215 3633 1386 3682 iaculatione

250 3703 369 3768 equestri
388 3717 470 3752 renus:
507 3701 593 3765 hunc,
613 3715 672 3752 curn
696 3700 854 3766 praelectus
879 3701 941 3750 alae
964 3702 1109 3766 militaret,
1129 3703 1189 3768 pari
1208 3702 1320 3764 Ingenio
1340 3717 1386 3750 cu-

335 3917 347 3970 l
372 3901 547 3985 carminum]
577 3905 649 3964 ‘imo
677 3904 831 3964 annalium
860 3925 916 3964 non
939 3903 1110 3965 carminum.
1144 3909 1189 3965 liic
1215 3909 1295 3964 aliard
1320 3923 1387 3980 ope·

248 3997 296 4052 bat
312 3994 532 4066 Hieronymus!
552 3991 627 4050 Saul.
648 3983 662 4072 ll
682 4001 700 4053 3
716 3991 846 4067 Quintus
864 3991 1014 4050 Asconius
1030 3994 1056 4048 P
1072 3991 1109 4068 Q.
1133 3991 1287 4050 Asconius
1308 3993 1387 4048 Seol.

251 4077 286 4138 Ο.
300 4079 468 4138 Paseonius
482 4079 510 4134 B
530 4070 543 4156 ΙΙ
564 4075 717 4135 Pedianus
734 4079 761 4132 B
777 4077 878 4152 (Saul.)
902 4075 1074 4135 Paedionus
1090 4079 1118 4133 P
1129 4070 1142 4158 Η
1156 4085 1173 4138 6
1195 4075 1312 4136 Plinius
1331 4075 1386 4134 Se·

252 4162 367 4221 candus
384 4183 437 4221 om.
458 4165 609 4220 Telctunus
633 4163 852 4220 Vindoboaensis
867 4167 884 4220 2
900 4163 1052 4220 Parisinus
1072 4163 1187 4220 ditiori
1207 4163 1389 4219 Borberinus

253 4253 329 4306 2503
343 4243 356 4328 ll
373 4243 626 4324 Nouocomensis]
643 4247 888 4318 nouos-emensis,
913 4265 1190 4316 nouerneomenses,
1203 4265 1311 4304 nouem
1328 4265 1388 4325 quo

251 4351 385 4410 aienses,
405 4351 514 4390 nouem
530 4328 666 4404 menses,
682 4350 790 4389 nouem
800 4330 953 4390 mensibus
968 4334 1034 4390 tiore
1049 4351 1104 4389 aeri
1118 4335 1190 4390 nulli
1206 4325 1220 4411 ΙΙ
1242 4329 1392 4406 industrie

258 4419 412 4476 Vaticanus
432 4423 504 4476 1951
521 4417 553 4486 (s.
571 4417 641 4490 XV)
660 4437 678 4474 a
692 4417 827 4474 Lersclrio
842 4420 973 4476 conlatus
