3078 5072
222 352 282 394 vlu
719 341 875 386 subsunt

291 500 361 566 Peg.
383 495 415 550 10
433 495 469 549 ad
492 494 555 548 adn.
579 509 639 562 sup.
662 494 692 546 in
710 510 736 560 p.
758 491 801 554 13,
819 490 836 542 0
853 517 886 530 -
903 507 929 558 p.
951 491 995 555 15,
1019 492 1036 542 4
1058 490 1129 544 adda
1148 490 1366 546 Commentatori

224 585 328 650 cruqni
340 583 456 634 licronis
473 583 503 632 in
521 579 601 634 eund.
619 578 719 631 Horati
735 593 806 630 vers.
824 576 1025 628 testimonium:
1049 576 1236 643 ‘praetentam
1253 579 1365 644 quidam

224 671 320 721 dicunt
332 667 518 734 tragoediam,
534 665 703 716 comoediam
716 665 848 730 togatam.
874 661 922 712 alii
935 665 1027 712 autem
1043 661 1138 712 dicunt
1149 667 1323 728 praetextam
1336 667 1365 715 et

223 757 349 820 togatam
368 751 525 804 comoedias
543 763 618 814 esee,
637 747 686 799 sed
704 750 814 813 togatae
832 746 861 796 in
879 745 977 814 quibus
990 745 1100 798 Graeca
1117 753 1280 814 argumenta
1291 753 1364 814 aunt,

222 841 253 890 in
276 839 374 905 quibus
391 838 495 889 Latina
512 837 681 902 praetextas.
718 836 746 883 et
766 835 878 896 togatas
896 830 991 882 Aelius
1007 831 1107 882 Lamia
1124 829 1259 883 Antonius
1277 833 1364 884 Rufus

146 959 149 964 -
225 923 277 977 Gn.
295 921 376 988 (ιίιιιιιο
395 920 438 987 O.)
450 920 581 972 Melissus
592 917 723 970 Afranius
741 915 807 979 (cod.
829 915 912 981 Goets.
925 916 1083 978 Africanus)
1096 917 1262 983 Pomponius
1279 919 1366 984 scrip·

224 1012 327 1062 serunt.
363 1004 567 1058 comoediarum
585 1019 689 1072 genera
705 1005 769 1054 sunt
786 1016 864 1070 sex:-
883 1001 1002 1054 atatsria
1019 1003 1137 1054 motoria
1157 1006 1304 1069 praetexta
1320 1007 1364 1054 ta·
1456 1015 1463 1026 ·

223 1093 355 1146 bernario.
373 1095 470 1158 togate.
487 1088 628 1156 palliata*

294 1193 338 1254 10,
365 1191 396 1243 10
418 1193 521 1244 lacuna
543 1193 606 1260 post
629 1188 789 1255 philosophia
811 1186 852 1240 sio
876 1187 1012 1256 explenda
1035 1194 1108 1241 erat:
1143 1195 1170 1239 ut
1190 1196 1310 1254 mencio
1330 1192 1363 1244 ds

223 1286 427 1428 11111111ἴονὲ
443 1377 515 1413 novo
528 1359 647 1410 Enniani
666 1359 796 1409 carminis
813 1357 905 1408 indice
919 1357 1059 1424 disputavi
1069 1358 1106 1409 'in
1117 1357 1297 1410 Fleckeissni
1316 1375 1363 1411 an·
1391 1341 1394 1348 ¹

223 1449 280 1503 nol,
301 1445 367 1498 1850
384 1463 411 1514 p.
431 1445 526 1512 lb'lsq.
882 1475 891 1484 -

291 1533 325 1584 25
343 1533 407 1584 adn.
425 1547 483 1598 sup.
503 1530 539 1582 ad
555 1530 653 1594 tregru.
672 1525 710 1579 0*
728 1527 765 1578 oi.
779 1527 947 1586 Ritsohelins
966 1541 1062 1580 comm.
1081 1527 1111 1579 ln
1127 1543 1155 1580 v.
1168 1529 1200 1580 T.
1217 1544 1244 1596 p.
1256 1525 1316 1584 407.

291 1615 339 1680 30,
358 1617 421 1683 2sq.
441 1616 477 1666 ci.
497 1615 568 1666 idem
586 1612 696 1664 ibidem.

290 1701 337 1764 40,
359 1702 371 1752 1
390 1716 493 1768 repone
517 1698 741 1764 eBougarsiauo
767 1697 795 1750 C.
816 1697 954 1764 Caesmisp
980 1698 1052 1765 quod
1074 1713 1185 1766 prorsus
1209 1697 1363 1759 inconsulto

224 1789 367 1854 temptavi.
920 1799 926 1804 ·

290 1871 337 1934 45,
356 1870 374 1921 0
390 1868 564 1922 scribendum
582 1867 652 1919 duco
669 1869 748 1933 mapa
766 1870 791 1918 ia
809 1863 921 1930 losicin
947 1868 1071 1919 extremis
1088 1868 1363 1934 interpretamentum
1441 1921 1447 1936 ,

128 1983 140 2010 ι
223 1955 436 2008 scholiastarum
454 1952 570 2006 ridetur.
606 1953 643 2004 cf.
662 1969 689 2019 p.
708 1949 765 2004 300.

290 2055 337 2120 4οζ
356 2059 440 2123 leqq.
465 2055 527 2104 adn.
552 2069 612 2120 sup.
635 2068 707 2104 vers.
726 2051 742 2104 5
767 2053 884 2104 emenda
906 2053 999 2104 ecod.
1021 2053 1111 2105 Gueli.
1135 2053 1175 2119 (et
1191 2053 1361 2120 Monaceusi,

223 2143 269 2208 qui
287 2142 357 2193 nobil
374 2155 457 2206 supra
474 2155 525 2190 scr.
544 2156 560 2188 ιι
577 2137 704 2206 praebet)
724 2141 795 2190 coiit.
814 2137 916 2189 ibidem
934 2155 1006 2190 vers.
1025 2140 1041 2188 7
1059 2139 1148 2190 acribo
1167 2155 1182 2190 e
1200 2139 1364 2192 Monacsnai

222 2233 248 2277 el
265 2243 301 2278 ac
317 2227 356 2278 iu
373 2223 492 2277 uersibus.

289 2326 323 2380 50
342 2327 404 2378 adn.
422 2341 481 2393 sup.
501 2323 581 2393 adp.
600 2324 648 2388 50,
665 2325 690 2381 4.
709 2324 756 2389 51,
777 2324 816 2376 12.
837 2325 876 2378 10.
895 2326 941 2386 52,
960 2325 1041 2376 aar.
1061 2343 1087 2394 p.
1107 2323 1165 2378 380.

288 2429 335 2490 51,
355 2427 387 2480 15
404 2429 490 2480 verba
508 2443 587 2496 usque
604 2443 634 2479 eo
658 2431 828 2504 ipteorperuos
850 2435 877 2480 ui
897 2429 1017 2480 &esuris
1039 2435 1116 2495 capsi
1136 2431 1257 2495 ριόιιίιιιο
1274 2431 1363 2497 orique

220 2517 330 2566 iaoiorst
344 2516 423 2580 gravi
441 2514 522 2564 turba
535 2513 637 2566 affecta
655 2517 726 2564 sunt.
756 2529 820 2564 nam
838 2515 954 2579 primum
966 2529 1022 2564 non
1039 2514 1213 2582 intellegitur
1226 2514 1291 2580 quid
1309 2515 1364 2566 sibi

219 2600 308 2651 velint
325 2599 395 2652 haec
410 2599 531 2650 Caesaris
548 2605 625 2664 caput
637 2603 747 2660 iactare,
768 2599 868 2649 deinde
886 2602 985 2648 tortore
1003 2614 1149 2664 numquam
1167 2613 1223 2649 uon
1236 2600 1362 2653 absolute

220 2688 380 2749 usurpatur:
410 2689 548 2749 postremo
564 2685 683 2748 proximo
702 2687 812 2733 nonest
829 2680 867 2749 τῷ
887 2673 1017 2748 τυχόντι,
1037 2683 1108 2748 quod
1122 2683 1238 2747 proximi
1255 2697 1363 2751 semper

219 2767 344 2818 homines
366 2766 395 2817 iu
418 2768 544 2818 intimam
569 2766 719 2816 amicitiam
743 2765 856 2816 admissi
878 2766 1016 2816 dicuutur.
1052 2765 1209 2818 emendatio
1233 2773 1312 2818 certa
1332 2769 1363 2820 in

219 2856 346 2919 promptu
363 2867 418 2902 nou
437 2857 492 2912 est,
511 2853 626 2918 possunt
643 2851 716 2902 enim
734 2851 820 2902 multa
832 2851 1065 2918 intemperantiae
1077 2850 1186 2902 Lucani
1203 2852 1280 2904 circa
1292 2852 1362 2904 Cae·

219 2937 291 2990 saris
314 2941 399 3003 caput
423 2937 550 3004 exempla
569 2936 735 3002 excogitari,
760 2939 791 2988 ut
806 2935 873 2988 hoc:
903 2942 931 2988 et
945 2937 1065 2988 Caesaris
1082 2943 1158 3003 capot
1174 2939 1322 3003 promisisse
1334 2955 1362 2992 aa

218 3037 268 3087 pro
284 3023 363 3073 uenio
381 3023 480 3072 addaiu
497 3027 613 3073 iactaret.

286 3105 333 3169 83,
354 3107 367 3158 l
388 3111 499 3174 praeter
518 3107 688 3157 notationem
706 3105 952 3170 Hieronymisnam
978 3105 1025 3170 (cf.
1045 3106 1109 3158 adn.
1128 3121 1188 3174 sup.
1208 3107 1243 3158 ad
1263 3109 1360 3175 fragm.
1389 3149 1392 3154 .

218 3188 283 3257 02¹)
308 3192 410 3242 aetatis
434 3207 522 3242 annus
546 3205 596 3256 quo
618 3189 708 3240 Pollio
731 3189 801 3241 obiit
824 3191 913 3242 ialsus
937 3195 987 3242 est.
1025 3191 1061 3243 cl.
1085 3191 1200 3243 Tacitus
1224 3192 1290 3244 dial.
1314 3193 1360 3244 342

220 3276 428 3328 ‘nonodecimo
453 3276 552 3328 aetatis
577 3291 648 3326 anno
667 3275 701 3325 L.
720 3273 836 3326 Crassus
855 3277 885 3327 G.
906 3275 1075 3341 Carbonem,
1098 3291 1153 3328 nno
1176 3281 1206 3328 et
1227 3278 1361 3330 uicesimo

212 3361 325 3413 ¹Caesar
341 3360 528 3422 Dolabellam,
549 3359 636 3412 altero
656 3365 685 3411 et
702 3361 834 3412 uicesimo
852 3361 964 3413 Asinius
980 3361 1069 3414 Pollio
1088 3362 1118 3413 G.
1138 3361 1287 3427 Catonem,
1306 3379 1361 3414 nou

218 3446 332 3496 multum
350 3451 443 3499 aetate
462 3445 629 3497 antecedens
647 3444 749 3496 Calvus
761 3447 902 3498 Vatinium
921 3447 957 3501 iis
975 3447 1146 3498 orationibus
1158 3448 1277 3498 insecuti
1296 3453 1362 3499 sunt

156 3533 159 3538 '
219 3546 287 3597 quas
305 3531 386 3584 hodie
406 3545 510 3598 quoque
529 3545 589 3582 cum
609 3529 791 3582 admiratione
814 3532 953 3598 legimus·
989 3547 1052 3582 nam
1077 3531 1107 3582 C.
1130 3532 1259 3584 Porcium
1277 3531 1360 3586 Cato-

218 3631 280 3666 nem
298 3614 389 3666 Pollio
408 3616 552 3668 accusavit
570 3630 595 3665 a.
615 3631 641 3666 u.
660 3613 719 3665 700.
738 3616 775 3665 cl.
790 3615 889 3669 Cicero
909 3617 943 3667 ad
961 3615 1017 3666 Att.
1036 3617 1066 3680 4,
1088 3615 1127 3666 15.
1148 3615 1187 3666 10.
1209 3615 1248 3666 17.
1277 3622 1360 3668 natus

218 3701 304 3766 igitur
317 3705 378 3752 erat
390 3717 415 3752 a.
426 3697 484 3751 078.
503 3699 598 3765 quodsi
612 3715 684 3751 anno
697 3699 747 3750 704
756 3699 890 3764 decessit,
905 3701 1025 3752 decessit
1034 3701 1187 3752 LXXXVII
1196 3717 1251 3753 non
1260 3703 1361 3753 LXXX

219 3785 320 3836 aetatis
333 3799 399 3836 suae
413 3799 492 3837 anno.
518 3789 600 3851 atque
619 3786 776 3836 nominatur
793 3786 904 3837 Asinius
917 3802 935 3836 a
946 3783 1059 3836 Valerio
1071 3785 1193 3837 Maximo
1205 3787 1273 3838 VIII
1287 3787 1331 3850 13,
1345 3788 1361 3837 4

219 3871 367 3922 ‘nervosae
385 3871 545 3922 vivacitatis
564 3870 739 3936 exemplum*
775 3877 922 3936 praeterea
941 3872 1011 3922 adde
1030 3871 1195 3924 testimoniis
1214 3871 1248 3922 de
1265 3871 1360 3924 Asinio

217 3953 344 4006 Pollione
363 3954 435 4020 (adn.
456 3969 514 4021 sup.
540 3954 576 4005 ad
599 3955 697 4022 fragm.
716 3953 779 4019 59⁸)
800 3956 867 4006 Tac.
887 3956 953 4008 dial.
971 3954 1020 4012 38:
1057 3956 1144 4022 ‘quod
1167 3958 1256 4008 maius
1280 3971 1359 4020 argu-

191 4041 194 4048 '
216 4043 339 4090 mentum
357 4047 399 4090 est
417 4056 497 4106 quam
523 4037 595 4106 quod
613 4055 715 4092 causae
740 4039 969 4105 centumvitales,
994 4057 1065 4106 quae
1089 4057 1161 4092 nuno
1178 4042 1295 4110 primum
1313 4040 1360 4092 ob·

218 4125 309 4174 tinent
321 4123 426 4186 locum,
446 4125 515 4176 adso
534 4125 678 4190 splendore
692 4124 808 4175 aliorum
821 4125 985 4176 iudiciorum
1003 4126 1203 4190 obruebantur,
1224 4130 1360 4191 utusque

217 4207 362 4259 Ciceronis
384 4223 473 4273 neque
493 4208 624 4262 Caesaris
645 4224 734 4275 neque
753 4209 832 4259 Bruti
855 4225 944 4276 nequo
963 4209 1065 4264 Caelii
1078 4226 1168 4277 nequa
1187 4209 1281 4273 Calvi,
1305 4225 1360 4261 nou

217 4291 334 4358 denique
358 4291 439 4344 ullius
462 4293 556 4360 magui
578 4295 694 4346 oratoris
716 4293 788 4344 liber
812 4294 884 4360 apud
913 4297 1096 4348 centumviros
1119 4295 1211 4346 dictus
1237 4293 1359 4360 legatur,

218 4377 342 4444 exceptis
364 4378 535 4430 orationibus
557 4379 647 4430 Asinii
671 4394 741 4446 quae
764 4395 812 4447 pro
835 4378 982 4432 heredibus
1005 4379 1139 4432 Vrbiniae
1162 4379 1358 4442 inscribuntur,
