3078 5072
600 389 674 443 ,na
698 387 815 471 ronrrs
1002 363 1008 378 ⁸
1252 373 1292 434 45

163 535 331 602 Maecenas
360 545 560 624 quantopere
591 559 664 601 eum
694 536 849 602 dilexerit
877 539 959 602 satis
986 547 1122 604 testatur
1150 537 1206 603 illo
1229 543 1295 626 cpi-

163 649 354 725 grammate:
403 689 411 700 .

404 741 438 804 ni
461 749 494 804 te
517 739 699 804 uisceribus
722 740 819 822 meis,
840 739 974 820 Horati,

401 841 475 929 plus
497 843 561 906 iam
584 840 702 924 diligo,
724 848 760 903 tu
778 851 868 904 tuum
890 841 1032 906 sodalem

138 969 151 1008 s
403 941 524 1008 Ninnio
546 941 660 1006 uideas
683 942 920 1026 strigosiorem:

163 1045 215 1108 secl
234 1043 337 1109 multo
357 1046 461 1130 magis
483 1045 636 1109 extremis
661 1043 791 1108 iudiciis
813 1045 872 1108 tali
895 1045 935 1108 ad
958 1046 1145 1130 Augustum
1171 1045 1293 1132 elogio:

162 1145 284 1210 ‘Horati
298 1145 410 1210 Flacci
427 1161 464 1209 ut
479 1147 544 1210 mei
561 1153 630 1210 esto
643 1146 792 1210 memorl'
808 1146 1199 1233 Augustusepistolarum
1216 1153 1294 1234 quo-

161 1269 218 1334 que
240 1250 270 1313 ei
294 1247 440 1312 officium
462 1248 593 1333 optulit,
619 1249 687 1332 (ut)
711 1247 771 1310 hoc
801 1247 843 1311 ad
863 1248 1084 1312 Maecenatem
1106 1251 1227 1336 scripto
1253 1251 1293 1313 si·

161 1348 305 1434 gnificat:
349 1353 445 1413 ‘ante
465 1349 536 1434 ipse
565 1347 767 1413 sufficiebam
792 1347 974 1413 scribendis
1003 1349 1147 1435 epistolis
1173 1351 1292 1416 amico·

132 1471 243 1532 rorum,
271 1471 359 1514 nuuc
387 1449 658 1537 occupatissimus
684 1460 717 1512 et
738 1448 884 1516 infirmus
908 1449 1079 1515 Horatium
1106 1461 1251 1516 nostrum
1274 1475 1294 1516 s
1367 1529 1370 1536 ⁴

158 1560 188 1614 te
213 1551 308 1636 cupio
340 1549 515 1614 abducere.
561 1553 672 1614 ueniet
702 1572 779 1636 crgo
808 1550 849 1614 sb
873 1552 949 1616 „ists
975 1554 1152 1638 parasitica
1180 1575 1293 1618 mensu

159 1651 197 1714 sd
218 1651 301 1715 hanc
322 1651 445 1736 regiam
467 1663 499 1718 ct
520 1673 580 1716 nos
602 1653 636 1715 in
656 1651 802 1738 epistulis
827 1653 1009 1734 scribendis
1031 1653 1230 1718 adiuuabit.'
1254 1678 1291 1719 ac

160 1775 197 1816 ne
218 1755 384 1818 recusanti
404 1755 534 1840 quidem
555 1762 612 1818 aut
634 1753 819 1818 succensuit
841 1755 1010 1841 quicquam
1033 1764 1089 1818 aut
1114 1757 1291 1820 amicitiam

18 1907 22 1936 ,
147 1857 247 1917 'suam
275 1856 427 1939 ingerere
447 1855 554 1919 desiit.
600 1864 715 1919 extant
735 1853 905 1941 epistolae,
933 1856 1089 1943 equibus
1109 1859 1291 1941 argumenti

132 1957 263 2040 ingratia
296 1976 401 2041 pauca
433 1956 574 2020 subieci:
594 1957 608 1992 ⁰
626 1963 733 2020 ‘sume
761 1954 822 2020 tibi
850 1957 973 2043 aliquid
1006 1960 1085 2022 iuris
1113 1957 1199 2044 apud
1229 1980 1291 2041 me,

158 2069 321 2144 tamquam
345 2058 373 2121 si
402 2059 570 2123 conuictor
598 2057 679 2122 mihi
705 2057 823 2139 l'ueris;
870 2071 957 2122 recte
985 2061 1070 2124 enirn
1099 2068 1131 2124 et
1159 2083 1223 2124 non
1244 2069 1290 2124 te·

159 2181 242 2223 merc
266 2159 400 2240 leceris,
422 2160 575 2246 quonism
596 2159 631 2224 id
653 2181 732 2223 usus
747 2158 826 2250 milri
842 2167 947 2223 tecum
968 2183 1037 2224 esso
1061 2160 1163 2242 uolui,
1178 2162 1213 2222 'si
1232 2182 1291 2245 per
1326 2231 1332 2240 ί

158 2259 367 2324 militudinem
391 2271 482 2325 tuam
507 2260 578 2325 fieri
604 2260 734 2347 possit!
767 2270 799 2324 et
824 2283 952 2324 rursus:
990 2265 1054 2326 ‘tui
1080 2262 1207 2349 qualem
1236 2265 1290 2326 lra-

159 2360 248 2424 beam
271 2363 478 2442 memoriam,
502 2364 622 2448 poteris
644 2385 686 2426 ex
708 2362 863 2449 Septimio
885 2383 1010 2448 quoque
1032 2372 1141 2426 nostro
1158 2363 1289 2444 arsilire3

129 2482 229 2526 ruriam
259 2463 374 2526 incidit
403 2475 438 2527 ut
465 2463 520 2526 illo
549 2487 658 2530 coram
687 2465 778 2528 ficret
804 2485 824 2527 a
848 2448 899 2527 me
929 2465 976 2527 tui
1002 2465 1134 2528 mentio.
1184 2485 1289 2548 neque

158 2568 238 2628 eninr
268 2565 295 2626 si
325 2573 361 2627 tu
388 2565 548 2650 superbus
577 2567 753 2630 amicitiam
780 2573 922 2628 nostram
945 2567 1112 2651 spreuisti,
1137 2564 1210 2628 ideo
1232 2585 1289 2627 nos

157 2687 281 2753 quoque
303 2657 688 2750 dvdvneonouvorineuss
710 2660 878 2754 praeterea
892 2688 988 2754 saepe
1006 2689 1079 2730 eum
1102 2667 1186 2728 inter
1208 2665 1289 2730 ulios

238 2919 246 2969 1
268 2896 410 2966 slilcxe'rit
422 2929 453 2978 ς,
477 2911 625 2968 Muretus:
645 2908 752 2968 dilexit
771 2911 880 2984 Aean
900 2912 1012 2967 euanuit
1031 2914 1059 2966 iu
1082 2911 1105 2966 0
1116 2904 1129 2987 Η
1146 2905 1287 2988 testatur]

155 3003 335 3052 monstratur
354 2989 404 3074 ΒΗ
421 3005 438 3054 3
454 2993 558 3052 horaci
575 2997 598 3053 C
613 2996 655 3064 (ut
670 2998 791 3071 videtur)
811 2998 839 3051 Ε
851 2989 896 3075 lle
916 3002 948 3052 tu
968 3003 1051 3052 tuum
1076 2995 1225 3052 Muretus:
1243 3005 1288 3051 tu-

154 3087 212 3136 tum
227 3079 331 3135 ACDE
342 3079 445 3138 'l'itum
458 3082 590 3138 Nunnius
605 3075 618 3161 Η
633 3093 648 3141 5
664 3079 776 3137 Ninnio
789 3081 821 3136 P.
837 3081 984 3136 Pithoeus:
995 3080 1087 3137 nimio
1099 3079 1148 3136 AC
1158 3081 1290 3137 Muretus

154 3163 242 3221 minio
266 3165 397 3222 Nunnius
417 3165 497 3223 ninio
521 3167 547 3220 I)
564 3165 655 3222 niuno
677 3167 720 3221 vei
734 3165 822 3222 mimo
839 3167 866 3221 Ε
883 3164 972 3221 hirmo
986 3183 1034 3220 me
1050 3167 1203 3221 Lambinus
1223 3163 1289 3221 lriu·

154 3248 232 3367 ιιιιιΙοΓ
245 3249 466 3334 Oudendorpius
484 3248 563 3308 mulo
585 3269 633 3308 me
651 3251 871 3323 Bnumyorten·
883 3249 1000 3306 Cresius
1016 3249 1117 3306 innnlo
1134 3251 1256 3306 licinius
1271 3243 1284 3330 Η

181 3341 186 3350 ·
202 3339 207 3350 ·
228 3335 375 3372 ιΙΙιιιοιιιοιοιιι

153 3383 357 3458 strigosiorem
374 3388 403 3442 Ε
414 3389 480 3443 item
499 3390 567 3446 ind
591 3404 682 3458 supro
706 3386 790 3460 strig.
803 3405 838 3441 m.
858 3401 915 3442 rec.
934 3387 1070 3455 scriptum
1092 3394 1135 3440 cst
1150 3383 1287 3458 litigisio-

152 3487 214 3526 rem
228 3463 242 3549 Η
256 3477 274 3531 6
289 3467 408 3529 iudiciis
424 3489 477 3527 om.
497 3473 525 3526 B
540 3465 553 3552 Η
567 3449 582 3532 i
598 3467 698 3528 horati
713 3470 767 3526 AB
781 3468 884 3529 horaci
895 3471 924 3525 Ε
938 3467 1046 3525 horatii
1064 3471 1086 3526 C
1106 3470 1148 3538 (ut
1164 3471 1287 3539 uidetur)

153 3555 177 3609 li
196 3547 210 3634 Η
231 3575 264 3614 es
288 3563 354 3632 tote
375 3557 402 3612 D
420 3549 432 3634 Η
455 3556 610 3631 Augustus
633 3574 649 3613 e
672 3553 827 3612 istolamm
844 3585 887 3596 --
910 3553 949 3626 (n.
969 3559 1021 3620 47,
1045 3557 1075 3627 i)
1099 3551 1213 3612 Caesar
1233 3571 1286 3608 om.

153 3637 194 3716 ςΗ
210 3649 228 3701 8
242 3639 271 3698 ei
293 3659 347 3698 om.
369 3644 397 3697 Ε
416 3635 429 3720 Η
451 3639 558 3698 obtulit
574 3642 631 3697 BE
647 3575 717 3718 Ηιι1
739 3643 847 3697 addidit
865 3641 1018 3696 bantinus
1031 3631 1044 3718 Η
1063 3649 1094 3696 111
1113 3657 1130 3694 a
1147 3645 1177 3694 tc
1198 3637 1287 3714 cupio

152 3723 302 3783 ebducere
319 3728 450 3783 Nunnius
464 3733 494 3783 te
511 3725 599 3802 cupio
619 3723 771 3783 abducere
783 3727 877 3783 Alite
889 3723 975 3801 cupio
989 3721 1139 3780 adducere
1154 3723 1177 3778 Ε
1194 3722 1237 3792 (ιι1
1249 3725 1286 3778 vi·

150 3813 243 3882 detur)
257 3811 286 3866 Ε
300 3813 430 3868 Muretus
477 3819 507 3870 12
519 3808 635 3868 iuuabit
650 3811 816 3866 ENanuius
836 3803 850 3890 Η
873 3817 905 3871 13
922 3815 975 3866 aut
986 3827 1039 3866 oin.
1055 3809 1076 3864 (Γ
1088 3801 1101 3886 Η
1118 3806 1289 3864 suscensuit

150 3899 173 3950 A
186 3891 199 3974 Η
215 3895 386 3954 amiciciam
408 3895 430 3952 0
473 3903 504 3957 lt
515 3895 655 3971 ingerere
671 3897 727 3951 ΒΕ
739 3893 883 3969 ingencre
898 3895 949 3950 An
964 3897 1077 3951 enormi!
1092 3897 1119 3949 in
1137 3885 1183 3970 ΕΗ
1200 3909 1287 3966 argu·

150 3991 250 4038 menta
260 3999 354 4056 grece
365 3983 394 4037 E
407 3973 421 4061 Η
439 3991 468 4041 15
481 3979 587 4037 uirisA
602 3975 616 4061 Η
634 3988 664 4041 m
675 3987 725 4036 tan
749 3997 818 4036 nam
828 3979 904 4034 CDE
916 3973 929 4059 Η
947 3979 1026 4036 enim
1038 3997 1089 4036 om.
1098 3981 1153 4033 Ee
1167 3977 1288 4045 (relicua

147 4065 196 4136 soi.
209 4067 297 4123 iocor.
309 4069 470 4138 perierrint)
485 4066 509 4121 D
524 4059 546 4145 Η,
557 4070 585 4126 17
598 4065 694 4123 uoluit
708 3997 755 4143 ΕΗ
770 4069 803 4119 ut
814 4062 839 4121 si
851 4065 878 4120 1)
891 4057 906 4145 Η
924 4073 956 4126 18
966 4061 1171 4121 ualetudinem
1186 4062 1291 4118 BCDE

149 4144 162 4228 Η
177 4146 291 4228 liabeo]
305 4148 356 4208 hal
379 4149 453 4218 (reli.
471 4153 535 4206 item
549 4154 711 4223 perierunt)
728 4149 754 4205 D
776 4141 790 4228 Η
813 4157 843 4210 19
860 4150 973 4225 noteris
991 4148 1162 4206 memoriam
1186 4149 1214 4202 Ε
1227 4141 1240 4226 Η
1255 4155 1289 4208 ‘20

149 4231 230 4312 nam]
244 4233 272 4292 N
287 4235 360 4303 (reli.
370 4238 533 4307 perierunt)
545 4235 573 4290 Ι]
587 4227 601 4314 Η
617 4254 718 4292 coram
727 4229 826 4308 fieret]
844 4243 927 4290 coret
941 4235 962 4290 0
977 4229 989 4311 Η
1005 4255 1022 4291 a
1036 4228 1149 4309 metui]
1167 4233 1288 4290 amictui

148 4321 175 4376 Ε
186 4317 199 4400 Η
215 4319 334 4378 mencio
355 4319 404 4376 GE
417 4313 430 4400 Η
444 4337 719 4398 neque-quoque
739 4336 790 4375 om.
809 4311 857 4398 ΕΗ
872 4327 901 4377 ’11
920 4315 966 4396 tu]
982 4329 992 4375 t
1009 4318 1044 4389 (s.
1053 4317 1085 4393 1.)
1104 4319 1134 4384 1)
1154 4310 1167 4398 Η
1188 4325 1221 4376 ⁸22
1237 4306 1287 4373 ἀν-

148 4403 420 4482 &mensuratim
438 4423 515 4464 corr.
532 4407 678 4462 Nunnius:
695 4419 952 4476 suscenseas-»rimu
966 4406 1069 4462 ACDE
1083 4401 1289 4478 αντηρφανού·
