3190 5098
665 431 769 472 cssvu
793 433 804 473 1
1242 422 1300 484 421

162 578 232 637 bist.
249 578 332 636 XIII
346 577 471 658 cssqq.)
488 601 524 639 ea
539 581 577 640 de
599 602 631 641 re
654 584 884 662 expositionem.
915 605 995 668 quae
1018 609 1042 651 c.
1063 601 1089 650 ll
1112 591 1305 670 excipiuntur

164 678 368 760 disputatione
391 679 430 739 de
452 683 651 756 membranis,
677 687 706 743 in
729 705 790 766 qua
814 695 937 765 praeter
954 689 1015 748 alia
1031 691 1149 752 erudite
1165 701 1304 753 veterum

163 782 310 840 artificum
335 784 521 842 consuetudo
545 787 714 865 explicatur
735 782 788 865 (ci.
807 790 914 866 fragm.
934 789 1034 866 los*).
1066 801 1218 871 postremo
1235 796 1303 856 loco

161 884 262 962 posita
279 893 349 942 sunt
371 886 473 963 capita
494 884 551 964 (m.
576 897 616 950 13.
639 886 685 965 ll)
714 887 752 948 de
772 888 857 950 libris
880 893 1076 952 conficiendis
1100 895 1303 978 librorumque
1355 907 1368 932 ⁸

49 1015 55 1030 =
162 985 320 1044 vocabulis
337 985 437 1066 deque
453 985 585 1046 librariis
608 999 763 1066 eteorum
783 993 990 1053 iustrumentis
1007 993 1126 1073 (fragm.
1146 993 1242 1076 till*).
1271 1001 1303 1058 in

161 1085 270 1166 quibus
285 1097 407 1165 praeter
424 1085 540 1146 Cinnae
563 1087 600 1146 de
620 1091 788 1152 malvarum
807 1093 919 1154 libellis
941 1096 1144 1156 testimoniam
1163 1099 1230 1178 ipsa
1250 1100 1305 1159 illa

162 1189 290 1249 Suetoni
310 1187 405 1248 verba
432 1189 643 1251 ascholiastis
668 1195 775 1254 Horati
803 1197 936 1257 excitata
958 1197 1002 1278 (p.
1030 1207 1092 1271 let,
1119 1197 1165 1274 18)
1187 1210 1301 1260 extant.
1383 1233 1387 1242 .

161 1289 270 1370 quibus
287 1290 408 1370 quidem
424 1290 519 1350 multa
536 1292 671 1354 Isidorus
686 1305 719 1354 ut
735 1297 816 1358 solet
829 1299 917 1358 modo
934 1299 972 1359 de
988 1319 1043 1358 suo
1064 1300 1152 1359 modo
1176 1300 1214 1360 ab
1235 1302 1303 1362 aliis

161 1391 336 1452 auctoribus
354 1393 450 1471 petita
466 1393 632 1468 inmiscuit,
651 1417 730 1476 quaa
741 1399 863 1479 quidam
880 1401 973 1460 facile
994 1403 1155 1478 agenuina
1174 1403 1302 1464 Suetoni

50 1565 54 1573 ⁸
161 1496 305 1554 memoria
320 1503 444 1574 possunt
458 1496 630 1557 internosci.
661 1500 726 1558 fere
742 1521 845 1560 omnes
859 1504 939 1562 enim
954 1522 1045 1581 super
1065 1509 1135 1562 sunt
1150 1513 1302 1578 auctores,

161 1615 236 1675 quos
249 1596 288 1655 ad
300 1597 384 1656 illam
398 1597 641 1676 interpolandam
657 1600 809 1675 adhibuit,
826 1603 922 1682 ipsius
937 1623 1010 1662 vero
1026 1602 1235 1664 additamenta
1250 1615 1303 1664 aut

162 1698 283 1776 ineptiis
304 1697 471 1776 produntur
494 1707 546 1758 aut
566 1702 685 1778 vulgari
708 1702 846 1764 doctrina
861 1716 913 1764 aut
929 1705 1061 1785 denique
1078 1725 1131 1777 eo,
1155 1706 1237 1785 quod
1252 1727 1302 1766 res

161 1799 350 1860 Christianae
365 1801 498 1878 respicit.
518 1801 574 1860 sed
589 1823 650 1864 nou
664 1806 694 1865 id
706 1815 823 1866 tantum
839 1807 957 1867 Isidoro
967 1807 1040 1866 vitio
1054 1805 1232 1866 vertendum
1245 1817 1301 1880 est,

160 1909 254 1960 testes
273 1909 303 1960 et
319 1921 368 1960 res
385 1903 573 1978 confudisse,
593 1907 674 1985 quod
697 1910 770 1968 ferri
791 1918 907 1989 potest,
931 1929 998 1970 cum
1020 1909 1084 1967 eius
1106 1911 1151 1968 rei
1166 1910 1301 1970 remedia

160 2021 219 2060 non
228 2001 338 2082 desint,
350 1999 457 2090 herum
469 2006 560 2064 etiam
572 2006 629 2066 boc
640 2031 761 2090 quoque
769 2011 837 2070 loco
846 2010 1064 2070 molestissima
1075 2009 1301 2072 mendaSueto·

160 2105 281 2164 niauam
299 2105 532 2186 disputationem
554 2127 590 2165 eo
612 2109 804 2185 insederunt,
828 2111 910 2191 quod
928 2113 1037 2170 misere
1061 2131 1127 2170 eam
1148 2112 1303 2173 breviator

160 2207 321 2266 mutilavit.
336 2207 419 2265 cuius
429 2207 472 2266 rei
484 2209 638 2286 singulare
648 2211 860 2274 documentum
873 2221 966 2284 extat,
979 2211 1029 2269 ubi
1043 2210 1080 2270 ile
1090 2214 1300 2294 scripturaan·

160 2309 244 2388 tiqua
257 2329 335 2388 quae
347 2302 573 2388 βουστροφηδὸν
586 2313 678 2374 fiebat
691 2335 789 2374 sermo
803 2325 864 2374 est:
879 2331 981 2374 uersus
992 2321 1086 2370 autem
1100 2319 1196 2370 uocati
1205 2319 1300 2388 aalys,

159 2414 227 2484 peric
240 2413 282 2468 sic
297 2413 459 2470 scribebant
474 2418 585 2488 antiqui
598 2422 672 2474 sicut
687 2427 792 2475 aratur
807 2426 898 2475 terra.
925 2436 942 2472 a
958 2419 1076 2474 sinistra
1088 2419 1160 2472 enim
1176 2419 1216 2473 acl
1228 2420 1300 2474 dea:-

159 2521 250 2570 tcrum
265 2516 390 2586 primum
406 2518 585 2574 dertrrcebuat
601 2522 712 2586 stilum,
735 2523 836 2578 deinde
851 2520 1095 2577 conari-rebantur
1109 2519 1144 2574 ab
1161 2517 1301 2590 inferiore

159 2623 186 2672 et
201 2631 307 2672 rursus
321 2619 360 2674 ori
374 2621 526 2675 dexteram
541 2635 662 2676 uersus:
675 2637 747 2694 quos
757 2623 897 2695 hodieque
909 2623 1012 2678 rustici
1024 2635 1128 2677 uersas
1143 2623 1300 2694 appellant.

245 2715 297 2776 Sic
316 2726 458 2778 accurate
480 2719 685 2780 Suetonianae
700 2723 889 2780 auctoritatis
904 2719 1024 2780 indiciis
1046 2719 1193 2780 conlectis
1215 2739 1300 2798 egre·

158 2817 225 2896 glas
251 2817 397 2898 reliquias
423 2820 616 2882 doctissimae
643 2824 903 2882 commentationis
928 2823 1190 2902 recuperavimus,
1222 2843 1301 2902 quae

159 2939 248 2999 quam
264 2929 335 2998 apte
359 2921 390 2980 in
407 2921 466 2982 fine
487 2920 555 2981 libri
576 2922 614 2982 de
630 2923 806 2984 inlustribus
828 2927 901 2985 viris
918 2925 1017 3005 posita
1037 2926 1129 2984 fuerit
1149 2944 1301 3004 exponere

158 3021 249 3082 facile
265 3022 461 3100 supersedeo.
798 3103 800 3106 Ι

241 3125 375 3186 Tantum
397 3124 434 3184 de
455 3127 529 3204 iprsIs
540 3125 612 3186 libri
634 3127 822 3204 fragmentIs.
850 3149 950 3208 pauca
970 3127 1081 3188 addam
1101 3127 1139 3188 de
1158 3129 1302 3188 universa

158 3227 249 3287 totius
270 3228 371 3306 operis
386 3229 513 3287 ratione.
546 3227 654 3308 quodsi
672 3237 819 3302 aetatem,
839 3251 900 3310 qna
917 3229 1059 3289 inlustres
1077 3230 1134 3290 viri
1150 3231 1300 3300 vixerunt,

159 3339 296 3407 spectas,
312 3329 449 3388 ultImum
468 3348 586 3402 eorum,
613 3340 761 3409 quantum·
774 3330 897 3409 quidem
923 3351 978 3409 per
998 3330 1143 3410 reliquias
1166 3330 1300 3389 iudicare

159 3431 247 3505 licet,
269 3429 488 3508 Quintilianum
504 3430 672 3503 rhetorem,
694 3433 746 3510 qul
761 3431 842 3491 idem
860 3431 1028 3490 inlustrium
1043 3433 1175 3490 virorum
1192 3449 1300 3508 agmen

159 3533 284 3606 clausit,
300 3533 498 3614 Tranquillus
514 3532 667 3612 produxit.
691 3553 752 3613 qua
768 3553 801 3592 re
817 3533 949 3592 efficitur
964 3532 1131 3592 litterarum
1147 3533 1299 3592 Romana·

158 3653 224 3694 rum
243 3634 402 3694 historiam
424 3653 490 3692 eum
513 3633 604 3693 finem
624 3656 684 3694 non
704 3635 871 3708 excedere,
901 3653 991 3715 quem
1012 3633 1148 3692 inlibris
1172 3633 1210 3692 de
1237 3633 1300 3691 vita

130 3749 135 3762 ¹
159 3738 326 3798 Caesarum
347 3737 510 3798 Suetonius
529 3738 635 3798 tenuit.
669 3745 761 3818 atque
781 3738 860 3797 inter
880 3736 958 3796 baec
978 3755 1070 3815 opera
1085 3734 1238 3815 quandam
1257 3736 1300 3793 ln·

158 3840 316 3900 tercedere
336 3839 594 3900 uecessitudinem
613 3859 672 3900 non
693 3839 853 3898 obscurum
868 3845 929 3910 est,
956 3837 1106 3917 siquidem
1124 3835 1300 3909 studiorum,

158 3960 237 4020 quae
254 3939 404 4000 Caesares
420 3941 451 4000 in
473 3941 583 4002 litteris
599 3949 766 4022 posuerunt
787 3959 926 4022 quaeque
945 3940 1121 4018 plenissime
1144 3937 1174 3996 in
1198 3957 1319 3996 eorum·

157 4044 222 4101 vita
238 4051 384 4104 executus
408 4053 460 4104 aut
483 4051 666 4121 executurus
688 4051 767 4110 erat,
789 4044 962 4102 memoriam
983 4043 1013 4102 in
1034 4041 1204 4102 inlustrium
1221 4041 1299 4100 viro-

157 4163 222 4202 rum
237 4143 314 4204 libro
336 4145 456 4204 omnino
471 4165 530 4203 non
546 4145 653 4220 attigit
685 4164 867 4224 quamquam
887 4165 948 4203 non
971 4144 1144 4225 praefracte
1167 4161 1299 4218 negave-

158 4245 221 4317 rim,
235 4246 266 4304 in
277 4247 469 4325 praefatione
483 4245 522 4304 ad
534 4253 685 4304 oratorum
699 4245 807 4305 librum
820 4265 989 4306 sermonem
1000 4246 1094 4306 fuisse
1107 4244 1145 4304 de
1156 4245 1229 4303 Divi
1240 4245 1300 4304 Iuli

159 4345 342 4426 eloquentia.
371 4347 479 4406 eodem
494 4345 613 4405 scilicet
629 4347 717 4406 modo
730 4349 761 4406 in
774 4347 965 4427 praelatione
980 4347 1050 4406 libri
1072 4346 1110 4406 do
1129 4345 1299 4406 rhetoribus
1374 4337 1375 4340 ¹

158 4444 291 4525 Augusti
309 4458 339 4508 et
349 4449 481 4509 Neronis
494 4445 731 4508 declamationes
748 4448 820 4509 data
834 4451 1058 4530 opportunitate
1075 4457 1297 4510 commemorat.
