3072 5064
529 417 570 458 oa
593 415 733 460 nuuvurs
757 415 864 458 annau
1200 401 1262 466 203

122 587 158 630 eo
180 563 269 652 quod
293 563 490 630 rotunditate
511 567 563 628 sui
587 565 681 652 quasi
704 563 845 630 circulus
866 563 953 629 unde
975 563 1110 650 incipiat
1131 564 1184 628 uel
1206 564 1262 629 ubi

122 667 249 732 desinat
267 687 334 730 non
355 665 452 732 facile
475 666 765 754 conprehendatur.
803 665 982 754 aequaliter
1002 667 1088 730 enim
1111 687 1152 731 ex
1175 666 1262 730 omni

121 778 213 857 parte
242 769 348 834 fertur
377 792 448 834 esse
477 767 613 835 collecta
640 778 673 834 et
695 771 805 834 omnia
834 768 984 834 similiter
1005 769 1183 856 respiciens
1206 767 1262 833 ad-

121 895 183 960 que
212 894 234 936 a
256 881 368 937 centro
388 881 493 937 terrac
516 871 629 959 spatiis
656 873 771 959 aequis
798 871 952 936 distincta
973 873 1107 959 ipsaque
1137 871 1188 937 sui
1211 891 1263 934 ae·

102 973 280 1063 squalitate
309 975 356 1040 ita
385 973 528 1057 stabilis,
559 982 597 1038 ut
624 995 695 1038 earn
727 974 762 1037 in
789 972 911 1038 nullam
943 982 1067 1060 partem
1097 972 1263 1038 declinare
1349 1039 1352 1046 ,

120 1077 268 1163 undique
305 1075 486 1163 aequalitas
517 1074 653 1140 collecta
685 1076 852 1163 permittat
887 1097 926 1140 ac
959 1075 1049 1141 nullo
1074 1075 1262 1140 fulcimento

121 1177 282 1244 subuecta
302 1186 512 1242 sustentetur.
562 1179 654 1242 cuius
677 1178 910 1266 perfectionem
938 1178 1096 1266 sphaerae
1122 1177 1175 1243 uel
1201 1179 1262 1242 cir·

120 1279 186 1344 culi
208 1279 322 1345 multis
351 1280 688 1366 argumentationibus
717 1289 860 1345 tractans
886 1280 1079 1346 rationabile
1099 1279 1192 1346 Plato
1215 1281 1262 1344 fa·

8 1463 9 1470 Ι
119 1382 296 1448 bricatcris
318 1382 432 1448 mundi
457 1405 538 1468 opus
565 1383 725 1464 insinuat,
765 1385 870 1470 primo
896 1382 984 1470 quod
1011 1401 1053 1447 ex
1081 1404 1147 1450 una
1175 1381 1262 1449 linea

92 1493 260 1567 uconstat,
282 1485 426 1550 secundo
446 1485 532 1572 quod
556 1487 627 1550 sine
642 1485 736 1550 initio
758 1493 855 1550 estet
871 1485 942 1550 sine
964 1483 1037 1568 fine,
1060 1487 1155 1551 tertio
1175 1486 1262 1575 quod

121 1657 190 1710 tia!
199 1685 228 1693 a
245 1659 366 1710 Isidorus
375 1659 463 1724 origg.
471 1659 513 1708 ΙΙΙ
522 1657 567 1710 30:
583 1658 633 1708 ‘De
645 1659 723 1710 caelo
737 1665 764 1708 et
777 1660 836 1709 eius
845 1659 963 1710 nomine.
984 1657 1097 1710 Caelum
1110 1659 1263 1726 philosophi

120 1727 266 1778 rotsmdum
280 1727 428 1778 uolubilem
442 1733 523 1792 atque
538 1727 678 1778 ardentem
692 1743 752 1777 esse
766 1728 900 1790 dixerunt,
913 1733 1039 1778 uocatum
1051 1733 1141 1778 antem
1151 1729 1203 1780 hoc
1214 1745 1262 1779 uo·

120 1797 202 1853 mine.
214 1796 322 1860 eoquod
333 1801 472 1860 tamquam
484 1811 534 1846 aas
548 1795 684 1846 caelatum
694 1796 827 1861 impressa
837 1796 917 1861 signa
927 1795 1031 1846 haheat
1040 1795 1189 1848 stellarum.
1208 1797 1261 1846 dis·

119 1865 202 1914 tinxit
212 1865 288 1914 enirn
298 1879 359 1914 eam
368 1863 435 1913 deins
445 1863 528 1914 claris
538 1863 684 1914 luminibus
695 1869 723 1912 ct
732 1863 857 1929 impleuit
868 1863 926 1913 sole
940 1862 1049 1914 scilicet
1062 1871 1089 1914 ct
1101 1863 1182 1916 lunae
1196 1865 1261 1918 orbe

120 1932 240 1998 fulgenti
254 1939 282 2010 cp
296 1937 429 1982 astrorum
442 1931 600 2005 micantium
613 1930 820 2009 splendentibus
831 1931 917 1998 signis
930 1931 1082 1982 adornauit.
1106 1931 1156 1982 boc
1171 1937 1262 1983 antem

121 2003 231 2050 Graece
245 1993 370 2063 cupuvo'c
388 2000 487 2050 dicitnr
504 1993 561 2050 απὸ
580 1997 631 2049 τοῦ
650 1998 790 2064 occludat,
810 1999 837 2048 irl
856 2005 898 2048 est
911 2016 927 2049 a
940 2000 1071 2062 nidendo,
1086 2017 1117 2051 eo
1131 2001 1201 2066 quod
1215 2018 1263 2052 aer

120 2069 284 2134 perspicuus
296 2069 332 2118 sit
346 2073 373 2118 et
386 2067 421 2118 ad
433 2067 628 2133 speculandum
640 2065 751 2132 purior!
777 2067 822 2122 31:
838 2067 888 2116 ‘Dc
906 2068 960 2117 situ
972 2067 1108 2134 sphaerae
1121 2069 1260 2120 caelestis.

120 2137 247 2202 sphaera
265 2135 338 2186 caeli
355 2136 463 2201 species
482 2141 524 2185 est
542 2135 676 2200 ‹prraedanr
693 2136 722 2184 in
740 2136 881 2186 rotundum
899 2137 1031 2198 formata,
1051 2137 1126 2186 cuius
1140 2143 1261 2187 centrum

120 2213 195 2255 terra
214 2209 258 2255 est
276 2221 310 2254 cx
328 2204 452 2254 omnibus
469 2203 594 2270 partibus
612 2204 765 2268 aequaliter
787 2203 927 2254 conclusa.
957 2204 1029 2254 hanc
1047 2205 1192 2269 sphaeram
1210 2221 1262 2256 nec

121 2273 285 2338 principium
300 2271 402 2322 babere
415 2271 509 2322 dicuat
521 2288 573 2322 nec
587 2271 743 2335 terminum,
761 2271 823 2322 ideo
836 2271 906 2336 quod
919 2271 947 2320 in
965 2271 1105 2332 §tandum
1119 2273 1197 2337 quasi
1210 2273 1261 2322 cir-

122 2341 199 2392 culus
215 2341 289 2390 uude
307 2341 424 2405 incipiat
435 2339 481 2396 uel
494 2340 541 2389 ubi
553 2339 662 2390 desinat
673 2355 728 2390 uon
742 2339 826 2390 facile
839 2339 1085 2406 comprehenditur.
1107 2339 1262 2406 philosophi

122 2415 212 2458 autem
227 2409 320 2458 mundi
333 2413 438 2473 septem
452 2407 546 2458 caelos
563 2408 592 2458 id
610 2413 651 2458 est
664 2408 790 2473 planetas
803 2407 943 2473 gluttonum
961 2423 1080 2458 consono
1093 2415 1166 2458 motu
1179 2407 1261 2458 intro-

120 2477 270 2537 duxerunt,
289 2491 400 2540 quorum
413 2475 524 2526 orbibus
537 2491 642 2526 conexa
654 2481 806 2527 memorant
823 2474 926 2538 omnia,
946 2490 1011 2540 quos
1029 2475 1083 2526 sibi
1101 2477 1215 2526 innexos
1234 2481 1262 2526 ct

120 2545 196 2594 uelut
208 2546 328 2594 insertos
341 2545 446 2594 uersari
459 2549 532 2594 retro
551 2549 579 2592 et
598 2559 612 2593 e
632 2545 768 2595 contrario
791 2545 891 2594 ceteris
909 2543 1024 2593 motibus
1043 2543 1109 2594 ferri
1127 2544 1261 2594 arbitran-

121 2609 181 2662 tur.'
207 2612 256 2662 32:
277 2613 329 2662 ‘De
343 2611 463 2662 eiusdem
476 2611 612 2678 sphaerae
625 2617 706 2662 motu.
733 2611 872 2678 Sphaerus
886 2615 974 2662 motus
995 2611 1098 2662 dnobus
1113 2612 1208 2662 axibus
1221 2611 1261 2663 in·

121 2680 249 2742 uoluitur,
263 2695 374 2744 quorum
385 2695 453 2730 unus
463 2687 504 2730 est
513 2679 745 2745 septentrionalis,
760 2681 804 2745 qui
818 2695 961 2746 numquam
971 2681 1080 2741 occidit,
1095 2679 1260 2748 appellatur·

122 2765 172 2812 que
186 2749 301 2798 boreus:
321 2747 392 2798 altcr
410 2747 553 2810 cursualis,
571 2747 616 2812 qui
633 2764 779 2812 numquam
791 2747 898 2798 uidetur
911 2751 939 2798 et
951 2749 1135 2799 austronotius
1152 2749 1260 2800 dicitur.

122 2817 163 2866 his
175 2817 282 2866 duobus
296 2816 365 2881 polis
378 2817 481 2866 moueri
493 2815 638 2882 sphaeram
651 2815 723 2866 cccli
740 2817 834 2866 dictant
852 2821 879 2866 et
896 2831 956 2866 eum
974 2821 1047 2866 mota
1060 2819 1118 2868 eius
1131 2815 1222 2868 sidera
1234 2817 1262 2867 iu

121 2901 154 2934 ea
168 2885 222 2936 lixa
237 2884 272 2934 ab
287 2884 392 2934 oriente
405 2899 489 2948 usque
504 2883 538 2934 ad
551 2884 721 2934 occidentem
735 2884 891 2946 circumire,
905 2885 1136 2949 septentrionibus
1154 2885 1260 2936 breuio—

122 2969 164 3002 res
178 2968 261 3018 gyros
274 2953 351 3002 iaxta
364 2951 502 3002 cardinem
514 2951 731 3020 peragentibus!
756 2951 801 3002 33:
821 2953 871 3002 ‘De
891 2952 1010 3004 eiusdem
1022 2953 1157 3020 sphaerae
1171 2969 1260 3004 cursu.

122 3021 248 3086 Spbacra
261 3020 335 3070 caeli
349 3020 383 3070 ab
397 3021 501 3070 oriente
516 3025 543 3069 et
555 3019 697 3070 occidente
711 3019 796 3070 semel
808 3021 837 3069 in
849 3019 892 3070 die
903 3026 931 3070 ct
940 3026 1020 3072 nocto
1031 3023 1146 3072 uertitur
1154 3023 1262 3072 XXIIII

122 3088 249 3139 horarum
262 3087 368 3154 spatiis,
388 3087 484 3152 quihus
497 3087 538 3138 sol
551 3103 657 3138 crrrsum
670 3103 746 3138 sarram
759 3103 840 3154 super
852 3093 939 3138 terras
958 3095 985 3138 ct
997 3089 1092 3140 subtus
1105 3097 1194 3140 terras
1211 3107 1262 3141 sua

122 3157 297 3206 uolubilitate
316 3155 474 3206 concludit.'
505 3155 551 3205 34:
571 3157 622 3206 ‘De
646 3156 789 3206 celeritate
813 3156 892 3208 caeli,
923 3157 1015 3208 'l'anta
1036 3158 1166 3209 celeritas
1189 3159 1262 3210 caeli

122 3225 242 3288 sphaera
260 3225 361 3274 (licitur
373 3240 492 3285 currere,
505 3230 548 3288 ut,
569 3223 624 3272 nisi
642 3225 785 3274 aduersum
798 3225 978 3292 praecipitem
997 3226 1054 3276 eius
1068 3242 1173 3276 cursum
1187 3233 1262 3276 astra

123 3297 266 3342 currerent
284 3307 355 3356 quae
374 3308 434 3342 eam
452 3297 666 3354 remorarentur,
680 3293 772 3343 mundi
784 3293 889 3342 ruinam
902 3293 1047 3343 facerent.’
1073 3293 1119 3346 35:
1139 3295 1189 3344 ‘Dc
1209 3311 1260 3344 arc

122 3360 203 3410 caeli.
222 3361 291 3410 Axis
305 3365 347 3409 cst
358 3360 582 3424 septentrionalia
593 3359 669 3411 linea
680 3367 767 3423 recta,
781 3377 851 3426 quac
864 3377 913 3427 per
930 3361 1047 3412 mediam
1062 3362 1145 3427 pilam
1162 3362 1260 3427 sphac-

123 3444 169 3478 rae
181 3427 279 3490 tendit,
294 3433 322 3478 et
334 3427 410 3477 dicta
423 3429 496 3490 axia,
515 3427 585 3492 quod
597 3427 624 3476 in
639 3445 672 3478 ea
685 3445 715 3494 sp
756 3445 804 3478 era
816 3433 845 3477 ut
858 3434 918 3480 rota
930 3428 1060 3487 uoluitur,
1077 3429 1122 3478 uel
1141 3431 1204 3494 quia
1222 3429 1260 3480 ihi

123 3495 274 3560 plaustrum
293 3493 356 3546 cst'
381 3495 427 3546 36:
447 3497 496 3546 ‘llc
515 3497 682 3546 caelestibus
706 3514 722 3562 p
753 3497 785 3547 is.
815 3496 876 3547 l‘oli
893 3502 956 3548 sunt
974 3496 1068 3546 circuli
1087 3498 1132 3562 qui
1150 3503 1261 3548 currunt

123 3580 171 3628 per
183 3581 273 3615 axem.
304 3563 398 3613 horum
412 3563 482 3614 alter
495 3569 537 3613 est
549 3565 780 3629 septentrionalis,
795 3565 839 3628 qui
852 3580 997 3630 numquam
1010 3564 1123 3626 occidit,
1138 3565 1260 3631 appella-

122 3637 216 3696 turque
235 3633 350 3690 horcus3
369 3631 441 3682 altcr
458 3632 601 3694 australis,
624 3634 668 3697 qui
680 3649 826 3698 rrumquam
837 3633 947 3682 uidetur
959 3638 986 3682 et
1000 3634 1181 3682 aurstronotius
1194 3633 1260 3682 dici-

123 3705 178 3760 tur;
191 3705 219 3750 et
230 3700 299 3750 dicti
312 3698 377 3765 poli,
391 3701 460 3763 quod
473 3705 537 3749 arms
549 3699 639 3750 axium
652 3701 724 3764 cycli
737 3717 771 3751 ex
783 3715 832 3750 usu
844 3701 1033 3766 plaustrorum,
1044 3717 1061 3750 a
1070 3700 1197 3766 poliendo
1208 3701 1260 3750 sci-

122 3767 189 3818 lieet
205 3768 354 3828 uominatl;
372 3768 421 3818 sed
440 3767 518 3834 polus
535 3784 643 3834 semper
659 3769 756 3819 boreus
773 3769 894 3833 uidetur,
913 3769 1096 3820 austronotius
1112 3783 1260 3834 nunquam,

208 3951 219 4002 l
238 3939 434 3998 rotunditatis
449 3941 473 3998 Α
496 3933 501 4018 Ι
517 3959 591 3999 suae
610 3944 635 3997 A
651 3941 717 3998 suia
728 3936 768 3997 B¹
812 3940 958 4020 incipiant
975 3934 1059 4022 All²
1076 3939 1216 4018 designat
1234 3945 1262 3998 Β

125 4019 137 4100 ΙΙ
159 4025 414 4104 conprehenditur
435 4027 458 4082 A
480 4021 485 4106 Ι
515 4035 533 4088 3
554 4025 707 4084 similiter*
732 4029 759 4082 Β
827 4035 845 4088 4
869 4045 910 4085 as
929 4029 956 4084 B
984 4023 997 4106 ΙΙ
1023 4025 1129 4105 ecquis
1155 4026 1260 4104 spatiis

126 4111 153 4165 B
167 4103 180 4192 ΙΙ
195 4109 334 4168 distintta
349 4106 383 4167 Al
400 4105 405 4191 Ι
429 4110 543 4172 5nulla
557 4117 643 4189 parte
661 4115 688 4168 B
702 4105 715 4192 ΙΙ
766 4111 899 4190 undiquc
922 4113 949 4167 B
970 4105 983 4188 ΙΙ
1003 4119 1018 4173 7
1035 4111 1259 4189 perfossionem

125 4196 152 4250 B
165 4193 178 4274 ΙΙ
203 4187 293 4273 spele
318 4198 373 4253 ΑΒ
397 4191 402 4274 Ι
436 4191 559 4254 circulis
579 4199 608 4254 B
629 4191 642 4278 ΙΙ
662 4207 680 4259 8
700 4192 803 4255 multis
823 4217 875 4255 om.
895 4192 932 4255 ΒΙ
957 4191 969 4275 ΙΙ
992 4193 1093 4272 Plato]
1113 4199 1181 4254 Tim.
1201 4201 1260 4256 aab

125 4285 187 4337 :tto
209 4283 270 4339 ath
292 4275 307 4362 ΙΙ
327 4278 517 4340 fabricatoris
535 4284 564 4339 B
582 4277 595 4362 ΙΙ
617 4295 633 4348 fi
653 4279 702 4362 ex]
729 4301 767 4341 ex
785 4282 937 4341 *limarum
954 4281 981 4338 V
997 4281 1116 4358 augulis
1135 4277 1140 4363 Ι
1161 4283 1259 4340 uonia-

125 4383 177 4422 eus
193 4365 291 4424 dictus
316 4385 355 4426 ex
373 4361 408 4424 A*
430 4385 468 4426 ex
488 4366 678 4426 climatarum
693 4385 717 4426 e.
737 4387 764 4443 q.
786 4385 808 4426 a.
834 4363 878 4426 Α2
903 4381 940 4425 et
962 4365 1110 4426 linearum
1126 4369 1258 4449 quinque

125 4451 264 4510 zodiacus
281 4449 390 4511 duetus
411 4471 449 4513 ex
466 4455 492 4511 B
511 4451 624 4531 (dictus
644 4448 699 4530 13²)
714 4447 728 4536 ΙΙ
745 4463 778 4516 10
796 4463 913 4514 constet
932 4446 972 4512 13²
