3138 5100
484 393 511 434 r.
528 393 708 435 uruseuunu
725 393 967 436 consensimus
1227 376 1285 436 511
1388 359 1401 412 ¹

157 544 282 600 coadidit
297 543 434 616 meosque
449 546 506 602 illic
522 549 748 620 quinquennales
762 550 926 620 ¹eorrstr'tuii:
948 549 1030 604 Indos
1047 550 1297 606 extraordinarios

157 643 254 724 Vesp.
267 652 283 704 2
295 665 358 704 uon
370 645 455 705 finito
468 655 550 706 certo
566 667 697 726 genere:
714 649 910 728 singulariter
922 650 1019 706 lucium
1030 650 1229 722 pladicriorium
1237 647 1294 706 Iul.

157 754 207 808 ³1:
235 765 305 804 nom
320 749 395 806 iuriis
409 748 594 808 Martialibus
609 749 718 810 Claud.
734 761 751 812 4
767 771 829 810 non
847 749 1012 826 Suetonius
1027 747 1082 808 seri
1099 748 1128 808 sl.
1140 749 1295 828 Augustus

157 848 288 926 scripsit.
301 881 342 890 -
356 849 563 912 Mommscnus
579 861 680 912 eutem
696 873 761 912 cum
783 851 904 932 aliquid¹
921 853 1035 933 requiri
1055 851 1128 911 dicit
1151 851 1232 931 quod
1254 849 1295 908 ad

157 949 253 1028 ipsius
269 951 341 1010 artis
357 953 518 1014 scaenicae
533 953 634 1014 studia
650 954 828 1034 Sulpiciano
843 963 971 1034 spectet,
989 953 1020 1012 iu
1035 973 1071 1012 eo
1087 953 1210 1012 nimium
1226 971 1295 1010 esse

157 1061 241 1112 recte
256 1054 316 1112 iem
332 1055 461 1114 Rothius
478 1055 636 1116 iudicavit.
680 1055 766 1116 Nihil
782 1057 882 1134 agitur
901 1055 961 1114 nisi
984 1063 1030 1128 ut,
1053 1054 1161 1137 quibus
1177 1055 1294 1114 Toren-

156 1155 216 1214 tius
231 1153 421 1215 adiutoribus
437 1158 481 1216 uti
503 1159 637 1238 potuerit
653 1167 683 1218 et
704 1167 805 1218 aetate
828 1159 903 1218 satis
925 1158 1079 1238 provectis
1097 1165 1160 1216 ota
1183 1155 1294 1215 doctri-

157 1275 217 1316 uee
232 1257 340 1317 studiis
356 1259 431 1318 satis
447 1260 636 1336 valentibus,
654 1261 734 1340 aptis
751 1260 901 1340 exemplis
917 1258 1109 1318 ostendatur.
1145 1260 1181 1318 In
1198 1259 1294 1316 lianc

156 1359 250 1436 igitur
264 1337 382 1439 parterii
401 1335 527 1440 'spectet
543 1361 626 1443 quod
648 1365 729 1422 bomo
743 1367 842 1422 doctiss
864 1361 974 1422 dieitur
997 1361 1167 1452 Sulpicius,
1192 1371 1294 1434 posim¹

156 1459 272 1520 Fabius
281 1461 386 1521 Labeo
403 1473 433 1522 et
445 1463 614 1544 Popillius:
631 1473 737 1524 contra
752 1465 846 1524 illuc
861 1465 946 1524 valet
962 1463 1054 1544 quoil,
1070 1471 1103 1523 ut
1118 1464 1149 1523 lsi
1164 1466 1293 1522 corroniu-

156 1579 204 1620 res
218 1562 347 1644 (quippe
363 1547 424 1624 cos.
441 1585 468 1624 u.
486 1573 546 1630 571.
562 1565 643 1644 581),
660 1567 703 1625 ita
718 1566 824 1626 consul
840 1586 876 1626 eo
893 1567 960 1645 ipso
976 1573 1129 1646 tompore,
1153 1585 1213 1644 quo
1229 1564 1293 1624 uui·

156 1683 235 1723 mum
251 1664 292 1723 ad
307 1663 502 1726 scribendum
517 1669 637 1749 appulit
652 1678 760 1750 poeta,
783 1667 935 1748 Sulpicius
952 1668 1017 1726 fuit.
1055 1668 1121 1726 Nec
1137 1687 1173 1728 eu
1187 1667 1225 1726 do
1243 1667 1295 1726 via

157 1785 214 1825 uos
226 1766 360 1828 Parisini
375 1767 489 1828 codicis
505 1771 650 1830 memoria
663 1771 801 1852 quamvis
817 1769 981 1848 singularis
998 1768 1157 1828 demovet:
1173 1780 1200 1828 ei
1212 1773 1294 1827 errius

156 1871 356 1926 consiiiaribus
368 1873 451 1940 lerdis,
465 1871 589 1950 quaudo
604 1894 667 1932 non
679 1873 818 1952 profecto
832 1872 953 1948 aegrius
968 1871 999 1930 in
1014 1868 1077 1944 quo'
1095 1891 1184 1952 quam
1201 1872 1297 1944 inqui

156 1971 288 2030 transire
303 1971 433 2050 pristina
448 1991 504 2046 quo
519 1975 669 2055 scriptura
684 1975 794 2054 potnit.
839 1973 904 2052 Ipsi
925 1983 1026 2032 autem
1048 1972 1160 2032 coelicis
1182 1993 1292 2032 memo-

157 2074 221 2132 riae
237 2093 304 2132 cum
318 2073 447 2134 Rothius
463 2075 506 2134 itu
520 2077 730 2156 patrocinetur
745 2085 777 2136 ut
793 2077 867 2154 ‘quo
882 2075 1008 2134 errusule
1022 2074 1128 2132 editis'
1143 2076 1293 2152 iuterpre-

156 2183 253 2250 tetur‚
279 2195 390 2236 vereor
409 2197 450 2236 nc
472 2185 503 2236 et
525 2179 673 2257 exemplis
698 2185 729 2236 et
749 2177 870 2235 rationo
886 2175 1062 2234 destitutum
1076 2175 1293 2255 breviloquen-

156 2277 229 2336 tiam
244 2275 390 2357 proberit.
417 2279 544 2346 Minime
561 2279 642 2338 enim
657 2299 714 2358 par
730 2276 871 2359 estquod
887 2277 1016 2337 contulit
1030 2271 1179 2358 loquendi
1195 2297 1293 2354 genus

156 2379 218 2438 tole
244 2383 327 2438 coires
352 2381 502 2439 consulari
525 2401 616 2440 orario:
645 2380 830 2440 ‘consularis
859 2379 940 2438 euim
966 2398 1065 2438 annus
1092 2378 1236 2458 Sulpicii'
1261 2387 1294 2438 ut

157 2489 269 2560 aequet
294 2483 421 2540 ‘aunum
446 2483 579 2542 consulis
602 2481 757 2562 Sulpicii’,
780 2482 823 2540 ita
847 2481 1038 2540 ‘consuleres
1064 2480 1129 2540 ludi
1150 2480 1292 2558 Sulpicii'

157 2602 220 2642 non
236 2591 365 2661 possunt
380 2583 432 2642 alii
449 2603 517 2644 esso
532 2586 591 2644 nisi
609 2584 687 2645 ‘ludi
704 2583 836 2644 consulis
853 2583 995 2660 Sulpicii'
1017 2583 1075 2642 lroc
1097 2591 1143 2641 est
1158 2603 1176 2640 a
1192 2581 1292 2660 Sulpi·

157 2685 203 2742 cio
218 2685 342 2744 consule
360 2685 449 2744 facti:
465 2707 528 2746 non
545 2685 668 2746 fuerunt
683 2695 784 2746 autem
799 2685 842 2743 illi
859 2683 924 2742 lurli
943 2685 1113 2756 consulum,
1137 2683 1192 2742 sed
1209 2683 1291 2742 aedi-

156 2785 238 2845 lium.
282 2787 442 2864 Largimur
458 2787 551 2866 igitur
566 2788 724 2849 commode
741 2787 877 2868 potuisse
894 2787 977 2844 velut
999 2787 1043 2844 sic
1063 2785 1154 2846 scribi
1170 2785 1209 2844 rle
1226 2785 1293 2844 Sul·

156 2888 253 2966 picio:
282 2889 380 2947 ‘cuius
403 2891 564 2968 praetoriis
587 2890 666 2950 ludis
688 2891 859 2970 Thyestem
881 2887 1015 2947 fabulam
1029 2889 1150 2948 Ennius
1174 2884 1291 2946 docuit’

158 2988 294 3068 (auctore
311 2989 435 3068 quidem
452 2991 603 3052 Cicerone
617 2993 704 3052 Bruti
726 3013 751 3051 c.
768 3000 816 3060 20,
833 2987 880 3067 78)
904 2991 923 3049 i.
942 3011 968 3050 c.
984 2989 1217 3070 Apollinaribus
1240 2989 1292 3070 qui

156 3111 175 3148 a
196 3100 339 3170 praetore
363 3092 492 3153 fiebant:
516 3095 701 3154 Rothianum
726 3095 878 3154 rationem
901 3093 940 3152 sle
966 3093 1035 3152 uuis
1057 3075 1186 3152 finiisse
1210 3091 1291 3152 ludis

155 3194 275 3271 maguis
291 3197 464 3254 concessuri
482 3197 584 3256 simus.
619 3198 686 3256 Nec
701 3197 801 3276 aptius
818 3195 950 3254 conferri
973 3205 1104 3275 apparot
1131 3199 1227 3253 ‘turios
1242 3196 1291 3268 su·

155 3297 258 3354 uebres
278 3299 309 3354 L.
326 3300 438 3354 Aemilii
453 3299 563 3366 Paulli,
589 3317 659 3372 qrsos
681 3300 780 3372 secere
799 3297 830 3366 Q.
846 3299 953 3354 Fabius
969 3297 1117 3354 Maximus
1138 3299 1169 3354 P.
1187 3299 1308 3354 Corne-0

62 3407 65 3414 “
155 3399 210 3455 lius
231 3397 405 3472 Afriecraus’
434 3399 463 3458 h.
487 3419 512 3458 e.
540 3400 572 3458 in
598 3398 707 3458 funere
729 3399 853 3458 Aemilii
881 3398 989 3458 editos.
1035 3401 1225 3478 Quamquam
1251 3417 1291 3458 ue

156 3507 269 3558 certum
296 3499 419 3579 quidem
445 3509 491 3562 est
516 3501 548 3562 iu
576 3499 753 3559 diduscaliis
778 3501 923 3579 llecyrac
952 3509 983 3558 ct
1003 3500 1170 3580 Arlclphon
1193 3509 1291 3560 utrum

115 3609 120 3618 “
155 3600 231 3660 illud
256 3603 399 3682 scriptum
425 3602 518 3662 fuerit
543 3623 582 3662 an
603 3603 661 3662 hoc
684 3604 803 3684 potins:
830 3619 922 3662 cvnis
947 3621 1136 3662 rvuunnravs
1161 3619 1241 3669 evoe
1262 3623 1290 3662 n.

154 3721 284 3762 anurnio
305 3721 425 3764 unvano
447 3723 566 3765 saeuas
591 3725 620 3772 o.
637 3723 747 3782 sunive
770 3723 909 3764 nsxrnvs
930 3723 959 3762 e.
976 3705 1149 3764 conuenire
1165 3723 1290 3764 Araren-

154 3821 230 3876 uvs‚
259 3805 382 3884 quaudo
405 3805 539 3865 dativum
560 3807 592 3865 in
615 3799 744 3886 urinaque
767 3805 937 3866 didascalia
958 3815 1060 3876 tuctur
1075 3807 1212 3886 quamvis
1228 3815 1288 3866 tur·

155 3905 235 3965 batis
259 3908 368 3967 ceteris
390 3907 556 3968 Bembinus
585 3909 662 3968 liber
684 3909 882 3988 eiusdemque
903 3909 1065 3986 vestigium
1086 3910 1177 3968 etiem
1203 3917 1290 3967 vetus

155 4007 321 4068 Vaticanus
337 4011 472 4069 servavit
492 4012 524 4070 in
540 4011 674 4090 Hecyra.
690 4045 732 4053 -
747 4010 889 4070 Ceterum
905 4019 932 4068 ei
948 4010 1125 4090 particulam
1148 4019 1219 4068 ante
1235 4029 1291 4084 quo

154 4115 269 4168 corrsrrle
289 4111 435 4190 positam,
460 4115 598 4193 quamvis
619 4133 681 4172 non
704 4113 841 4192 ineptam
863 4113 1000 4190 alogius
1022 4112 1157 4186 ratione,
1185 4112 1290 4174 nescio

156 4212 307 4292 quomodo
324 4233 431 4273 seusus
447 4234 540 4286 meus,
555 4217 818 4295 quotienscunque
833 4215 910 4273 hece
924 4215 986 4292 legi
1002 4235 1037 4274 uc
1052 4215 1156 4293 relegi,
1169 4235 1292 4296 semper

155 4297 272 4394 respuit
287 4323 320 4375 ut
334 4317 550 4374 inconcinnum
567 4336 602 4374 ac
616 4336 714 4397 prope
732 4317 861 4376 dixerim
876 4317 1017 4378 hiulcam.
1088 4361 1096 4380 .
1305 4310 1308 4316 ’

133 4469 139 4484 ,
238 4415 314 4494 Peg.
329 4415 384 4490 32,
399 4417 415 4477 1
430 4419 549 4501 Pppilir'o
565 4418 686 4497 scripsi,
710 4439 890 4500 quamquam
907 4419 989 4500 quod
1006 4423 1030 4478 A
1046 4419 1169 4482 exhibet
1180 4426 1286 4496 popilio
