3162 5058
601 393 742 434 sunteas
765 393 921 436 russeum
1270 381 1331 444 337

163 523 419 603 'Samothracas
449 539 650 602 existimant.
694 539 828 604 obelisci
857 540 1034 602 enormitas
1063 547 1100 603 ut
1128 539 1333 604 Hermateles

190 638 332 704 affirmat
364 639 431 704 Soli
456 641 645 728 prostituta,
682 642 842 727 scriptura
870 643 940 704 eius
968 641 1056 704 unde
1084 648 1117 704 et
1145 663 1262 705 census
1293 643 1334 724 de

190 741 344 826 Aegypto
368 741 557 827 superstitio
581 750 639 804 est.
684 742 827 826 frigebat
850 742 1044 806 daemonum
1067 742 1239 806 concilium
1263 745 1334 808 sins

191 863 251 904 sua
272 841 378 906 Matre
402 841 541 926 Magna3
584 864 624 906 ea
646 845 759 930 itaque
781 843 849 906 illic
878 843 1045 927 praesidet
1074 843 1199 928 euripo.
1249 843 1333 910 Con-

165 964 247 1004 ssus
275 952 312 1006 ut
339 944 483 1007 diximus
511 944 598 1031 apud
629 955 732 1008 aretas
768 943 829 1008 sub
862 955 949 1008 terra
983 945 1146 1008 delitescit
1178 947 1331 1010 Murciae.

190 1043 248 1108 has
271 1067 399 1129 quoquc
427 1046 551 1110 idolum
574 1047 663 1110 fecit.
705 1047 863 1110 hlttrciam
896 1047 981 1109 eninr
1006 1047 1098 1110 deam
1126 1049 1245 1112 arauris
1278 1071 1333 1113 uu-

190 1143 277 1228 lunt,
300 1147 352 1210 cui
377 1147 409 1210 in
434 1145 491 1210 illa
512 1157 606 1233 parts
626 1149 739 1212 eedem
761 1169 892 1212 stertere.

276 1315 369 1380 Nunc
397 1315 437 1378 de
462 1317 684 1404 artificioque
706 1318 869 1380 circenses
892 1315 1099 1380 exhibentur.
1145 1337 1196 1382 res
1218 1340 1330 1406 eques·
1345 1307 1457 1382 l89**

190 1485 324 1536 diuisione
344 1487 505 1538 funduntur:
524 1491 651 1556 prasinus
669 1489 770 1538 uirenti
789 1503 888 1551 nerim,
908 1493 1022 1537 nenetns
1042 1489 1154 1538 nubilae
1173 1489 1270 1554 hiemi,
1290 1507 1331 1541 ro-

190 1570 254 1604 seus
278 1556 378 1604 aestati
402 1558 559 1618 flammeae,
585 1559 663 1607 albus
686 1558 814 1622 pruinoso
839 1562 967 1608 autrtmne
992 1556 1099 1604 dicatus
1123 1563 1177 1620 cst,
1205 1564 1234 1607 ut
1253 1561 1331 1623 qnasi

191 1639 239 1687 per
267 1623 408 1672 duedecim
443 1625 522 1689 signa
556 1625 712 1689 digrediens
746 1639 832 1674 anneis
861 1625 968 1688 integer
997 1624 1153 1688 signaretur
1181 1629 1215 1688 es.
1236 1628 1329 1690 scupus.

192 1687 282 1739 ΙΒΨῬ*Ι
310 1691 350 1738 sic
370 1691 472 1740 factum
491 1699 521 1741 nt
538 1699 653 1742 naturae
677 1693 829 1741 ministeria
853 1691 1070 1756 spectaculorum
1090 1695 1241 1757 cenrpesita
1265 1695 1333 1744 innt-

191 1759 331 1822 giuationc
355 1758 520 1809 ltulereutnr.
563 1761 629 1826 biga
652 1761 730 1824 qumi
753 1760 844 1818 lunae,
870 1760 1004 1824 quadriga
1027 1759 1093 1808 solis
1110 1761 1264 1810 imitatione
1290 1779 1330 1812 re-

190 1829 269 1890 perta
288 1829 338 1874 est.
376 1827 438 1890 equi
456 1828 611 1890 desultorii,
635 1845 684 1892 per
708 1843 774 1892 qum
794 1828 955 1876 circensium
979 1827 1095 1876 ministri
1113 1830 1211 1878 nrissos
1229 1831 1331 1880 denun-

190 1893 261 1942 tiant
279 1894 407 1954 exituros,
427 1894 536 1944 luciferi
554 1895 758 1960 praecursorias
777 1895 943 1944 arefecitates
962 1895 1112 1943 imitantur.
1144 1898 1185 1944 sie
1204 1897 1332 1947 accidunt

190 1965 220 2008 ut
242 1961 304 2009 dum
327 1977 357 2009 sc
377 1961 467 2010 colere
487 1971 563 2012 astra
586 1969 715 2028 putarent
738 1963 898 2027 religionem
921 1978 998 2012 suam
1022 1961 1127 2012 liuliera
1151 1964 1330 2014 siruilitudinc

190 2029 377 2092 profanarent.
409 2029 474 2079 alba
497 2031 572 2080 linea
595 2047 649 2080 uon
668 2031 749 2094 longe
769 2031 803 2079 ab
823 2031 901 2078 estiis
920 2031 946 2078 in
966 2037 1106 2094 ntrmnqne
1125 2033 1233 2094 podium
1254 2033 1331 2096 quasi

191 2095 286 2160 regula
309 2097 415 2145 directa
437 2099 607 2162 producitur,
635 2105 664 2147 ut
683 2098 822 2164 quadrigis
845 2097 1083 2162 progredientibus
1104 2097 1167 2146 inde
1191 2103 1331 2149 certamen

190 2163 314 2223 oriretur,
334 2179 368 2212 ne
387 2165 448 2213 dum
468 2181 575 2231 semper
593 2182 708 2231 propere
728 2171 861 2215 corceantur
878 2165 979 2213 elidere
999 2165 1143 2228 spectandi
1161 2166 1330 2230 uoluptatem

190 2231 348 2280 uiderentur
370 2233 476 2298 populis
501 2234 644 2298 abrogare.
687 2240 791 2298 septem
820 2233 899 2281 metis
923 2237 1063 2280 certamen
1087 2247 1165 2280 omne
1189 2234 1331 2297 peragitur

190 2299 217 2346 iu
236 2299 440 2348 similitudinem
462 2301 640 2351 hebdomadis
664 2302 832 2366 reciprocae.
870 2301 947 2363 ipsae
971 2315 1036 2346 uiuo
1064 2305 1153 2348 uictae
1182 2301 1329 2350 sewurulum

166 2387 169 2392 ·
190 2367 318 2415 zodiacos
337 2367 458 2418 decanos
475 2374 569 2418 ternas
588 2369 713 2418 obtinent
731 2368 910 2428 summitates,
936 2382 1004 2430 quas
1024 2367 1056 2416 ad
1076 2367 1164 2416 instar
1181 2368 1246 2417 solis
1266 2384 1330 2432 qna·

189 2434 285 2496 drigae
305 2435 410 2484 celeres
429 2443 624 2501 peruagantur.
660 2441 736 2485 rotae
753 2436 869 2492 orientis
888 2440 916 2482 ct
934 2434 1085 2482 occidentis
1098 2435 1227 2484 terminos
1241 2435 1329 2500 desig-

189 2509 265 2549 nant.
303 2503 412 2567 euripus
431 2505 513 2552 arans
531 2505 613 2553 uitrei
632 2505 721 2553 reddit
739 2503 894 2568 imaginem,
915 2502 986 2551 unde
1005 2501 1069 2550 illue
1088 2502 1209 2566 delphini
1229 2519 1330 2567 aequo·

190 2570 229 2617 rei
249 2585 335 2633 aquas
354 2571 520 2620 interfluunt.
546 2573 726 2621 obeliscorum
747 2585 852 2634 qnoque
876 2569 1047 2634 prolixitates
1067 2569 1100 2618 nd
1120 2570 1191 2619 caeli
1211 2571 1330 2619 altitudi-

189 2653 251 2685 nem
269 2637 460 2698 snhlenantur,
486 2639 534 2688 sed
558 2641 647 2704 potior
670 2639 721 2688 soli
745 2639 859 2687 inferior
881 2637 963 2686 lituae
983 2637 1089 2686 dicatus
1109 2643 1164 2697 est,
1184 2639 1231 2688 ubi
1250 2651 1331 2688 sacra

189 2706 338 2770 priscorum
357 2706 515 2755 Chaldaicis
542 2708 628 2771 signis
653 2708 731 2772 quasi
754 2706 853 2755 litteris
876 2705 1039 2753 indicantur.
1077 2705 1156 2770 spina
1180 2706 1330 2756 infelicium

171 2773 360 2837 'captiuorum
378 2778 479 2822 sortem
498 2774 634 2840 designat,
659 2775 705 2823 ubi
723 2775 806 2822 duces
820 2773 999 2822 Romanorum
1013 2787 1095 2836 sapora
1113 2774 1194 2823 dorsa
1212 2774 1330 2824 hostium

191 2839 363 2890 amlnrlantea
382 2840 503 2890 laborum
522 2857 630 2890 suorum
649 2843 750 2907 gaudia
769 2846 959 2906 perceperunt.
987 2855 1087 2905 mappa
1099 2857 1173 2896 uero.
1194 2857 1263 2907 quac
1276 2842 1330 2906 sig-

189 2923 252 2956 nnm
276 2909 341 2958 dare
365 2909 473 2958 uidetur
496 2911 678 2966 circensibus,
709 2909 759 2959 tali
787 2923 852 2958 casu
876 2909 953 2957 flrrxit
977 2909 1004 2956 in
1029 2923 1143 2958 retorem:
1175 2925 1234 2958 curn
1259 2911 1331 2959 Nero

191 2976 333 3040 prandium
351 2977 527 3040 protenderet
546 2983 573 3025 et
598 2979 768 3026 celeritatem
786 2981 816 3025 ut
836 2977 938 3025 assedet
961 2977 1056 3024 auidus
1079 2976 1223 3041 spectandi
1246 2995 1331 3044 popu·—

190 3043 231 3092 lus
250 3044 397 3108 flagitaret,
417 3044 464 3093 illc
483 3061 610 3110 mappam
630 3061 682 3110 qua
702 3045 842 3109 tergendis
861 3043 986 3092 manibus
1005 3045 1133 3093 utebatur
1156 3045 1236 3094 iussit
1258 3045 1330 3095 obici

190 3126 239 3175 per
257 3113 420 3172 fenestram,
446 3117 475 3160 nt
493 3112 650 3162 libertatem
668 3113 747 3162 daret
770 3113 927 3162 certaminis
950 3111 1088 3176 postulati.
1126 3111 1189 3161 hinc
1213 3119 1330 3162 tractum

191 3186 233 3226 est
244 3183 273 3228 ut
285 3185 397 3228 ostensa
415 3195 515 3244 mappa
535 3185 611 3230 certa
625 3180 752 3229 uideatur
765 3195 824 3228 esse
839 3181 981 3244 promissio
994 3179 1158 3228 circensium
1172 3180 1331 3229 futurorum.

190 3247 279 3295 circus
297 3247 438 3295 acircuitn
456 3248 567 3308 elicitur,
580 3249 719 3296 circenses
737 3247 815 3311 quasi
836 3249 993 3296 circuenses
1011 3251 1156 3311 propterca
1174 3248 1243 3312 quod
1260 3249 1331 3312 apud

191 3314 382 3377 antiquitatem
401 3315 493 3363 rutlcm
513 3331 582 3378 quae
600 3315 713 3364 necdum
728 3314 888 3380 spectacula
901 3316 929 3362 in
943 3321 1066 3363 ornattam
1080 3313 1230 3362 deduxerat
1247 3315 1330 3363 fabri-

191 3397 284 3430 carum
303 3380 375 3429 inter
393 3397 473 3430 cusos
486 3384 635 3432 etflnmina
653 3383 720 3432 loeis
739 3383 891 3431 uirentibus
910 3389 1066 3444 agerentur.
1093 3397 1145 3430 nec
1158 3387 1242 3430 uacat
1260 3381 1330 3446 quod

188 3449 288 3514 uiginti
307 3455 423 3512 quatuor
440 3451 567 3499 missibus
585 3451 704 3500 conditio
722 3449 801 3498 lnrius
820 3451 979 3496 certaminis
989 3447 1138 3513 expeditur,
1158 3453 1187 3496 ut
1199 3449 1254 3496 diei
1267 3465 1331 3497 noc·

190 3518 279 3580 tisqne
304 3515 386 3566 heroe
411 3517 461 3566 tali
480 3533 592 3567 numero
612 3518 811 3568 clauderentur.
847 3532 898 3564 uec
926 3515 992 3564 illud
1010 3521 1120 3580 putetur
1137 3516 1240 3563 irritum
1260 3515 1331 3580 qnod

191 3589 324 3632 metarum
350 3585 479 3633 circuitus
502 3601 612 3635 ortonam
637 3584 820 3634 erectionibus
840 3583 1019 3648 exprimatur;
1044 3583 1151 3646 qnando
1176 3587 1253 3631 actus
1272 3585 1330 3648 ipse

192 3651 283 3700 multis
306 3653 546 3715 superstitionibus
571 3653 701 3718 grarridus
724 3653 768 3700 oui
789 3651 913 3715 exemplo
932 3651 1085 3712 geniturum
1105 3665 1134 3698 sc
1155 3649 1248 3714 aliqua
1270 3667 1332 3715 pro·

191 3719 290 3768 fitetur.
328 3729 355 3767 ct
374 3720 435 3768 idco
454 3721 534 3770 datar
551 3721 685 3786 intellegi,
713 3719 862 3768 uolitantes
882 3723 962 3782 atquc
981 3717 1249 3766 inconstantissimos
1266 3719 1330 3766 inde

190 3801 280 3836 mores
302 3787 393 3842 nasei.
423 3803 488 3851 quos
513 3789 603 3838 saritam
626 3788 758 3837 matribus
783 3791 956 3850 aptanerunt.
1002 3791 1096 3834 cetera
1124 3784 1190 3833 circi
1216 3785 1330 3834 llomoni

190 3855 301 3917 longum
325 3861 367 3902 est
389 3871 513 3905 sermone
533 3857 691 3919 decurrere,
716 3855 777 3903 dum
797 3853 888 3903 omnia
906 3854 1051 3922 uideantur
1069 3853 1103 3902 ad
1122 3867 1220 3902 causas
1238 3853 1331 3918 singu·

191 3922 232 3972 las
249 3922 406 3985 pertinera.’
704 3951 708 3960 ·
1013 3985 1014 3990 ¹

278 3985 361 4040 189Μι
378 3990 566 4041 Tertullianus
583 3992 617 4040 de
630 3989 796 4056 spectaculis
814 3989 843 4038 a:
865 3989 970 4040 ‘Nunc
989 3989 1026 4038 dc
1042 3985 1214 4037 artificio’
1230 4003 1252 4037 e.
1268 4003 1293 4052 q.
1307 4003 1328 4038 s.

278 4156 289 4206 1
306 4145 530 4204 enormitates)
544 4139 557 4225 ΙΙ
573 4139 777 4222 Hermateles]
793 4143 980 4221 llermapien
993 4145 1034 4200 Lu
1046 4143 1138 4199 Cerdo
1152 4145 1224 4198 conl.
1240 4147 1328 4199 Amm.

191 4231 320 4288 Marcell.
340 4232 453 4286 XVIII
473 4225 519 4310 Ill
535 4240 552 4290 2
569 4231 744 4308 prostitutas
768 4224 819 4308 ΑΗ
835 4236 852 4289 6
869 4228 924 4286 has
946 4247 1000 4286 em.
1019 4231 1042 4284 A
1060 4230 1168 4284 urldidit
1189 4229 1331 4300 Ripuftius

1 4335 2 4344 ¹
47 4369 55 4382 ,
123 4356 126 4362 2
193 4310 205 4392 li
229 4315 372 4373 Martiam
395 4310 469 4394 Abi}
485 4317 595 4374 amoris
617 4317 645 4372 S.
670 4318 818 4372 Gelenfraes:
847 4311 1043 4370 marmoris'A
1054 4311 1199 4369 marcoris
1221 4313 1330 4370 Turne-

190 4401 243 4456 hus
260 4403 372 4457 advers.
391 4402 489 4457 XXII
505 4407 557 4474 17,
574 4403 732 4458 Salmasr'ns
748 4403 787 4456 ad
802 4401 927 4458 Setinum
941 4417 973 4470 p.
992 4403 1118 4470 636qu.

225 4513 345 4549 suarem
364 4514 427 4548 aaa.
1093 4497 1134 4557 22
