3078 5072
620 399 663 440 na
685 397 800 440 noarrs
1238 377 1278 440 23

149 551 202 637 qui
231 547 273 614 ob
307 547 432 633 ingenii
463 545 614 612 meritum
641 566 661 608 a
687 543 781 610 Liuio
806 543 1005 626 Salinatore,
1039 546 1131 611 ouius
1159 545 1279 611 liberos

150 650 327 728 erudiebat,
349 648 500 714 libertate
523 646 667 729 donatus,
680 655 739 711 cat.

663 811 668 824 .
691 769 725 830 ΙΙ
1236 815 1247 838 s

227 885 379 938 nauvtvs
402 871 544 935 comicus
566 869 681 934 Vticae
701 869 837 934 moritur
862 860 904 944 (as
925 877 1012 950 552),
1040 859 1154 958 pulsus
1178 869 1281 934 Roma
1296 861 1346 934 o*

149 977 286 1042 lectione
308 971 465 1039 nobilium
488 993 526 1038 aa
547 972 719 1059 praecipue
741 969 876 1036 Metelli.

148 1184 218 1234 aelio
231 1185 264 1246 Q.
279 1183 401 1232 Minucio
415 1179 573 1232 consulibus
586 1183 623 1244 (a.
637 1179 713 1245 505),
734 1179 804 1230 ludia
820 1181 975 1232 quentatis
993 1197 1059 1246 quoe
1077 1181 1216 1232 Salinator
1233 1181 1280 1232 Se·

148 1253 223 1302 aeusi
241 1250 346 1318 proelio
366 1255 489 1300 uouerat.
520 1251 548 1298 in
568 1267 620 1316 quo
636 1255 729 1300 tantus
747 1255 824 1299 error
838 1250 904 1300 Aeol
923 1250 990 1310 tuit,
1016 1256 1045 1300 ut
1062 1250 1105 1300 his
1123 1245 1281 1302 consulibua

147 1321 245 1370 XXXX
259 1335 345 1370 annos
357 1323 439 1368 uatus
451 1318 556 1368 Ennius
569 1317 664 1368 lrrerit:
679 1319 724 1368 eui
736 1317 759 1366 ei
772 1317 895 1382 aequalis
908 1317 991 1367 lrrerit
1004 1318 1109 1381 Liuius,
1123 1319 1211 1368 minor
1229 1319 1283 1368 tuit

148 1388 289 1454 aquuanto
312 1389 336 1436 ia
361 1388 407 1452 qni
429 1387 532 1452 primus
557 1387 680 1438 tabulam
698 1386 774 1436 dedit
792 1401 871 1450 quam
891 1388 917 1436 ei
944 1386 990 1450 qrri
1012 1387 1112 1436 multae
1130 1388 1283 1438 docuerant

147 1463 211 1506 ante
235 1457 285 1506 hoe
310 1455 437 1505 consules
462 1461 489 1504 ct
512 1455 627 1504 Plautus
652 1459 679 1504 et
701 1453 841 1504 Naeuius.’
883 1453 1074 1504 Cassiodorius
1098 1458 1145 1516 (ex
1163 1456 1228 1505 Liui
1246 1456 1281 1506 ab

146 1526 211 1574 urbe
225 1522 338 1574 condita
352 1521 483 1581 tiuxxt:
495 1522 681 1582 ‘catamiliue
694 1527 721 1572 et
730 1521 896 1584 Q.Valerius
908 1521 943 1586 (a.
958 1525 1011 1571 515
1023 1525 1177 1588 adscriptum
1190 1539 1280 1574 errore

146 1593 326 1658 librariorum).
361 1591 404 1640 his
423 1607 492 1641 cosa.
512 1591 583 1640 ludia
604 1591 735 1641 Romanis
752 1592 866 1655 primum
886 1593 1029 1654 tragoedia
1053 1597 1080 1641 et
1104 1592 1246 1642 comoedia
1265 1608 1282 1641 a

147 1663 177 1712 L.
196 1661 278 1710 Liuio
297 1659 332 1708 ad
356 1675 467 1710 scenam
486 1658 572 1710 data)
613 1660 719 1710 (lollius
743 1659 819 1708 xvn
843 1659 888 1722 tt,
908 1661 951 1709 l‘t:
972 1660 1147 1712 ‘consulibus
1166 1659 1281 1712 Claudio

147 1729 270 1780 Centone
293 1729 376 1792 Appii
400 1727 484 1778 Caeci
508 1727 564 1778 lilio
584 1735 611 1777 et
629 1729 666 1778 M.
691 1727 849 1792 Sempronio
873 1727 1009 1778 Tuditano
1033 1730 1134 1794 primus
1163 1730 1281 1779 omnium

147 1799 178 1848 L.
196 1797 293 1846 Livius
311 1800 394 1862 poeta
414 1795 523 1846 taleolas
541 1797 640 1846 <locere
659 1797 760 1846 Romae
780 1795 894 1862 coepit*
911 1823 943 1832 -
962 1797 992 1846 O.
1010 1799 1042 1846 F.
1061 1797 1235 1847 llermannua
1254 1798 1281 1846 iu

146 1879 234 1932 progr.
255 1863 379 1928 Gotting.
401 1861 465 1912 1848
482 1881 507 1930 p.
526 1863 542 1914 3
560 1865 740 1929 probabiliter
764 1865 884 1914 coniecit
902 1864 1097 1928 Hieronymum
1115 1867 1210 1916 eodem
1230 1865 1281 1930 qud

147 1933 260 1984 Accium
283 1947 374 1982 errore
396 1931 503 1997 lapsum
527 1947 600 1992 ease,
626 1934 671 1998 qui
695 1931 811 1982 alteram
834 1933 949 1983 Tarenti
972 1933 1202 1999 expugnationem
1221 1949 1281 1982 eum

148 2003 235 2070 priore
255 1999 435 2051 contunderet
452 2001 614 2065 Liviunlquo
634 1999 817 2052 Salinatorem
835 2001 909 2052 illum
929 2007 1053 2066 putaret,
1072 2003 1118 2067 qui
1136 2002 1281 2052 victoriam

148 2073 296 2122 Senensem
309 2067 470 2118 rettulerat:
490 2069 542 2118 nial
556 2070 643 2120 mauris
656 2073 777 2118 statuere
797 2085 813 2117 a
826 2069 957 2121 Suetonio
976 2085 1065 2120 errore
1079 2071 1146 2120 Acci
1166 2085 1280 2120 comme·

148 2143 251 2190 morato
274 2137 470 2201 Hieronymum
495 2152 564 2201 «lurae
589 2141 649 2187 erat
674 2138 732 2186 eins
749 2136 926 2204 neglegentia
944 2140 1012 2188 Aeci
1034 2138 1204 2188 notationem
1222 2153 1281 2188 cum

148 2207 316 2260 Suetoniana
334 2211 525 2256 commutasse.
1247 2249 1249 2256 ,
1266 2239 1269 2248 2

231 2271 271 2326 li*
289 2275 472 2338 Hieronymus
496 2273 539 2324 Ol.
565 2271 626 2334 lat,
646 2271 670 2324 a.
708 2271 805 2322 Cicero
824 2273 899 2325 Brut.
921 2274 964 2335 15,
983 2272 1028 2324 oe:
1047 2274 1091 2324 his
1118 2273 1239 2339 (Calliope
1258 2283 1282 2325 ct

154 2345 288 2406 Tuditano)
313 2341 470 2394 consulibua
495 2343 531 2402 (a.
556 2343 634 2406 550),
659 2347 689 2391 ut
713 2341 740 2390 in
763 2342 901 2392 ueteribus
925 2342 1129 2392 commentariis
1152 2344 1282 2407 scriptum

150 2419 205 2472 est,
224 2411 345 2462 Naeuius
365 2417 407 2460 est
424 2417 559 2460 mortuus:
585 2425 748 2476 quamquam
767 2411 852 2458 Varro
871 2417 964 2460 noster
986 2410 1223 2474 ‹liligentiasumus
1241 2412 1281 2460 iu·

150 2481 302 2544 castigator
326 2479 501 2544 antiquitatis
524 2479 650 2544 putatia
670 2477 722 2528 lroe
748 2481 864 2527 erratum
882 2479 1022 2544 uitamque
1045 2479 1135 2530 Naeui
1158 2479 1283 2544 producit

150 2547 276 2614 longius)
296 2547 331 2596 ct.
346 2547 490 2598 Ritschelii
504 2549 626 2612 Parerpa
644 2563 669 2611 p.
689 2545 730 2594 50.
767 2545 911 2596 Suetonius
925 2547 1074 2596 Varronem
1093 2551 1203 2597 secutus
1222 2562 1283 2597 osae

150 2618 265 2668 uidetur.
280 2643 311 2649 —
325 2615 431 2666 Gellius
450 2614 593 2676 xv1121,
612 2613 657 2664 tn:
686 2614 844 2680 ‘eodemque
864 2631 935 2668 anno
954 2615 990 2674 (a.
1010 2619 1074 2674 519)
1093 2615 1142 2664 (tn.
1161 2615 1283 2664 Naeuius

151 2691 231 2751 poeta
249 2683 360 2734 tabulas
380 2683 451 2749 apud
470 2684 598 2748 populum
617 2681 704 2742 (ledit,
725 2698 805 2746 quem
823 2683 858 2732 ll.
882 2683 969 2732 Varro
993 2685 1021 2734 in
1044 2684 1113 2736 libro
1136 2683 1170 2732 de
1193 2683 1284 2748 poetis

150 2755 235 2819 primo
253 2751 394 2816 stipendia
415 2751 514 2801 iecisse
534 2752 575 2800 ait
592 2751 664 2800 netto
684 2752 804 2802 Poenico
823 2751 920 2815 primo,
946 2751 1025 2816 idque
1045 2753 1131 2817 ipsum
1152 2751 1283 2802 Naeuium

151 2821 240 2872 dicere
260 2821 289 2870 iu
309 2836 341 2869 eo
354 2821 475 2869 carmine
495 2819 565 2884 quod
583 2819 616 2868 (lc
636 2819 731 2869 eodem
750 2817 823 2868 bello
842 2818 970 2884 scripsit!
991 2821 1065 2870 Idem
1079 2821 1119 2870 lll
1133 2819 1158 2882 3,
1174 2820 1217 2869 15:
1239 2820 1282 2868 ‘ai-

152 2890 207 2940 enti
223 2890 257 2938 de
275 2887 382 2938 Naeuio
402 2903 507 2952 quaeque
527 2887 698 2952 accepimus,
719 2887 829 2937 labaalas
848 2903 907 2936 eum
930 2889 957 2938 in
977 2906 1088 2938 earcere
1112 2889 1180 2938 daras
1199 2888 1284 2952 scrip·

151 2959 230 3030 aare,
250 2953 394 3006 Hariolum
414 2961 442 3005 et
460 2955 605 3016 Leontem,
627 2971 687 3006 earm
706 2956 739 3005 ob
759 2954 1130 3007 assiduammaledicentiam
1145 2963 1172 3006 et
1185 2956 1284 3022 probra

152 3027 178 3074 in
200 3026 341 3092 principes
365 3024 490 3074 ciuitatis
517 3024 550 3073 de
570 3023 736 3074 Graecorum
758 3029 900 3088 poetarum
921 3041 993 3074 more
1017 3025 1093 3076 clieta
1121 3026 1148 3074 in
1172 3022 1284 3074 uincula

152 3093 251 3144 Romae
272 3108 289 3142 a
306 3093 456 3142 triumuiris
469 3092 611 3142 coniectus
625 3097 706 3142 esset.
725 3091 797 3140 unde
811 3097 873 3155 post
885 3108 901 3142 a
914 3093 1028 3143 tribunis
1041 3094 1130 3159 plebia
1143 3097 1284 3157 exemptus

152 3165 205 3224 etl,
235 3177 295 3212 cum
318 3161 346 3210 in
370 3159 413 3210 lris
443 3175 510 3225 qrrae
534 3175 617 3226 supra
647 3159 704 3209 dixi
732 3159 835 3209 fabrilis
863 3159 964 3210 delicta
992 3177 1042 3211 sua
1067 3167 1094 3210 et
1116 3160 1285 3226 petulantiae

152 3394 233 3446 erant
246 3388 293 3442 itte
305 3393 332 3440 ct
348 3386 420 3441 naec
434 3386 498 3442 olim
514 3383 600 3440 Pauli
615 3383 716 3440 Pataui
735 3385 763 3439 in
779 3399 915 3454 suprema
930 3387 1010 3440 curia
1028 3386 1188 3442 pertuensi
1201 3399 1284 3440 sana-

153 3477 220 3530 toris
234 3473 322 3544 rcpii,
343 3473 426 3530 cuius
447 3471 582 3540 beneficio
598 3477 625 3525 ct
647 3471 685 3524 ad
707 3469 883 3541 Scatipcrum
906 3477 933 3524 et
948 3471 987 3526 ad
1000 3471 1157 3528 Poetneum
1174 3471 1285 3526 delatus

152 3567 200 3616 est.
216 3555 353 3629 ‘optimae
372 3554 467 3612 notae’
487 3555 615 3628 Scaliper
626 3556 645 3610 l.
663 3571 687 3610 c.
708 3553 792 3610 tercius
807 3557 971 3626 seruiturus
987 3559 1079 3612 miritis
1095 3558 1162 3612 tocie
1177 3555 1284 3610 Ponta-

153 3661 201 3702 cur
219 3645 248 3702 in
263 3642 496 3714 castipatiouibus
511 3648 539 3696 ct
551 3641 624 3696 notia
641 3641 679 3696 ad
697 3639 804 3696 Eusebi
818 3639 973 3697 chronicon
990 3643 1122 3712 protulit:
1148 3641 1223 3696 aride
1242 3641 1285 3694 cti-

153 3731 269 3802 tipcutcr
284 3729 429 3798 eucarpei.
458 3727 542 3782 ctiam
562 3723 691 3798 Scaliper
704 3741 917 3796 nonnumquam
939 3727 1001 3781 ciue
1018 3728 1149 3782 lectiones
1166 3739 1285 3780 comme·

155 3821 253 3872 norat.
288 3811 580 3878 F=Frclreriunne‚
604 3812 739 3867 deindao
762 3809 800 3864 rr.
822 3811 952 3867 Frctrcro
973 3810 1116 3884 Scatipcro
1133 3808 1184 3881 (cs.
1205 3811 1224 3866 l.
1246 3809 1284 3880 c.)

155 3903 224 3958 dono
244 3900 344 3966 datus,
365 3914 441 3953 nunc
462 3895 606 3954 [cirtensis
624 3893 675 3967 (cs.
701 3895 789 3950 Cetei.
812 3895 901 3966 erpci.
922 3895 988 3952 Bor.
1008 3914 1041 3967 p,
1063 3899 1115 3951 atu
1136 3893 1285 3950 Munaecr.

153 4003 196 4056 pr.
207 3993 235 4038 ct
250 3991 308 4040 cat.
324 3983 411 4055 tapeti
427 3981 607 4054 Scatiperani
622 3984 670 4052 tt)
685 3997 707 4036 s.
731 3979 824 4036 VIIII
839 3979 953 4036 ineunte
966 3988 1034 4036 testa
1047 3981 1137 4044 Gratia
1150 3981 1285 4050 scriptus.

154 4069 326 4126 ‘luculentus
336 4075 362 4124 et
370 4069 492 4138 optimae
507 4068 602 4122 notae’
616 4065 746 4138 Scalipcr
759 4067 776 4120 l.
792 4083 817 4121 c.
834 4065 919 4121 trtius
933 4068 1095 4137 scripturae
1107 4066 1286 4136 paucistocr's

156 4155 334 4227 uSratiparo
353 4159 491 4208 enotatne.
511 4160 665 4222 praetcrea
688 4151 828 4222 Scolipcri
840 4153 1015 4222 scripturam
1033 4151 1190 4222 adscripsi:
1218 4167 1284 4206 con-

155 4257 265 4298 sensum
287 4241 350 4294 cias
370 4255 434 4295 curn
454 4239 575 4294 editione
602 4236 639 4292 11.
665 4235 805 4308 Stephani
820 4236 916 4293 Paria.
934 4235 1032 4310 (1512)
1053 4238 1095 4292 eie
1112 4233 1286 4310 sipuificaui:

156 4325 264 4398 (Scuta.

238 4453 250 4504 l
268 4399 427 4518 lugent-ili
451 4435 464 4521 ll
484 4449 501 4502 3
514 4438 671 4534 Neuius?
