3162 5058
286 393 348 456 306
479 405 595 446 carica
618 405 795 446 consonuit
820 405 977 446 venereus
1000 402 1207 446 consessori

351 549 551 617 Hannibalis
571 559 686 638 gentes
694 601 703 634 ,
726 551 820 615 cuius
843 560 939 615 uocat
961 549 1076 614 Africa
1097 571 1220 615 manes.

352 664 552 741 postremus,
574 654 660 718 circo
683 662 881 740 postremum
904 654 930 716 si
953 651 1033 739 quid
1056 653 1089 716 iu
1112 651 1182 733 itto,

351 755 489 840 emergit
511 754 644 835 chorus,
668 764 815 840 argestes
838 753 891 818 hic
914 775 1042 841 quoque
1065 754 1182 818 dictus.

352 856 396 922 Hi
419 865 495 920 sunt
515 856 565 920 bis
590 855 659 920 seni
681 856 805 942 quadro
828 854 888 919 sub
911 853 1044 920 cardine
1065 853 1156 918 uenti

350 958 524 1046 perflantes
544 955 670 1022 mediae
691 959 836 1044 spatiosa
855 957 1022 1021 uolumina
1044 964 1160 1030 terrae.

350 1081 410 1124 nce
430 1081 624 1146 quemquam
644 1068 789 1140 moueat,
812 1059 898 1145 quod
921 1057 1016 1146 plura
1036 1057 1198 1122 uocabula
1219 1064 1359 1138 restant,

350 1175 486 1247 quorum
510 1160 650 1226 diuersis
673 1161 802 1224 uicibus
826 1160 1004 1246 fungantur
1023 1161 1057 1224 in
1080 1159 1180 1224 horis.

821 1350 898 1415 lslb

687 1467 793 1503 vsusrs
812 1468 847 1501 nn
866 1468 908 1503 xrr
928 1467 1028 1518 vassis

351 1553 513 1633 Quattuor
535 1571 555 1614 a
576 1549 701 1636 quadro
722 1561 924 1636 consurgunt
943 1550 1047 1615 limite
1068 1551 1170 1615 uenti.

350 1654 409 1719 hos
432 1654 553 1717 circum
576 1652 699 1736 gemini
720 1653 838 1716 dextra
858 1653 1014 1739 laeuaque
1038 1652 1205 1736 ingestus,

351 1767 447 1844 atque
469 1754 515 1817 ita
536 1753 588 1818 bis
611 1775 689 1818 seno
711 1753 915 1817 circumdant
935 1753 1067 1817 flamine
1089 1753 1255 1822 mundum.

350 1859 473 1943 primus
496 1855 660 1942 aparctias
682 1863 793 1920 arctoo
816 1855 919 1942 spirat
938 1856 980 1920 ab
1003 1877 1082 1920 axe:

350 1957 426 2022 huic
447 1965 558 2020 nostra
576 1977 693 2020 nomen
717 1957 832 2042 lingua
849 1967 899 2020 est
921 1957 1097 2043 septentrio
1121 1957 1254 2022 iactum.

350 2059 469 2123 circius
492 2058 568 2122 huic
591 2057 710 2122 dexter
726 2057 834 2144 gelido
854 2059 1068 2123 circumtonat
1087 2067 1194 2123 arem:

1437 1949 1449 1990 5

373 2219 428 2292 (H)
447 2219 456 2276 i
474 2219 613 2277 oehlerus
627 2209 640 2296 11
656 2225 690 2278 fia
705 2223 826 2274 moueat
840 2217 1006 2274 Becherus:
1032 2225 1155 2275 moneat
1168 2217 1230 2274 cod.
1246 2209 1260 2297 Η
1277 2217 1354 2272 1511
1372 2217 1427 2270 An-

287 2307 409 2379 thotopia
429 2307 520 2362 totino
543 2305 586 2360 ed.
605 2303 766 2359 Burmann.
792 2301 886 2359 Vtri
902 2306 945 2362 ed.
967 2304 1077 2376 Meyer.
1097 2321 1125 2359 n.
1145 2307 1222 2358 1056
1246 2299 1427 2372 Wcrnsdors.

282 2399 386 2463 poetae
400 2393 484 2447 latini
498 2391 622 2444 minores
644 2387 669 2442 V
686 2395 698 2444 t
715 2405 785 2460 pap.
804 2393 928 2444 521-
946 2387 1060 2444 ‘Edidit
1083 2391 1136 2444 hoc
1154 2403 1271 2443 carmen
1293 2387 1430 2442 Pithoeus

286 2476 357 2533 1111
365 2494 397 2548 p.
417 2480 487 2544 trs,
509 2475 561 2530 sed
579 2475 627 2530 ubi
647 2475 745 2545 incipit
765 2492 784 2528 a
805 2481 909 2544 quarto
929 2491 1012 2530 uersu
1033 2473 1147 2548 primus
1169 2471 1317 2549 epartius,
1338 2471 1430 2526 tribus

282 2557 432 2633 prioribus
443 2562 472 2616 in
486 2561 571 2630 tinem
585 2561 733 2628 coniectis,
752 2559 827 2614 uude
842 2573 889 2618 eos
901 2561 930 2616 in
944 2561 1040 2616 sedem
1056 2561 1208 2631 tepitimum
1221 2558 1369 2624 revocari,
1388 2557 1430 2610 sic

285 2647 445 2702 iubentibus
464 2645 526 2701 cod.
556 2645 708 2714 i'ossiouo,
731 2659 770 2700 ea
795 2659 851 2715 quo
872 2646 1068 2714 descripserat
1090 2645 1194 2700 Tattius
1218 2645 1246 2698 in
1263 2641 1363 2714 fronte
1383 2641 1428 2694 ed.

285 2731 370 2785 catal.
391 2731 483 2796 Seni,
501 2736 559 2784 turn
578 2729 723 2798 leidensi,
741 2744 823 2802 quern
840 2729 901 2800 ipse
920 2729 1040 2796 contuli,
1068 2737 1095 2784 ct
1117 2731 1207 2784 aeteri
1227 2729 1322 2803 radice
1342 2725 1428 2796 Rspi-

286 2831 341 2869 rrae
355 2814 524 2880 Christiane,
536 2829 618 2885 quera
632 2817 760 2869 eacussit
773 2811 919 2871 Heinsius.
940 2821 968 2868 et
982 2816 1024 2870 sia
1037 2813 1174 2869 Pithoeus
1186 2813 1214 2868 in
1225 2813 1349 2882 exempl:
1362 2809 1429 2864 bibi.

287 2898 383 2954 Poris.
397 2905 562 2954 notaverat:
572 2895 629 2952 “hi
639 2906 698 2962 tres
710 2913 813 2954 uersus
823 2900 971 2969 praeponi
980 2899 1154 2972 debriarent,
1168 2899 1218 2970 qui
1227 2903 1294 2952 arnt
1305 2911 1345 2950 car
1355 2895 1430 2950 libro

285 2981 393 3039 Isidori
406 2985 440 3038 de
458 2983 653 3055 ostroiopia.''
678 2985 707 3038 in
723 2983 767 3038 his
782 2991 876 3039 autam
892 2985 1035 3039 codicibus
1046 2985 1145 3038 titulus
1163 2989 1228 3038 erat
1245 2995 1369 3038 vassus
1386 2993 1430 3034 ns

286 3081 456 3124 ovonseru
478 3067 626 3124 usuris.’
658 3068 857 3124 Burmannus.
889 3069 981 3123 Extat
1004 3067 1057 3125 hoc
1077 3083 1194 3124 carmen
1218 3073 1373 3138 praetcrea
1399 3066 1429 3118 in

285 3153 429 3208 codicibus
447 3153 590 3207 nonnuliis
608 3151 716 3208 isidori
730 3155 765 3209 dc
784 3159 891 3208 nonna
911 3168 1026 3212 rerum,-
1056 3154 1133 3224 quod
1150 3155 1178 3207 in
1200 3167 1289 3207 causo
1311 3157 1355 3205 cst
1374 3167 1431 3204 cur

285 3241 314 3293 in
330 3238 498 3293 editionibus
512 3235 620 3292 Isidori
633 3237 803 3310 Bipnaeuna
815 3247 844 3294 et
860 3239 1021 3294 Breuiioua
1032 3246 1098 3309 post
1116 3245 1204 3310 caput
1219 3241 1255 3293 37
1271 3236 1337 3292 iibri
1351 3235 1432 3290 ithus

285 3325 407 3394 tepotur.
425 3323 552 3380 Griatius
561 3324 589 3377 in
603 3325 784 3380 adnotatione
795 3323 823 3380 h.
836 3326 855 3380 t,
869 3327 966 3394 posuit
977 3339 1017 3380 cn
1028 3325 1223 3394 critiquissirna
1238 3321 1346 3376 Isidori
1358 3319 1431 3374 Osc-

285 3411 360 3464 tensi
371 3409 475 3464 codice.
493 3411 633 3464 Arcuatus
650 3409 751 3466 deinde
769 3411 934 3464 vitriciatcrn
951 3411 1114 3480 scripturae
1130 3423 1169 3463 ex
1186 3407 1328 3464 codicibus
1352 3404 1432 3458 Vati·

286 3510 359 3550 cano
385 3494 569 3549 ottoboniano
591 3499 607 3550 b
627 3512 657 3565 p.
682 3497 734 3558 25,
763 3493 812 3548 uhi
836 3495 954 3549 rubrica
981 3501 1046 3550 crat
1068 3510 1175 3550 uorsus
1200 3497 1374 3558 uentorum,
1402 3497 1433 3546 et

286 3579 405 3634 Albanio
423 3585 591 3648 excerptam
612 3580 721 3634 addidit
746 3569 759 3657 11
786 3585 795 3637 t
818 3575 920 3635 limine
943 3581 1005 3637 cod.
1028 3581 1147 3635 Arecati
1166 3571 1179 3655 ΙΙ
1200 3584 1218 3635 ‘t
1237 3574 1292 3632 hos
1314 3573 1433 3631 circum

286 3661 398 3738 gemini
418 3664 544 3718 Grialius
560 3660 590 3718 hi
607 3681 727 3740 quoque
748 3679 803 3720 sex
821 3663 933 3738 gemini
950 3665 1085 3720 Pithoeus
1102 3657 1115 3742 Η
1133 3663 1275 3737 iugantur
1291 3660 1433 3726 driutius,

266 3767 310 3806 ‚u
332 3765 356 3804 c.
377 3747 704 3820 destinassemus,
722 3751 783 3806 cod.
805 3749 943 3806 Suecicus
965 3749 1016 3822 (cf.
1035 3756 1089 3806 oct.
1113 3749 1228 3804 Ieaens.
1255 3745 1280 3802 V
1290 3764 1322 3817 p.
1343 3747 1432 3816 9sq.)

285 3841 434 3907 ungantur
458 3833 614 3888 Vossianus
630 3841 788 3890 recurrunt
803 3834 939 3892 Pithoeus
959 3827 973 3914 Η
992 3841 1008 3894 t
1030 3832 1091 3894 alto
1112 3832 1166 3911 qui
1189 3831 1285 3910 spirat
1300 3831 1435 3888 driutius

286 3914 365 3972 altus
381 3914 431 3993 qui
443 3914 609 3992 spiratcod.
625 3925 709 3973 Areu.
725 3909 738 3997 Η
754 3915 852 3978 thuic
871 3927 976 3976 nostra
990 3937 1100 3975 nomen
1116 3917 1220 3993 lingua
1239 3925 1285 3972 cst
1304 3920 1432 3991 septen·

284 3999 341 4056 trio
357 3999 470 4057 factum
479 4002 616 4058 Pithoeus
624 3999 693 4057 huic
704 4021 813 4060 nomeu
825 4010 927 4062 nostra
944 4001 1076 4080 elingua
1085 4001 1252 4080 septentrio
1264 3999 1329 4057 fixit
1342 4001 1433 4056 Grio-

284 4087 340 4142 iius
360 4083 430 4142 huic
451 4093 555 4142 nostra
576 4103 687 4142 nornen
704 4085 807 4162 lingua
831 4088 998 4166 septentrio
1014 4087 1081 4145 fixit
1097 4089 1157 4146 cod.
1171 4089 1255 4144 Areo.
1272 4078 1285 4166 Η
1300 4080 1433 4164 sienim]

283 4167 343 4227 fine
359 4169 421 4227 cod.
439 4169 575 4227 Surcicus
586 4169 673 4227 finxit.
685 4173 841 4245 Bipnoeas,
854 4171 1002 4231 ‘nonnulii
1013 4172 1141 4230 codices'
1164 4174 1282 4228 Areoati
1295 4164 1308 4249 ΙΙ
1323 4177 1340 4230 6
1355 4167 1434 4227 huic

284 4251 393 4311 dexter
418 4257 546 4312 Griutius
561 4253 631 4312 hinc
655 4253 759 4314 dextro
782 4258 917 4314 Pithoeus
934 4258 1014 4315 iurnc
1037 4256 1145 4316 dextro
1164 4259 1208 4314 uei
1228 4254 1300 4312 huic
1313 4251 1436 4312 'dextra

282 4341 344 4396 cod.
368 4343 484 4398 Areuuti
499 4339 571 4398 hine
592 4339 700 4398 dextra
719 4343 854 4400 Pithoeus
870 4347 899 4400 in
917 4346 991 4402 notis
1004 4337 1019 4424 Η
1034 4342 1154 4419 gelidus
1172 4342 1309 4400 Pithoeus
1332 4342 1351 4396 i.
1368 4357 1398 4398 c.
1418 4337 1433 4422 ΙΙ

284 4430 368 4510 nicto
383 4425 521 4482 Pithoeus
532 4426 551 4484 t.
570 4443 613 4484 c.:
632 4433 719 4484 antro
741 4431 823 4500 usrtpo
