3190 5098
739 405 844 448 onrvr
868 407 879 447 1
1311 385 1371 450 381

236 561 400 639 scriptores
412 559 484 619 inde
496 559 534 620 ab
547 559 693 618 Africano
706 566 916 618 servaverunt.
939 577 1099 638 quaecum
1113 560 1241 638 primum
1256 559 1376 621 Graece

236 681 254 719 a
266 661 395 720 Graecis
404 661 576 721 hominibus
590 657 862 732 conscriberentur,
883 658 1070 720 Graecorum
1080 661 1268 740 potissimum
1281 664 1375 741 scrip·

236 771 334 822 torum
350 769 469 822 aetates
492 761 732 843 adponebantur.
767 761 882 842 aliquid
903 769 1006 823 tamen
1026 763 1085 822 iam
1102 763 1231 823 Graecis
1250 763 1376 822 chrono-

185 865 193 875 '
235 865 359 943 graphia
376 862 415 924 de
431 863 560 922 historia
570 863 776 923 Romanarum
791 864 960 923 litterarum
978 863 1143 923 delibatum
1164 871 1238 936 erat,
1259 865 1377 924 scilicet

237 967 275 1025 de
290 965 446 1024 Ciceronis
462 963 589 1024 Sallusti
602 965 720 1042 Vergili
735 965 853 1026 Lucani
867 967 939 1024 vita.
971 985 1061 1044 quarn
1076 965 1251 1024 memoriam
1266 967 1376 1046 repeti·

236 1074 344 1125 verunt
358 1085 395 1126 ex
409 1065 589 1144 Phlegontis
597 1066 747 1126 Tralliani
760 1066 909 1126 Hadriani
922 1065 1023 1126 liberti
1035 1056 1274 1142 dlupnrorlnaic,
1297 1087 1376 1148 quae

236 1167 395 1246 praeclara
408 1166 558 1246 Scaligeri
575 1170 605 1228 in
627 1149 940 1230 animadversionibus
960 1167 999 1228 ad
1012 1167 1178 1228 Eusebium
1205 1169 1377 1229 observatio

237 1275 292 1327 est.
327 1287 397 1326 nam
419 1269 641 1330 nullus'dubito
659 1273 732 1352 quin
749 1291 881 1331 summus
899 1271 1029 1342 illevit,
1051 1259 1239 1352 quiquidem
1257 1271 1323 1330 sola
1339 1270 1377 1329 de

236 1369 372 1447 Vergilio
397 1369 606 1448 (cf.’Photius
619 1395 648 1453 p.
662 1383 729 1436 ssa
746 1373 792 1451 18)
819 1383 850 1432 et
866 1372 1012 1434 Sallustio
1035 1382 1180 1452 excerpta
1200 1372 1313 1431 ‹liserte
1338 1371 1377 1430 ad

237 1469 440 1549 Phlegontem
448 1474 582 1548 rettulit,
595 1475 676 1534 idem
689 1474 800 1535 cadere
812 1475 998 1535 intellexerit
1011 1475 1041 1534 in
1055 1493 1179 1554 eaquae
1193 1473 1234 1532 de
1250 1475 1376 1534 Lucano

237 1583 269 1632 et
287 1573 435 1634 Cicerone
464 1574 546 1654 apud
567 1575 704 1635 Graecos
726 1577 973 1658 chronographos
995 1575 1164 1636 traduntur.
1204 1587 1337 1634 ceterum
1359 1595 1377 1633 a

237 1675 471 1736 Westermanno
490 1686 520 1735 et
533 1676 681 1737 Muellero
697 1679 775 1744 haec
795 1681 965 1758 fragmenta
978 1679 1078 1736 omnia
1090 1678 1232 1755 neglecta
1250 1697 1318 1736 esse
1334 1679 1375 1736 vi·

238 1776 305 1836 dec.
339 1777 451 1838 deinde
475 1779 681 1860 Hieronymus
703 1781 871 1840 Eusebiani
889 1779 1024 1840 chronici
1043 1780 1193 1858 interpres
1216 1779 1273 1836 hac
1295 1777 1378 1837 tenni

209 1885 211 1890 '
239 1878 426 1939 Graecorum
442 1881 586 1940 memoria
602 1881 672 1958 lere?
685 1883 902 1962 praetermissa
918 1901 954 1940 ex
967 1881 1144 1960 plenissimo
1156 1881 1240 1942 fonte
1252 1879 1377 1940 haustas

237 1980 381 2060 plurimas
395 1982 433 2042 de
445 1983 563 2042 Latinis
576 1983 772 2062 scriptoribus
785 1982 997 2042 adnotationes
1005 1982 1140 2042 Eusebio
1153 1981 1279 2042 addidit.
1298 2001 1377 2060 quae

238 2084 358 2142 innova
369 2103 488 2162 semper
496 2084 606 2142 Latina
619 2083 761 2144 chronica
774 2084 977 2164 transcriptae
990 2093 1060 2142 sunt
1072 2092 1247 2163 tantumque
1262 2082 1378 2156 aluitut

239 2196 430 2261 augerentur,
450 2196 483 2246 ut
498 2187 665 2267 pleraeque
684 2185 722 2245 ab
734 2186 905 2245 hominibus
921 2185 1147 2244 contrahendae
1160 2186 1302 2264 antiquae
1315 2205 1376 2243 me-

238 2287 351 2346 moriae
364 2289 488 2348 inteutis
501 2289 718 2348 omitterentur.
744 2287 799 2348 sed
813 2307 850 2346 ex
866 2306 968 2346 eorum
985 2306 1110 2346 numero
1124 2285 1297 2364 excipiendi
1309 2293 1378 2344 sunt

240 2385 299 2446 duo
316 2387 529 2449 Cassiodorius
549 2400 581 2449 et
597 2390 771 2450 Matthaeus
784 2389 1121 2449 westmonasteriensis
1138 2388 1188 2447 vel
1203 2395 1308 2446 auctor
1323 2407 1376 2466 po·

239 2489 298 2548 tius
316 2489 381 2548 eius
397 2489 537 2568 llogerus
552 2491 765 2551 Wendoverus
787 2493 817 2550 in
838 2488 960 2549 floribus
975 2491 1177 2562 historiarum,
1199 2489 1250 2570 qui
1265 2511 1291 2550 a.
1311 2499 1377 2560 1235

240 2593 371 2671 scripsit.
397 2593 479 2672 apud
499 2593 554 2652 hos
574 2594 653 2652 enirn
672 2593 842 2652 notationes
860 2591 898 2650 ad
914 2592 1032 2650 litteras
1044 2591 1171 2650 Latinas
1188 2591 1377 2670 pertinentes

240 2701 358 2768 extant,
383 2695 508 2773 quaein
525 2694 705 2776 Hieronymi
723 2693 937 2754 additamentis
953 2714 1013 2754 non
1031 2694 1222 2772 reperiuntur
1238 2712 1378 2773 quaeque

240 2815 308 2854 cum
329 2815 368 2856 ex
393 2798 517 2878 antiquo
539 2805 663 2857 auctore
685 2815 825 2857 manasse
849 2794 997 2874 adpareat
1017 2796 1161 2856 Suetonio
1183 2793 1289 2854 deberi
1304 2796 1377 2854 viris

241 2896 339 2956 doctis
359 2899 445 2958 visae
463 2905 542 2958 sunt.
568 2899 743 2960 Cassiodori
758 2901 850 2977 igitur
870 2897 1080 2958 additamenta
1100 2896 1176 2956 haec
1198 2903 1280 2954 sunt:
1307 2905 1329 2955 1.
1347 2897 1376 2954 0.

240 2999 386 3058 Mamilius
405 3009 432 3059 et
453 3001 485 3070 0.
509 3003 641 3060 Valerius
658 3001 699 3082 (a.
716 3021 746 3061 u.
763 3021 789 3061 c.
806 2999 882 3078 514).
906 3004 950 3058 llis
968 3019 1041 3059 cass.
1065 3004 1140 3058 ludis
1160 3001 1298 3057 Rauracis
1315 3003 1378 3070 pri-

240 3121 316 3160 mum
334 3105 482 3177 trapaedia
501 3112 529 3162 et
544 3083 689 3164 comoedia
705 3125 723 3162 a
742 3107 774 3164 L.
792 3107 873 3162 Liuio
890 3107 928 3160 aa
941 3121 1056 3161 socnam
1071 3105 1149 3161 data.
1183 3109 1209 3162 t.
1227 3103 1277 3174 Sp.
1295 3103 1377 3160 Post·

240 3204 354 3260 humius
369 3205 488 3262 Albinus
502 3214 530 3263 et
546 3208 577 3276 Q.
595 3209 726 3266 Marcius
742 3209 895 3279 Philippus
907 3206 950 3284 (a.
962 3203 1039 3282 568).
1062 3207 1107 3262 lis
1119 3221 1189 3262 coss.
1205 3206 1378 3260 athletarum

241 3307 401 3363 certamina
417 3311 541 3379 pmmum
563 3329 581 3364 a
597 3311 701 3366 Fuluio
717 3312 803 3366 adita.
830 3319 856 3370 3.
874 3309 915 3364 M.
934 3309 1065 3365 lllelellus
1081 3315 1107 3363 at
1122 3307 1162 3362 M.
1180 3307 1310 3362 Senarus
1328 3301 1376 3380 (a.

241 3405 317 3482 639).
347 3410 391 3466 liis
412 3427 485 3468 coss.
502 3411 532 3466 L
549 3411 680 3468 Metellus
695 3419 722 3468 et
738 3409 788 3467 Cn.
813 3411 951 3467 Domitius
970 3425 1104 3467 censores
1125 3415 1216 3466 artam
1235 3407 1377 3464 ludicram

241 3525 281 3566 aa
301 3511 371 3567 urhe
384 3520 570 3569 remouerunl
582 3521 704 3585 praeter
717 3513 849 3569 latinum
870 3513 1010 3570 tibicinam
1030 3527 1094 3568 crim
1105 3519 1224 3568 cantare
1238 3518 1264 3566 et
1279 3511 1378 3566 ludum

242 3615 374 3674 talorum.
392 3623 415 3674 4.
430 3615 575 3672 Sascenna
589 3615 718 3672 Statilius
730 3621 758 3670 et
770 3615 801 3669 L.
815 3603 980 3670 Scribonius
992 3613 1032 3691 (a.
1041 3611 1117 3689 769).
1134 3614 1178 3669 leis
1190 3627 1260 3669 cass.
1270 3613 1377 3668 matire-

240 3718 337 3772 malici
347 3717 417 3774 urhe
430 3719 586 3790 pelluntur.
615 3736 693 3795 quae
707 3715 835 3775 Rathius
848 3713 944 3794 praef.
951 3735 979 3793 p.
991 3711 1131 3773 LXXVI
1142 3714 1173 3771 in
1184 3713 1377 3794 reliquiarum

241 3835 350 3894 corpus
363 3817 615 3876 Suetonianarum
628 3819 765 3896 recipere
778 3838 812 3877 se
825 3835 999 3876 nonausum
1013 3835 1081 3875 esse
1097 3814 1179 3888 dicit,
1194 3835 1379 3896 quamquam

241 3917 371 3976 fortasse
393 3919 537 3978 Suetonio
562 3917 679 3995 debita3
703 3917 741 3978 de
763 3920 806 3979 eis
823 3929 923 3978 autern
939 3917 1135 3978 Theodorum
1156 3917 1320 3994 Bergkiurn
1345 3937 1377 3976 se

241 4018 520 4079 commonefecisse.
550 4019 606 4078 sed
621 4019 713 4079 miror
729 4021 867 4098 egregios
888 4020 971 4080 viros
987 4041 1047 4080 non
1062 4020 1234 4080 meminisse
1253 4018 1290 4078 ab
1311 4019 1377 4096 ipso

240 4117 435 4180 Cassiodorio
454 4129 594 4180 auctores
613 4121 761 4182 fastorum
778 4122 980 4182 consularium
992 4141 1155 4202 earumque
1177 4139 1259 4200 quae
1267 4120 1314 4178 his
1333 4121 1378 4181 in·

239 4219 358 4280 terdum
373 4221 496 4282 additae
509 4233 578 4282 sunt
589 4225 777 4283 notationum
792 4223 941 4302 adpellari
950 4225 1071 4283 Livium
1087 4222 1300 4302 Aufidiumque
1317 4221 1377 4281 his·

240 4325 366 4383 toricos:
379 4324 474 4385 videl
482 4345 509 4404 p.
520 4324 626 4388 369ed.
642 4325 749 4386 Garat.
764 4325 930 4406 quidquod
944 4324 1020 4384 adeo
1033 4325 1188 4384 liberLivi
1201 4331 1285 4383 extat
1297 4323 1378 4384 uude

241 4422 479 4487 additamentum
504 4427 584 4506 quod
606 4427 742 4500 secundo
761 4429 829 4488 loco
847 4429 936 4507 posui
958 4429 1118 4508 repetitum
1141 4436 1196 4486 est.
1233 4425 1379 4486 videlicet
