3072 5064
261 377 324 448 242
725 461 729 468 ἢ
759 365 902 440 'rutrum

262 547 361 610 etiam
389 544 483 610 ostiis
511 543 580 608 eius
604 542 738 630 quibus.
754 544 789 608 in
814 565 904 610 mare
931 543 1038 610 influit
1063 565 1236 610 arenarum
1267 541 1406 610 cumulis

263 645 331 710 Nili
363 644 482 710 fluctus
518 645 739 710 intumescunt
765 666 804 708 ao
830 655 916 710 retro
952 647 1073 710 reuerti
1102 656 1264 732 eoguntur
1295 647 1407 734 sieque

263 768 367 833 aquae
390 753 595 832 erumpentes
617 744 843 830 propelluntur
861 747 895 810 in
915 755 1080 829 austrum,
1100 748 1219 834 quibus
1242 750 1407 832 congestis

263 847 358 912 Nilus
386 849 420 911 in
447 848 637 934 Aegyptum
668 850 818 932 erumpit.
866 849 1110 935 quiescentibus
1138 869 1266 934 quoque
1294 849 1408 913 etesiis

262 950 433 1035 ruptisque
454 969 625 1011 arenarum
648 947 787 1013 cumulis
811 951 844 1012 in
868 971 962 1013 suum
984 950 1113 1014 alueum
1136 949 1221 1014 redit
1240 947 1372 1014 fluuius.
1417 964 1430 1002 ὁ

155 1143 257 1214 157*
349 1149 389 1214 In
411 1151 513 1238 pratis
533 1169 618 1212 nono
639 1148 723 1214 libro
744 1149 954 1237 Tranquillus
977 1153 1028 1222 sic,
1045 1151 1170 1216 adserit
1189 1151 1317 1216 dicens:
1347 1167 1407 1214 ux·

265 1269 410 1316 ‘rausum
429 1267 525 1314 uuus
549 1271 690 1316 oceanus
719 1259 770 1315 est
796 1267 978 1316 rursuuvu
1004 1253 1090 1338 quod
1119 1275 1162 1316 ex
1189 1273 1309 1316 oceano
1336 1251 1410 1315 fluit

265 1367 425 1417 svruuvu
448 1361 479 1414 et
500 1367 656 1414 luruuvu
674 1350 794 1436 quibus
811 1351 910 1415 Italia
932 1352 1085 1418 adluitur.
1119 1375 1163 1418 ex
1183 1353 1232 1418 his
1254 1375 1407 1438 superum

264 1464 297 1518 et
311 1467 530 1517 nnrmrrovru
544 1453 664 1517 dicitur
686 1462 718 1516 et
732 1467 869 1516 rvscvu
887 1454 1038 1520 interum.
1072 1471 1215 1519 ranrvu
1232 1463 1408 1540 angustum

265 1557 360 1642 quasi
390 1554 521 1618 feruens
543 1575 633 1616 mare
658 1561 695 1618 ut
723 1552 867 1618 Siculum
892 1565 924 1619 et
953 1557 1164 1620 Gaditanum.
1210 1573 1444 1620 uusuvsumro

266 1657 420 1734 †omnia
448 1675 508 1740 per
534 1676 617 1740 quac
645 1675 733 1718 mure
763 1657 908 1720 uicissim
938 1667 1005 1722 tum
1031 1659 1158 1722 accedit
1184 1667 1251 1722 tum
1272 1655 1408 1722 'recedit

268 1841 432 1910 φαίνεσθαι
451 1831 482 1891 δ’
501 1831 639 1892 ἐλάττονα
658 1839 709 1891 rori
727 1841 874 1908 χειμῶνος,
894 1837 943 1895 δια
962 1837 995 1896 τὸ
1014 1837 1045 1896 ἐν
1063 1837 1152 1914 τούτῳ
1170 1845 1210 1912 τῷ
1230 1861 1278 1896 και
1299 1843 1322 1912 ᾧ
1340 1847 1409 1912 πλη-

268 1909 331 1962 σίον
355 1905 437 1960 ίόντα
460 1901 510 1958 τὸν
532 1900 615 1975 ἥλιον
636 1907 687 1972 τῆς
710 1903 856 1975 Αἰγύπτου
880 1903 1040 1978 ἐξατμίζειν
1063 1907 1097 1964 td
1121 1908 1242 1980 νάματα.
1293 1913 1410 1979 Epopeo

266 1971 281 2028 ὁ
302 1969 464 2041 ἱστοριογριί
490 1993 520 2035 σς
543 1970 616 2026 κατὰ
641 1972 731 2042 θέρος
751 1975 840 2044 φησίν
863 1969 1068 2046 α’ναχαλσίσθαι
1091 1975 1144 2048 τήν
1166 1971 1235 2047 ὅλην
1253 1981 1409 2064 Asparem,

267 2043 317 2096 καὶ
335 2039 425 2118 oiovet
443 1993 583 2118 ’ἐξιδροῦν
606 2036 639 2093 τὸ
663 2037 735 2094 nott
760 2045 854 2111 νᾶμα·
879 2046 1033 2099 συνδίδωσι
1053 2040 1083 2098 d'
1101 2039 1174 2114 udus
1192 2046 1241 2100 nui
1260 2041 1277 2113 'i
1297 2051 1318 2098 A
1339 2048 1411 2114 αβιά

267 2111 316 2164 καὶ
340 2110 468 2179 quises
491 2129 570 2189 κριρα
594 2104 626 2161 τὸ
649 2102 826 2190 σῖραιρνθκαὶ
849 2105 1037 2181 ὑπόψαμμον.
1078 2066 1207 2179 Εὔδοὲορ
1229 2117 1296 2176 τοὺς
1320 2067 1412 2190 {speie

267 2195 337 2261 ppos
356 2175 449 2244 λέγειν
463 2196 500 2228 σοι
515 2177 620 2246 ομβρια
638 2179 694 2228 τῶν
711 2178 828 2230 οδατων
845 2179 894 2232 καὶ
911 2177 965 2248 τὴν
988 2174 1220 2250 α’ντιττερίστασιν
1240 2185 1297 2234 τῶν
1319 2184 1410 2249 rupeis,

265 2265 338 2300 οταν
355 2238 422 2312 παρ’
439 2240 510 2328 Ημίν
534 2234 550 2313 ᾖ
569 2241 656 2310 θέρος
675 2250 735 2304 τοῖς
752 2239 809 2298 ὑπὸ
827 2242 876 2298 τὸν
895 2245 1013 2316 θερινὸν
1031 2245 1168 2317 τροπικὸν
1185 2247 1323 2310 οἰκοῦσιν,
1345 2245 1410 2302 τότε

267 2321 327 2375 τοῖς
350 2307 407 2366 ὑπὸ
432 2329 493 2388 τον*
506 2307 668 2380 χειμερινὸν
692 2311 828 2378 τροπικὸν
850 2307 996 2377 οἷντοίκοις
1020 2313 1124 2384 χειμών
1147 2311 1236 2382 ἐστιν,
1262 2311 1291 2382 ἐξ
1314 2307 1355 2368 ὦν
1377 2315 1410 2369 τό

266 2381 457 2450 πλημμυρούν
473 2381 551 2446 οὸωρ
569 2375 810 2447 καταρρήγνυται.
1073 2421 1076 2426 .

338 2449 406 2504 itt*
425 2451 545 2500 Isidorus
568 2450 602 2498 dc
625 2457 725 2499 natura
748 2467 835 2500 rerum
859 2451 978 2502 XLIIII:
1015 2453 1072 2504 ‘Dc
1096 2453 1251 2504 nominibus
1272 2457 1357 2505 maris
1375 2471 1410 2504 ae

267 2522 415 2570 fluminum.
458 2519 510 2568 ‘In
532 2519 645 2582 pratis
740 2519 953 2584 praecipiti)
997 2522 1170 2572 desideratur
1193 2521 1244 2572 hoc
1274 2530 1358 2588 caput
1381 2523 1410 2571 in

267 2587 422 2638 BEFGIIK
446 2584 592 2648 multisque
617 2584 705 2634 libris.
747 2585 838 2634 Schol.
863 2587 945 2636 Bern.
970 2604 1063 2654 georg.
1090 2590 1117 2639 ΙΙ
1143 2589 1204 2638 158:
1241 2591 1410 2639 ‘Adriati-

268 2671 340 2705 cum
358 2668 511 2718 supcrum
524 2657 680 2714 uocatur,
705 2653 907 2716 Tyrrhenum
927 2655 1074 2706 inferum
1094 2663 1123 2706 ut
1140 2656 1257 2706 Iunilius
1276 2663 1304 2706 et
1321 2657 1410 2706 Tran-

231 2714 235 2725 '
267 2722 369 2787 quillus
388 2721 497 2781 dicunt,
521 2719 645 2784 quibus
664 2719 817 2769 adluitur
834 2721 969 2771 Italia.'
1010 2724 1194 2774 Hildebrandi
1212 2723 1294 2789 gloss.
1314 2740 1340 2788 p.
1364 2724 1410 2773 147

268 2791 352 2854 gloss.
377 2787 502 2852 Ampion.
526 2803 552 2851 p.
573 2785 635 2836 333:
673 2786 798 2836 ‘Fretum
822 2804 896 2838 mare
921 2790 1085 2854 augustum!
1122 2791 1256 2842 Coroliar.
1273 2791 1356 2856 glosa
1381 2794 1410 2840 in

267 2855 395 2905 Muelleri
413 2855 497 2901 Festo
516 2870 542 2918 p.
561 2852 623 2902 380:
653 2853 814 2903 ‘Aestuaria
832 2862 896 2904 suut
914 2859 1018 2919 ornniu,
1046 2873 1098 2924 qua
1118 2875 1192 2908 mare
1210 2859 1333 2908 uicissim
1353 2869 1411 2908 turn

269 2922 379 2972 accedit
398 2925 453 2969 tum
472 2921 602 2970 reocdit'
634 2919 734 2970 Coreli.
753 2921 835 2984 gloss.
856 2923 873 2972 l.
894 2940 931 2974 e.:
958 2924 1057 2974 ‘altum
1076 2928 1186 2991 proprie
1204 2941 1278 2976 mare
1297 2927 1410 2990 prosun-

268 2987 351 3038 dum)
386 2987 568 3036 'Hiidabrand
588 2987 670 3051 gloss.
690 3004 715 3052 p.
730 2987 794 3038 288:
813 2991 904 3056 ‘uagm
925 2991 1070 3042 iubrcuia.’
1107 2993 1198 3044 Schol.
1217 2995 1321 3044 Lucan.
1342 2993 1409 3042 Vll!

268 3055 331 3106 540:
368 3052 595 3104 ‘uadubreuia.‘
631 3055 829 3106 Serviusrtcn.
853 3057 877 3107 V
902 3057 962 3108 uu:
1000 3061 1114 3110 ‘Litus
1139 3069 1190 3110 est
1213 3061 1410 3124 omnequod

270 3139 357 3189 aqua
380 3120 549 3172 alluitur.’
591 3121 734 3172 Charisius
758 3140 783 3188 p.
808 3123 853 3174 98:
896 3125 1009 3177 ‘Ostia
1040 3129 1153 3178 exitus
1177 3128 1352 3178 fluminum
1376 3129 1411 3178 in

269 3189 377 3242 mare)
413 3191 524 3240 Servius
542 3189 610 3238 Acn.
630 3188 718 3238 1400:
738 3191 894 3256 ‘Proprie
917 3195 1011 3244 ostia
1029 3196 1192 3246 dicuntur
1211 3197 1324 3246 exitus
1343 3196 1411 3246 uu·

268 3257 411 3309 minum!
430 3285 462 3292 —
481 3256 547 3308 eod.
566 3257 642 3322 Lips.
661 3257 741 3307 Pauli
760 3275 786 3322 p.
804 3257 852 3309 38¹
872 3261 923 3310 Ma
962 3261 1122 3326 ‘supernum
1141 3279 1215 3313 mare
1227 3264 1410 3322 Adriaticum,

357 3447 370 3522 i
385 3459 490 3518 hostiis
506 3458 558 3540 ΑΗ
573 3463 694 3522 astutus
709 3457 745 3520 Αί
761 3457 775 3544 Η
792 3464 987 3522 intumiscunt
1005 3461 1040 3522 A¹
1058 3461 1072 3547 Η
1087 3466 1145 3526 hae
1162 3461 1201 3526 B‘
1217 3465 1230 3542 Η
1246 3477 1263 3528 4
1280 3457 1415 3548 aegypto

269 3550 426 3624 Aegypta
444 3539 483 3601 Βι
500 3540 748 3628 ssquiscientibus
771 3545 809 3607 Β1
830 3544 845 3628 Η
866 3548 994 3608 &haesis
1016 3555 1040 3608 A
1060 3552 1150 3610 eteris
1168 3555 1195 3609 B
1214 3547 1227 3633 Η
1250 3563 1265 3614 ὀ
1281 3552 1373 3610 rediit
1387 3557 1412 3608 Α

270 3626 283 3710 Η
300 3640 317 3693 6
333 3632 363 3688 iu
377 3630 472 3708 pratis
487 3649 567 3688 nono
582 3629 659 3688 libro
678 3639 798 3707 scripsi:
829 3636 860 3692 in
875 3634 971 3712 pratis
992 3636 1022 3692 in
1042 3635 1202 3695 annalibus
1219 3639 1241 3695 0
1263 3636 1293 3694 in
1316 3656 1411 3694 anns·

269 3715 349 3773 libus
365 3714 448 3773 libris
470 3723 588 3791 patrum
609 3719 646 3772 al.
664 3718 694 3774 in
716 3719 811 3796 pratis
833 3720 966 3776 At'DLM
994 3715 998 3800 Ι
1018 3721 1061 3777 ait
1083 3723 1105 3779 0
1127 3720 1263 3780 adseruit
1284 3721 1369 3778 CDM
1372 3718 1378 3756 ¹
1398 3717 1411 3802 Η

270 3809 427 3858 externum
450 3802 587 3858 Rotdius:
618 3801 784 3860 extremum
805 3804 961 3861 ACDLMO
991 3801 995 3886 Ι
1017 3812 1032 3866 7
1055 3805 1180 3864 ocianus
1204 3802 1271 3865 ΑΨ
1296 3823 1413 3880 sempor

269 3891 317 3942 est
328 3903 381 3940 om.
396 3885 418 3940 0
433 3879 448 3965 Η
463 3883 612 3944 internum
623 3886 740 3961 modius
755 3887 837 3965 quod
850 3889 872 3945 0
886 3882 899 3967 Η
916 3889 1023 3948 ociano
1036 3889 1069 3946 M
1081 3885 1095 3970 Η
1109 3900 1300 3968 δεορστοοιο
1313 3893 1413 3948 CDLO

271 3963 285 4047 Η
303 3975 350 4024 cst
366 3977 396 4026 et
412 3969 460 4026 01>
475 3965 488 4048 Η
503 3971 652 4028 infernum
667 3973 689 4026 0
704 3965 717 4050 Η
733 3989 772 4030 ex
787 3971 844 4030 hiis
862 3972 987 4032 Gothic
1004 3977 1026 4032 0
1041 3969 1054 4055 Η
1070 3983 1087 4036 9
1106 3983 1200 4035 etum.
1220 3971 1295 4056 01)ss
1311 3975 1411 4034 adria-

269 4070 336 4110 cum
354 4053 386 4108 M
404 4053 573 4112 atriaticum
588 4048 647 4112 210¹
665 4048 678 4134 Η
693 4053 833 4114 thuscum
848 4058 929 4114 CDM
941 4058 1079 4117 tuselrum
1092 4065 1116 4118 A
1131 4053 1144 4140 Η
1161 4070 1192 4117 ct
1206 4061 1315 4120 fretum
1332 4062 1381 4118 OD
1398 4056 1411 4140 Η

268 4155 380 4212 angum
401 4139 428 4194 D
451 4139 482 4196 in
504 4147 633 4213 angusto
655 4143 727 4197 coni.
752 4144 977 4214 Loupeusr'cpea.
1004 4145 1043 4216 cf.
1072 4145 1147 4202 Mus.
1172 4147 1266 4204 Ηίιτκ.
1295 4165 1359 4204 noo.
1390 4147 1417 4202 Γ

264 4241 295 4293 p.
311 4226 370 4280 240
376 4239 437 4294 sqq.
454 4219 467 4302 Η
486 4234 517 4284 10
532 4219 574 4301 ut]
593 4232 623 4280 et
636 4225 708 4281 cuo
724 4220 736 4305 Η
752 4226 941 4301 graditanum
955 4224 997 4284 Μ’
1009 4227 1196 4303 gaditiamrm
1210 4232 1232 4287 0
1246 4229 1414 4306 gadianum

270 4307 293 4360 L
307 4299 320 4383 Η
337 4309 490 4365 aest-uaria
507 4317 576 4366 sunt
589 4309 685 4366 coto
702 4310 863 4388 estuariai
880 4307 932 4390 ΑΗ
952 4323 979 4372 ll
993 4311 1105 4388 omnia]
1119 4328 1228 4391 stagna
1244 4319 1318 4374 coni.
1334 4317 1412 4372 Lon-

268 4393 420 4462 pensiepca
436 4385 448 4470 Η
464 4389 522 4469 quc
536 4395 561 4447 A
577 4411 665 4470 quem
684 4396 716 4450 M
731 4389 744 4474 Η
759 4395 871 4455 occidit
889 4399 910 4454 (i
925 4393 939 4479 Η
955 4398 1047 4456 rescit
1061 4399 1178 4459 recedit
1195 4403 1220 4457 L
