3190 5098
251 361 313 428 too
583 381 809 432 ovansrronas
833 381 1060 426 svcronmusn

249 538 290 598 ris
306 535 416 596 aetatis
432 533 562 596 adhunc
575 555 685 615 purum
698 533 813 596 iontem
828 555 889 596 non
902 533 1032 596 rediisse
1050 535 1106 597 scd
1123 535 1280 616 vulgatam
1294 536 1389 600 vitam

249 641 326 700 mira
347 637 487 698 socordia
507 655 703 718 propagasse.
738 645 831 716 atque
853 635 930 698 adeo
961 639 1073 700 nostris
1095 637 1295 718 temporibus,
1324 640 1389 719 qui·

248 741 305 802 bus
319 741 450 800 Rothius
468 741 498 800 in
521 739 655 800 editione
672 739 801 800 Suetoni
815 739 1033 800 Teubneriana
1047 749 1145 821 pasti
1164 742 1325 802 veritatem
1345 743 1389 802 in·

250 843 379 916 dicavit,
400 840 512 902 accidit
522 851 555 902 nt
571 841 606 902 G.
626 839 663 902 G.
675 841 840 914 Mtillerus,
858 861 925 902 eum
940 843 971 902 in
982 853 1202 922 programmate
1215 843 1389 923 liudolpho·

249 944 368 1026 polensi
390 965 416 1005 a.
441 952 507 1010 leil
537 963 641 1004 veram
664 944 758 1003 vitam
782 962 821 1002 ex
841 941 964 1017 codice,
993 965 1053 1025 quo
1074 945 1189 1006 Daniel
1213 965 1285 1006 usus
1315 954 1389 1018 erat,

250 1047 371 1122 ederet,
388 1045 516 1108 eandem
532 1065 567 1107 se
583 1045 655 1106 dare
669 1053 805 1126 putaret,
828 1065 907 1128 quae
924 1047 954 1106 in
970 1047 1137 1108 Burmanni
1153 1047 1289 1126 Vergilio
1307 1047 1389 1126 lege·

249 1159 341 1212 retur.

334 1252 423 1314 Talis
447 1252 630 1332 vituperatio
652 1271 714 1312 non
737 1249 819 1314 cadit
844 1253 876 1312 in
898 1253 996 1312 virum
1018 1273 1088 1313 mea
1114 1250 1206 1312 lande
1234 1253 1390 1324 maiorem,

249 1359 274 1418 1.
290 1359 342 1418 Fr.
364 1354 574 1426 Gronovium,
590 1355 642 1434 qni
662 1355 695 1414 in
713 1355 793 1414 notis
815 1353 854 1414 ad
876 1355 968 1414 vitam
985 1374 1005 1412 a
1022 1355 1196 1414 Burmanno
1215 1355 1306 1439 editis
1323 1353 1399 1416 vul?

251 1468 322 1539 gato
341 1457 482 1536 exemplo
499 1463 601 1535 spreto
613 1455 809 1517 Danielinam
823 1457 919 1516 vitam
934 1465 1094 1536 tantopere
1109 1456 1273 1516 admiratus
1289 1457 1343 1530 sit,
1359 1464 1392 1515 nt

250 1562 429 1624 Suetonium
446 1558 513 1620 eius
537 1543 691 1620 auctorem
708 1557 865 1638 adpellare
886 1578 946 1618 non
963 1558 1155 1620 dubitaverit.
1188 1577 1273 1639 quaa
1285 1558 1392 1618 summi

250 1664 310 1724 viri
322 1662 454 1742 suspicio
472 1679 528 1720 nos
544 1669 647 1721 monet
666 1668 701 1720 ut
720 1661 922 1742 inquiramus,
943 1680 1016 1722 num
1039 1669 1124 1722 recte
1138 1662 1294 1722 Donatum
1309 1662 1392 1720 ritae

251 1766 430 1844 scriptorem
450 1761 550 1822 adhue
569 1761 841 1822 nominaverimus:
871 1773 978 1842 postea
997 1771 1116 1843 tempus
1139 1764 1198 1824 erit
1218 1762 1393 1841 interpolati

252 1865 386 1946 exempli
404 1864 537 1942 origines
553 1863 726 1924 inlustrare.
747 1885 766 1922 a
781 1864 866 1924 libris
883 1866 975 1944 igitur
988 1865 1104 1926 nullum
1116 1864 1182 1926 fere
1198 1873 1312 1926 certum
1327 1866 1392 1945 peti

251 1976 353 2048 potest
364 1973 588 2044 argumentum,
603 1965 634 2024 in
648 1985 774 2046 qnorum
788 1965 944 2048 plerisque
956 1968 1039 2028 vitae
1051 1966 1232 2048 simpliciter
1246 1966 1391 2028 inscriba-

218 2048 220 2058 Ι
251 2081 299 2131 tur
319 2071 432 2146 Virgilii
444 2057 517 2127 nith
542 2069 573 2128 in
590 2087 649 2150 uno
666 2076 767 2128 tamen
775 2068 925 2128 Vaticano
946 2068 1051 2131 codice
1067 2069 1160 2129 Thilo
1173 2089 1205 2130 so
1220 2071 1392 2149 repperisse

253 2173 328 2234 dicit
352 2173 384 2232 V.
401 2191 430 2230 n.
450 2191 468 2228 a
484 2173 597 2230 Donato
614 2174 699 2230 edita.
736 2171 785 2230 cni
802 2171 992 2250 inscriptioni
1009 2170 1100 2232 fidem
1122 2171 1196 2231 facit
1218 2171 1322 2250 glossa
1335 2171 1391 2231 Isi·

252 2275 319 2336 dori
332 2295 351 2334 a
366 2272 520 2334 Scriverio
538 2271 619 2352 apud
631 2272 839 2334 Burmannum
853 2272 967 2332 anthol.
985 2273 1038 2333 let.
1053 2274 1069 2332 I
1083 2293 1113 2352 p.
1131 2281 1183 2338 369
1204 2273 1243 2332 ad
1265 2273 1392 2334 eandem

252 2376 459 2458 quaestionem
474 2373 654 2435 solvendam
669 2375 805 2455 prolata:
834 2378 1005 2434 lenociniis..
1021 2377 1169 2436 Donatus:
1180 2347 1395 2450 pronunciabat

252 2489 347 2541 antem
372 2498 436 2539 cnm
462 2482 606 2537 suauitate
631 2497 696 2536 cnm
723 2463 837 2556 (immo-¹
854 2475 926 2554 tum)
954 2481 1097 2538 lenociniis
1123 2482 1211 2537 mira.
1253 2477 1394 2556 leguntur

253 2584 332 2644 enim
348 2581 425 2640 baec
444 2581 475 2639 in
495 2581 560 2638 vita
584 2578 691 2646 eadem
705 2579 783 2641 adeo
798 2580 969 2660 corruptela
987 2580 1120 2659 insignia
1135 2600 1162 2658 p.
1177 2588 1226 2653 61,
1243 2589 1313 2662 leq.
1338 2577 1394 2639 sed

253 2687 346 2745 etiam
365 2702 446 2742 nunc
465 2680 637 2760 ambiguum
653 2689 715 2758 est,
734 2703 822 2765 quem
842 2683 997 2742 Donatum
1016 2681 1196 2760 intellegere
1219 2681 1394 2758 debeamus,

254 2807 320 2848 cnm
333 2785 392 2845 dno
407 2785 597 2861 grammatici
610 2783 697 2845 nobis
712 2785 775 2844 noti
793 2785 868 2860 sint,
886 2783 995 2864 quibus
1010 2784 1068 2843 hoc
1079 2803 1189 2844 nomen
1205 2783 1306 2844 fuerit.
1318 2803 1395 2844 unus

253 2897 300 2948 est
313 2885 662 2946 celeberrimus'l'erenti
674 2887 839 2966 interpres,
853 2907 942 2966 quem
951 2887 1159 2966 Hieronymus
1171 2895 1205 2946 ut
1219 2885 1395 2965 magistrum

253 3009 341 3049 suum
363 2987 571 3066 praedicavit:
602 2987 734 3048 eundem
754 2986 872 3048 scholia
894 2991 925 3049 in
948 2988 1066 3068 Vergili
1086 2987 1227 3048 bucolice
1250 2998 1281 3048 et
1307 3008 1394 3068 geor·

253 3093 323 3171 giea
351 3077 510 3170 scripsisse
538 3109 555 3150 e
579 3090 687 3151 Servio
711 3088 862 3150 discimus.
900 3091 1026 3152 alterius
1055 3099 1141 3150 extat
1164 3091 1395 3152 commentarius

253 3190 411 3254 Aeneidos
439 3190 478 3250 ab
506 3191 587 3250 omni
611 3193 756 3274 autiquae
785 3193 962 3253 eruditionis
987 3192 1132 3253 momoria
1159 3193 1395 3271 remotissimum

254 3297 338 3356 cuins
360 3295 484 3374 plenum
507 3313 616 3354 nomen
638 3293 686 3353 Ti.
701 3294 847 3358 Claudius
864 3297 1004 3356 Donatus
1023 3295 1089 3355 suit.
1118 3296 1200 3356 huno
1222 3314 1294 3356 vero
1312 3296 1396 3356 vitae

253 3399 434 3478 scriptorem
459 3415 527 3457 esse
548 3397 622 3456 satis
643 3397 718 3457 mira
733 3399 888 3458 sententia
904 3397 961 3456 fuit
983 3395 1098 3475 Georgi
1115 3395 1253 3470 Fabrici,
1275 3399 1341 3478 qui,
1363 3407 1397 3458 ut

252 3521 310 3560 nec
328 3499 436 3560 titulus
453 3497 657 3579 interpolatae
673 3500 756 3560 vitae
772 3499 1009 3580 interpolatione
1024 3509 1145 3572 careat,
1172 3499 1398 3580 inscriptionem

256 3601 464 3662 commentarii
485 3601 568 3660 illius
591 3602 724 3662 imitatus
746 3621 815 3662 eum
835 3605 879 3662 sic
897 3599 1008 3661 edidit:
1044 3603 1154 3660 Tiberii·
1163 3604 1274 3661 Claudii
1292 3603 1399 3660 Donati

254 3707 293 3762 ad
323 3707 381 3762 Tib.
411 3704 559 3764 Claudiam
587 3705 747 3764 Maximam
775 3707 968 3764 donatianum
997 3707 1086 3777 filium
1114 3707 1149 3764 da
1177 3707 1248 3762 Pub.
1285 3705 1400 3777 Vergilii

253 3807 383 3864 Maronis
400 3811 465 3866 nita.
496 3803 578 3885 quod
594 3825 697 3867 omnes
714 3805 860 3887 deinceps
877 3805 1009 3866 editores
1025 3813 1215 3884 receperunt.
1248 3803 1304 3864 sed
1320 3804 1399 3863 haee

254 3909 429 3968 coniectura
444 3928 511 3968 cum
525 3927 582 3986 per
597 3928 630 3968 se
646 3911 721 3968 satis
736 3907 936 3988 inprobabilis
953 3910 994 3968 sit
1007 3919 1069 3968 tum
1084 3907 1278 3986 redarguitur
1293 3906 1397 3967 certis·

253 4010 336 4070 simis
353 4007 442 4070 Servi
461 4010 640 4072 testimoniis
663 4011 700 4070 ab
722 4009 830 4070 eodem
853 4009 1006 4071 Seriverio
1028 4009 1189 4086 adhibitis,
1215 4008 1324 4090 quibus
1346 4008 1397 4068 de·

253 4121 436 4173 monstretur
456 4111 610 4172 Donatum
637 4112 719 4172 vitae
742 4113 920 4193 scriptorem
946 4131 1014 4174 esse
1038 4113 1193 4172 Donatum
1220 4110 1304 4170 illurn
1328 4111 1398 4171 Ser-

254 4216 305 4274 vio
324 4214 533 4295 antiquiorem.
563 4234 694 4295 namque
715 4215 780 4274 vita
801 4213 934 4274 inlibris
956 4215 1153 4293 anteponitur
1176 4221 1343 4273 commento
1360 4209 1399 4272 de

253 4316 341 4396 poesi
367 4315 508 4376 bucolica
533 4315 633 4398 deque
662 4317 841 4396 Vergiliana
869 4315 1027 4377 Theocriti
1056 4315 1233 4376 imitatione.
1279 4315 1310 4372 in
1338 4333 1399 4394 quo

254 4418 407 4496 leguntur,
423 4437 501 4502 guae
514 4415 641 4482 Servius
655 4419 686 4478 in
700 4420 855 4499 prooemio
872 4417 910 4478 ad
922 4417 1062 4478 bucolica
1077 4417 1233 4478 Donatum
1249 4415 1287 4476 de
1302 4416 1399 4495 primo
