3078 5072
659 365 841 409 PRARFA'PIO
1271 375 1318 416 vti

172 539 190 580 e
214 519 334 596 singulis
354 516 506 579 codicibus
527 519 684 594 separatim
709 518 844 579 adnotata
865 520 902 581 ab
931 521 994 600 ipso
1017 523 1077 582 suis
1101 522 1174 585 locis
1199 543 1315 604 unoque

172 625 334 700 conspectu
346 619 485 698 disposita
506 628 595 687 esset,
610 620 733 679 comiter
748 626 779 680 ut
794 639 841 681 me
857 623 968 683 intraret
987 625 1174 686 transmissis.

187 803 189 808 Ι
259 721 383 782 Tantam
405 721 641 784 doctissimorum
664 723 793 782 uirorum
817 722 1049 786 benevolentiam
1075 736 1213 806 expertus
1237 735 1315 791 totus

171 827 203 888 in
226 844 262 888 eo
281 844 378 894 cram,
400 829 429 886 ut
450 841 488 884 ne
509 823 661 900 indignum
684 842 731 883 mo
751 824 882 901 ipsorum
907 826 1005 886 lavore
1025 836 1222 904 praestarem:
1247 850 1316 892 cnm

171 933 284 990 aestate
302 947 329 987 n.
356 937 562 987 uncccnvrtt
585 927 672 986 editio
696 925 726 986 G.
751 925 782 986 L.
799 925 907 988 liotbi
927 928 1037 990 dudum
1060 948 1076 990 a
1099 949 1146 992 me
1163 939 1313 1012 expectata

172 1033 203 1090 in
226 1029 323 1090 lucem
345 1028 450 1088 emissa
473 1034 526 1088 cst.
571 1045 628 1107 qua
649 1045 709 1088 non
730 1026 808 1088 nulla
831 1047 905 1107 quac
928 1037 957 1090 et
984 1031 1047 1109 ipse
1068 1031 1238 1094 inveneram
1264 1053 1313 1094 oo·

173 1139 280 1210 cupata
302 1147 367 1191 esse
392 1147 452 1190 non
470 1137 528 1190 tam
550 1128 631 1189 dolui
653 1149 740 1208 quam
759 1131 874 1208 gavisus
895 1151 977 1201 som,
998 1132 1076 1212 quod
1095 1133 1144 1194 tali
1168 1153 1314 1198 consensu

173 1234 261 1294 iidem
289 1231 382 1292 rebus
408 1231 475 1292 addi
503 1232 645 1292 maiorem
674 1231 887 1311 intellegebam.
936 1235 1042 1296 deinde
1070 1253 1143 1296 nora
1170 1255 1245 1316 quae
1267 1257 1314 1298 me

146 1363 148 1368 ·
173 1335 313 1414 tugerent
335 1333 421 1395 didici
448 1333 607 1412 quaedam:
652 1339 681 1395 at
702 1333 787 1416 plura
812 1333 883 1395 nillil
905 1336 1004 1399 relicta
1027 1355 1090 1400 esse
1120 1337 1176 1398 ridi
1207 1357 1241 1400 ex
1271 1339 1316 1398 in-

173 1439 275 1499 stituto
301 1438 333 1496 ni
360 1434 445 1496 tallor
473 1435 608 1496 editionis
629 1437 800 1498 llotbianae.
828 1442 860 1497 ut
882 1438 1012 1499 omittam
1034 1458 1127 1518 pauca
1151 1439 1315 1518 fragmenta

172 1537 378 1600 sollertissimo
400 1540 462 1598 viro
484 1556 543 1598 non
567 1539 743 1608 innotuisse,
766 1555 868 1598 omnes
890 1537 953 1598 ibas
975 1541 1112 1620 reliquias
1133 1541 1241 1620 quibus
1263 1560 1314 1602 no·

173 1659 242 1702 men
273 1640 396 1701 Suetoni
422 1640 586 1718 adpositum
617 1657 674 1699 non
700 1645 763 1698 erat
788 1641 818 1699 io
842 1637 1051 1703 conlectionem
1075 1660 1159 1703 suam
1181 1661 1239 1703 non
1263 1643 1314 1705 ad-

174 1743 253 1804 misit
274 1761 330 1804 nec
348 1741 603 1802 reconcinnandae
623 1743 762 1820 pristinae
780 1740 924 1802 librorum
946 1741 1055 1805 termae
1072 1750 1196 1824 apteque
1217 1745 1315 1828 ‹lispo-

173 1845 280 1906 ncndis
302 1842 434 1922 reliquiis
456 1844 585 1904 animum
609 1843 672 1904 lere
695 1843 833 1912 intendit,
863 1851 894 1906 ut
916 1842 1071 1922 plurimam
1098 1853 1212 1927 partem
1239 1847 1315 1924 trag-

174 1953 342 2008 mentcrmo
362 1963 422 2006 non
445 1963 499 2024 per
517 1945 608 2006 libros
636 1952 664 2006 et
683 1951 856 2022 argumenta
886 1945 1054 2024 dispositam
1075 1948 1125 2010 sed
1152 1951 1235 2028 quasi
1262 1967 1316 2028 per
1406 1999 1414 2020 ,

174 2054 305 2110 saturam
327 2047 420 2108 lusam
444 2046 608 2126 protulerit.
650 2049 737 2125 igitur
757 2063 820 2108 rem
844 2049 989 2126 integram
1017 2067 1081 2110 esse
1102 2057 1185 2112 ratus
1206 2049 1315 2112 librum

176 2169 276 2212 meum
297 2151 354 2210 iam
373 2149 554 2210 elaboratum
579 2149 770 2211 emittendum
790 2148 870 2213 duxi.

262 2252 293 2312 ln
316 2250 448 2330 reliquiis
470 2257 568 2312 autem
591 2251 713 2312 edendis
736 2269 800 2312 eam
823 2252 899 2312 riam
921 2250 1016 2318 tenui,
1038 2256 1072 2310 ut
1094 2267 1143 2311 eas
1156 2271 1229 2332 quas
1246 2271 1316 2314 con·

176 2355 297 2416 lecturis
325 2359 375 2414 aut.
403 2351 526 2412 aliorum
557 2359 607 2412 aut
635 2355 709 2414 meis
731 2353 872 2414 Suetonio
898 2354 1025 2420 restitui,
1049 2355 1187 2412 asterisco
1207 2354 1243 2415 ad
1262 2373 1317 2416 nu·

176 2475 291 2518 merum
312 2456 411 2517 addito
432 2462 580 2516 notarem:
614 2454 722 2533 duplici
754 2455 857 2514 eodem
874 2455 963 2530 ‚signo
983 2472 1055 2514 usus
1075 2471 1158 2524 sum,
1180 2455 1234 2516 uhi
1257 2475 1317 2518 uon

177 2559 264 2620 modo
288 2557 377 2618 rerba
397 2555 525 2617 auctoris
548 2563 725 2618 commutata
744 2563 828 2617 erant
850 2557 899 2616 sed
924 2558 1009 2616 etiam
1033 2557 1161 2618 instituta
1183 2563 1316 2619 veterae

177 2661 349 2724 Christianis
387 2659 603 2720 breviatoribus
638 2678 705 2720 cum
738 2659 858 2720 noviciis
892 2657 1024 2720 moribus
1049 2660 1086 2720 ita
1116 2657 1251 2728 contusa,
1286 2667 1319 2721 ut

176 2764 356 2826 Suetoniana
378 2762 414 2824 ab
437 2762 620 2824 alieuis‘sine
643 2763 804 2822 sententiae
832 2761 1007 2822 detrimento
1032 2761 1145 2822 secerni
1169 2777 1228 2822 non
1250 2780 1317 2840 pos-

175 2874 249 2930 sent
300 2871 363 2925 trun
384 2865 510 2924 miserae
541 2862 735 2941 plurimarum
762 2862 951 2942 reliquiarum
980 2862 1145 2924 condicioni
1173 2865 1319 2942 superiori

175 2969 364 3030 adnotatione
389 2983 446 3046 pro
473 2964 549 3026 ririli
571 2971 656 3044 parte
682 2964 837 3027 consulere
862 2964 967 3024 studui.
1006 2981 1062 3042 qua
1092 2969 1210 3041 praeter
1232 2966 1319 3026 tontis

175 3071 302 3132 indicem
325 3068 470 3130 delectum
491 3085 688 3146 eorumquae
706 3068 741 3128 ad
759 3067 883 3128 eundem
902 3065 1071 3127 cruditionis
1090 3064 1187 3127 locum
1205 3075 1317 3144 specta·

174 3181 244 3234 rent
267 3191 302 3234 ex
325 3169 473 3232 veteribus
495 3169 689 3246 scriptoribus
717 3169 901 3248 corapositum
927 3171 1099 3248 perscripsi,
1129 3173 1161 3228 ut
1180 3175 1317 3246 excerpta

175 3273 255 3336 taciti
271 3275 389 3352 negotio
406 3271 531 3351 pleniori
552 3270 593 3332 illi
611 3272 770 3332 memoriae
786 3272 814 3331 in
836 3272 919 3332 cuius
941 3270 1156 3332 continuatione
1179 3268 1248 3330 olim
1265 3288 1318 3349 po·

175 3379 231 3437 sita
254 3382 353 3436 essent
373 3376 599 3435 restituerentur
617 3383 646 3433 et
666 3391 743 3450 quae
763 3379 840 3433 esset
856 3373 930 3432 tides
944 3371 1141 3431 breviaturum
1160 3377 1317 3431 constaret.

176 3482 206 3540 in
223 3496 280 3557 qua
302 3493 392 3555 opera
411 3475 570 3554 praecipue
592 3475 620 3535 id
645 3477 690 3553 egi
712 3483 744 3534 ut
766 3475 862 3554 qtroad
884 3475 947 3534 eius
969 3473 1032 3532 lieri
1053 3478 1152 3549 posset
1173 3478 1201 3532 et
1217 3479 1318 3532 aucto-

175 3597 228 3640 res
242 3575 411 3657 'Tranquilli
433 3583 462 3637 et
482 3578 603 3655 vestigia
626 3577 806 3636 arroteritatis
832 3577 922 3654 ipsius
941 3574 1096 3634 incertiora
1117 3591 1172 3652 per
1195 3575 1318 3651 scripto-

176 3700 227 3743 res
249 3681 421 3760 posterioris
442 3681 544 3740 aetatis
566 3679 697 3758 dispersa
721 3678 900 3754 indagarem.
937 3675 979 3735 sic
1000 3661 1049 3736 ¹eis
1079 3676 1127 3754 qui
1155 3675 1231 3736 libro
1252 3694 1318 3736 meo

177 3785 221 3846 uti
248 3782 437 3846 uolentcum
460 3775 589 3860 γένεσις
615 3786 647 3841 ut
674 3781 712 3839 ita
740 3779 834 3840 (licam
862 3785 925 3839 tum
953 3759 1104 3856 corruptio
1124 3778 1319 3838 Suetonianae

177 3885 341 3948 memoriae
363 3885 393 3944 in
413 3881 570 3961 propatulo
590 3883 654 3943 erit.

265 3985 373 4046 Verum
388 4002 443 4063 per
460 3985 604 4046 diutinum
623 3991 752 4062 tempus,
774 4001 833 4061 quo
848 3981 924 4043 liber
938 3981 1022 4064 prelo
1039 3979 1245 4059 premebatur,
1262 3978 1320 4039 lar-

176 4105 247 4166 gam
264 4087 530 4148 additamentorum
544 4087 706 4153 materiam,
728 4103 815 4164 quam
831 4083 907 4144 inira
929 4084 1059 4162 exposui,
1078 4082 1186 4147 sensim
1201 4099 1320 4143 succre-

179 4191 256 4252 visse
278 4188 388 4258 nemini
408 4189 497 4250 credo
521 4188 627 4249 mirum
648 4188 711 4247 erit.

1366 423 1376 448 b
