3064 5064
514 437 557 479 nn
581 435 669 478 suso
693 434 897 478 eousuoavu
973 413 981 426 '
1218 413 1277 478 155

135 581 169 650 fit
203 593 237 649 et
264 583 432 650 abstinere
459 584 607 652 homines
624 606 656 648 .a
677 583 790 649 litibus
817 589 955 670 oportet.
1006 596 1175 647 uuosasrl
1197 597 1279 648 mus

134 685 227 750 sestis
251 687 427 770 contrarii,
447 687 480 752 id
502 695 552 752 est
574 687 644 752 sine
666 686 835 772 religione.
883 700 984 750 susm
1003 684 1194 750 tantundem
1223 686 1280 750 otii

135 795 166 852 et
180 785 353 874 religionis
369 799 455 854 sunt.
488 806 570 854 Arar
588 805 668 854 uras
688 787 859 876 (postridie
874 786 1042 852 Kalendas
1055 787 1167 852 Nonas
1182 787 1278 870 Idus)

135 898 224 954 sunt:
263 892 374 976 quiet
401 907 590 957 couuvuss
615 900 783 956 uocantur.
823 905 1016 956 sluussass
1041 891 1074 954 in
1097 889 1216 974 quibus
1238 891 1280 954 si-

134 1131 175 1180 ius
199 1131 275 1182 tatur
299 1131 328 1183 id
351 1137 393 1184 est
416 1132 541 1186 dicitur.'
582 1135 703 1186 isidorus
726 1135 814 1202 origg.
839 1135 863 1185 V
885 1131 933 1197 ³0,
960 1132 1005 1182 122
1042 1133 1092 1182 ‘Ex
1114 1131 1158 1182 bis
1181 1131 1279 1196 (fertis)

134 1199 197 1250 festi
221 1199 283 1250 dies
306 1199 444 1252 bominum
469 1218 554 1252 causa
579 1203 697 1252 instituti
721 1209 796 1262 sunt,
826 1202 921 1252 feriati
945 1206 1036 1250 autem
1058 1200 1210 1250 diuinorum
1235 1217 1278 1250 sa·

135 1266 267 1318 ernmm’
297 1295 329 1304 -
356 1269 443 1319 Varro
469 1271 501 1320 L.
529 1271 561 1320 L.
589 1271 628 1321 VI
657 1270 704 1319 12:
747 1269 803 1320 ‘sd
830 1269 969 1322 naturalia
995 1268 1154 1318 discrimina
1181 1268 1279 1318 ciuilia

134 1335 272 1385 uocabula
297 1337 402 1386 dierum
429 1342 615 1388 accesserunt.
654 1338 745 1388 dicam
774 1338 850 1404 prius
880 1337 925 1402 qui
955 1337 1065 1388 deorum
1092 1351 1192 1398 eausa,
1223 1341 1278 1386 turn

135 1403 179 1468 qui
202 1403 341 1454 bominum
364 1405 420 1455 sint
442 1406 563 1456 instituti
587 1403 666 1456 dies'
702 1405 748 1454 27:
789 1405 844 1455 ‘De
871 1405 914 1454 bis
938 1405 1035 1455 diebus
1059 1405 1209 1454 nunciam
1234 1405 1279 1469 qui

134 1471 271 1521 bominum
291 1488 376 1522 causa
395 1474 538 1524 constituti
560 1473 721 1524 uideamus!
757 1471 791 1522 '29
808 1489 866 1538 sqq.
885 1489 940 1537 sq.:
978 1473 1054 1522 ‘Dies
1073 1472 1203 1537 postridie
1222 1472 1278 1522 Ka·

134 1538 230 1590 lendes
253 1541 348 1590 Nonas
371 1541 436 1590 Idus
459 1542 593 1607 appellati
617 1543 684 1603 atri,
717 1541 787 1606 quod
809 1557 859 1606 per
881 1556 927 1591 sos
952 1541 1012 1591 dies
1032 1541 1097 1592 noui
1121 1537 1202 1602 (immo
1227 1539 1277 1590 ‘ui-

134 1605 172 1656 bil
199 1606 276 1657 noui’
304 1625 318 1658 e
347 1613 413 1658 cont.
445 1609 566 1676 Taruebi)
599 1611 764 1674 inciperent.
808 1609 870 1659 dies
899 1609 966 1658 lasti
996 1625 1046 1674 per
1077 1623 1143 1672 quos
1170 1612 1277 1674 praeto-

134 1674 207 1724 ribus
230 1677 324 1725 omnis
347 1677 433 1726 uerba
456 1678 515 1726 siue
540 1677 650 1742 piaculo
668 1677 736 1726 licet
753 1677 815 1726 fari.
852 1675 1006 1726 comitiales
1024 1677 1104 1737 dieti,
1134 1677 1204 1741 quod
1223 1681 1278 1724 tum

134 1749 162 1790 nt
180 1743 270 1793 coiret
287 1743 403 1809 populus
422 1745 600 1796 constitutum
619 1749 661 1795 est
680 1745 715 1794 ad
733 1743 892 1810 suffragium
911 1743 1068 1806 ferendum3
1092 1745 1188 1794 nisisi
1207 1760 1277 1808 quae

134 1809 222 1861 feriae
242 1817 395 1876 conceptae
415 1819 516 1874 essent,
536 1817 645 1878 propter
664 1827 732 1877 quas
750 1828 805 1862 non
823 1811 931 1874 liceret,
950 1817 980 1861 ut
998 1811 1158 1876 compitalia
1177 1817 1205 1861 st
1223 1811 1277 1860 Lu-

133 1879 218 1927 tinae.
256 1881 389 1929 contrarii
407 1880 501 1930 borum
520 1884 654 1930 necantur
676 1880 735 1929 dies
753 1880 871 1939 nefasti,
896 1896 945 1946 per
963 1895 1029 1944 quos
1047 1879 1107 1930 dies
1124 1879 1204 1929 netas
1224 1879 1278 1929 sari

132 1951 304 2010 praetorem:
329 1948 372 1997 Do
384 1949 447 1998 dico
461 1949 573 2010 addie03
603 1949 698 2012 itaque
716 1962 771 1997 non
784 1953 874 2012 potest
893 1949 952 2013 agi:
972 1963 1085 1998 neeesse
1100 1949 1171 1997 enim
1185 1947 1277 2012 aliquo

133 2029 224 2063 corum
249 2016 290 2065 nti
310 2016 407 2076 uerbo,
433 2031 493 2066 cum
513 2016 574 2082 lege
594 2017 658 2080 quid
676 2017 828 2080 peragitur.
866 2013 936 2080 dbod
958 2016 982 2065 si
1001 2021 1056 2064 trrm
1075 2015 1231 2080 imprudens
1250 2015 1278 2064 id

132 2083 246 2130 uerbum
267 2083 360 2132 emisit
378 2099 411 2133 ae
431 2099 510 2148 quem
529 2084 701 2145 manumisit,
721 2083 769 2133 ille
788 2083 874 2134 nihilo
893 2085 981 2132 minus
995 2089 1038 2133 ast
1050 2083 1121 2134 liber
1134 2082 1181 2132 sed
1195 2083 1277 2143 uitio;

132 2153 161 2197 ut
178 2151 361 2214 magistratus
380 2152 449 2201 uitio
467 2159 577 2202 creatus
596 2151 682 2200 nihilo
700 2152 791 2200 secius
809 2151 998 2216 magistratus.
1033 2155 1144 2216 praetor
1163 2150 1278 2215 quitum

133 2217 206 2266 latus
220 2223 272 2278 est,
294 2219 318 2267 si
336 2219 493 2284 imprudens
507 2220 583 2280 feeit,
604 2217 739 2285 piaculari
758 2217 848 2268 hostia
867 2219 944 2268 laeta
963 2219 1097 2282 piabit-un
1117 2219 1141 2267 si
1159 2217 1278 2284 prudens

132 2284 216 2344 dixit,
243 2285 278 2346 Q.
303 2287 411 2336 Mucius
431 2287 592 2352 ambigebat
615 2303 674 2336 eum
695 2287 801 2351 expiari
820 2291 850 2336 ut
868 2287 980 2350 impium
998 2301 1051 2335 nou
1070 2301 1157 2350 posse.
1194 2287 1278 2334 inter·

132 2351 184 2401 cisi
204 2352 266 2402 dies
285 2361 348 2403 surrt
366 2370 415 2419 per
426 2371 491 2419 quos
509 2371 589 2404 nrane
609 2359 636 2404 et
655 2355 764 2419 uesperi
783 2354 930 2415 estnelas,
957 2353 1046 2402 medio
1065 2358 1186 2418 tempore
1206 2353 1278 2402 inter

132 2419 252 2470 bostiam
276 2435 387 2472 caesam
413 2427 440 2472 et
463 2427 526 2473 exta
545 2427 671 2487 porrecta
690 2422 747 2483 fus;
771 2439 787 2470 a
811 2437 863 2486 quo
888 2420 958 2486 quod
981 2421 1024 2470 tas
1045 2426 1101 2470 tum
1119 2420 1277 2480 intercedit,
1376 2419 1384 2426 '

132 2493 180 2538 ant
194 2504 227 2538 eo
240 2493 284 2538 est
297 2489 457 2540 intercisum
472 2491 562 2551 nefas,
575 2489 745 2540 intercisum.
769 2490 830 2540 dies
844 2491 889 2554 qui
902 2493 1015 2538 uocatur
1028 2489 1081 2538 sie:
1101 2487 1216 2549 Quando
1230 2503 1278 2536 rex

132 2557 292 2606 comitiauit
304 2557 362 2618 sas,
385 2559 409 2608 is
426 2558 515 2608 dictus
529 2559 564 2608 ab
579 2573 610 2608 eo
623 2558 693 2623 quod
707 2574 738 2607 eo
751 2557 795 2608 die
808 2573 856 2606 rex
874 2556 1054 2606 sacrificiolus
1071 2557 1124 2606 itat
1142 2555 1177 2606 ad
1195 2556 1277 2606 corui·
1292 2589 1299 2598 .

132 2623 216 2686 tium,
235 2623 271 2672 ad
290 2625 359 2689 quod
376 2630 482 2690 tempus
500 2632 542 2675 est
558 2625 651 2686 nefas,
672 2625 706 2676 ab
725 2640 757 2674 eo
775 2626 832 2684 fas3
857 2625 949 2688 itaque
970 2629 1031 2689 post
1048 2623 1075 2673 id
1093 2629 1200 2688 tempus
1215 2621 1277 2687 lege

133 2697 225 2740 actrrm
238 2707 333 2758 saepe.
353 2693 412 2744 dies
426 2695 472 2758 qui
484 2699 610 2744 uocatur:
625 2693 739 2754 Quando
752 2698 870 2742 aternum
883 2692 1002 2742 delatum
1017 2693 1073 2754 sas,
1089 2691 1123 2742 ab
1137 2707 1169 2741 eo
1182 2689 1277 2756 appel·

132 2759 207 2808 latus
226 2760 297 2824 qnod
322 2777 354 2811 cc
377 2762 421 2811 die
441 2778 474 2812 cx
493 2761 562 2812 aede
581 2762 683 2812 Vestae
702 2766 806 2810 stereus
826 2761 961 2810 euerritur
978 2765 1007 2810 et
1024 2776 1073 2824 per
1091 2759 1277 2824 Capitolinum

132 2827 234 2876 cliuom
254 2827 391 2878 inlocum
410 2829 531 2879 defertur
555 2834 667 2879 certum.
704 2827 765 2878 dies
782 2829 913 2878 Alliensis
932 2829 967 2877 ab
984 2826 1058 2877 Allia
1076 2829 1159 2878 fluuio
1178 2828 1277 2877 dietus.

132 2909 197 2943 nam
217 2895 257 2946 ibi
277 2898 402 2946 exercitu
423 2904 514 2948 nostro
539 2898 635 2962 fugato
659 2895 734 2945 Galli
756 2895 922 2946 obsederunt
945 2893 1077 2946 Romam'
1118 2895 1276 2946 Macrobius

131 2969 186 3012 sat.
212 2963 225 3012 l
250 2961 296 3026 le,
319 2965 334 3012 2
358 2980 428 3029 sqq.:
464 2965 566 3014 ‘Numa
590 2970 620 3014 ut
643 2963 671 3012 in
694 2979 802 3014 menses
826 2979 941 3025 anuum,
965 2965 1004 3012 ita
1027 2965 1056 3012 in
1079 2963 1138 3012 dies
1156 2977 1278 3012 mensem

131 3045 269 3095 quemque
292 3032 434 3082 distribuit
456 3033 568 3098 diesque
592 3047 686 3082 omnes
711 3036 758 3082 aut
780 3031 868 3081 festos
892 3036 940 3080 aut
962 3031 1099 3096 profestos
1123 3037 1170 3080 aut
1193 3031 1277 3080 inter·

132 3099 208 3146 risos
221 3101 343 3148 uocauit.
368 3101 433 3150 festi
445 3099 504 3150 deis
523 3101 610 3149 dicati
628 3105 703 3150 sunt:
723 3099 839 3164 profesti
856 3099 1012 3149 bominibus
1030 3099 1064 3148 ob
1084 3099 1278 3148 administran-

131 3165 197 3214 dam
215 3181 273 3216 rem
291 3169 431 3232 priuatam
448 3169 642 3233 publicamque
662 3168 802 3217 concessi:
822 3167 945 3216 intercisi
964 3167 1073 3216 deorum
1086 3167 1277 3230 hominumque

131 3249 292 3284 communes
315 3241 387 3286 sunt.
422 3235 509 3286 ¹lestis
535 3236 628 3294 insunt
650 3235 790 3284 sacrificia
814 3235 912 3299 epulae
936 3234 994 3284 ludi
1015 3235 1116 3284 feriae:
1149 3233 1278 3298 protestis

132 3301 202 3350 fasti
220 3303 376 3352 comitiales
396 3303 593 3368 conperendini
610 3303 678 3351 stati
697 3301 861 3367 praeliares:
882 3303 1006 3352 intercisi
1026 3303 1053 3351 in
1069 3318 1097 3352 sc
1111 3317 1166 3352 non
1178 3303 1207 3350 in
1221 3301 1278 3350 alia

131 3369 307 3420 diuiduntur:
334 3369 441 3420 illorum
466 3373 539 3421 euim
562 3370 666 3420 dierum
685 3369 848 3436 quibusdam
873 3369 1011 3419 horisius
1034 3375 1090 3432 est,
1115 3367 1278 3434 quibusdam

134 3437 177 3486 fas
198 3453 251 3487 nou
272 3443 314 3488 est
333 3439 376 3488 ius
394 3439 495 3488 dicere.
533 3454 596 3487 narn
615 3453 675 3488 eum
693 3437 785 3488 hostia
804 3437 938 3498 caeditur,
960 3438 1013 3487 lari
1033 3438 1112 3487 netas
1132 3442 1186 3486 est:
1206 3437 1278 3486 inter

133 3520 219 3554 caesa
249 3509 277 3554 et
306 3511 433 3572 porrecta
463 3507 517 3556 lari
545 3506 624 3556 licet:
662 3521 753 3555 rursus
781 3521 841 3554 curn
870 3505 995 3555 adoletur
1018 3521 1072 3554 ιιοιι
1098 3505 1173 3554 lieet.
1214 3519 1278 3568 ergo

133 3572 166 3622 de
190 3573 330 3624 diuisione
354 3575 484 3624 festorum
508 3580 536 3624 et
559 3574 741 3638 profestorum
764 3573 868 3622 dierum
895 3573 979 3628 latius
1006 3572 1194 3622 disserendum
1218 3569 1278 3621 est.’
1336 3601 1342 3612 ·

69 3663 81 3678 ι
135 3637 165 3690 13
184 3657 260 3705 sqq.:
292 3641 372 3691 ‘baec
396 3641 532 3692 delestis
556 3647 584 3692 et
606 3641 653 3706 qui
676 3641 739 3690 inde
759 3645 922 3702 naseuntur,
943 3642 988 3704 qui
1007 3641 1091 3690 etiarn
1110 3639 1214 3690 nefasti
1233 3655 1279 3688 uo·

133 3713 246 3756 cantur:
279 3724 351 3759 nunc
374 3709 407 3759 de
432 3709 563 3776 protestis
586 3715 614 3758 et
637 3709 683 3772 qui
707 3725 739 3758 ex
763 3709 806 3758 bis
830 3709 980 3774 procedunt
1004 3708 1158 3773 loquamur,
1185 3707 1213 3756 id
1237 3711 1279 3756 est

133 3775 216 3826 lastis
240 3777 429 3827 comitialibus
452 3777 663 3842 conperendinis
686 3777 767 3826 statis
785 3775 976 3840 praeliaribus.
1013 3776 1079 3826 fasti
1102 3781 1165 3826 sunt
1184 3775 1279 3838 quibus

133 3841 202 3892 licet
222 3845 277 3893 lari
300 3845 422 3910 praetori
446 3846 501 3895 tria
524 3843 610 3894 uerba
633 3844 780 3894 sollemnia
802 3844 835 3893 do
859 3843 921 3894 dico
944 3843 1056 3904 addico,
1080 3843 1123 3892 his
1147 3843 1280 3893 contrarii

132 3917 197 3960 sunt
217 3911 336 3960 nefasti:
357 3912 513 3963 comitiales
531 3917 594 3962 suut
613 3911 710 3976 quibus
730 3929 789 3961 cum
809 3911 908 3976 populo
923 3913 969 3976 agi
982 3912 1062 3972 lieet;
1082 3916 1109 3960 et
1128 3911 1278 3976 lastis-qui-

132 3977 195 4028 dem
220 3979 283 4044 lege
307 3981 354 4044 agi
377 3985 482 4045 potest,
508 3995 568 4029 eum
591 3978 691 4044 populo
714 3995 769 4029 non
792 3984 897 4044 potest,
927 3977 1113 4030 comitialibus
1136 3985 1279 4042 utrumque
1308 4011 1312 4022 ·

222 4209 233 4262 l
249 4199 411 4259 abstenere
427 4193 465 4258 B¹
481 4195 496 4278 ll
511 4200 639 4279 profesti
652 4195 690 4258 13²
706 4195 720 4281 Η
735 4199 800 4260 dies
816 4186 869 4258 am.
886 4202 974 4260 BGM
986 4194 999 4280 {l
1014 4198 1113 4260 tfesti
1125 4193 1164 4256 B¹
1181 4194 1196 4278 ll
1210 4219 1279 4258 con·

131 4285 227 4344 traria
243 4289 269 4343 A
283 4279 297 4366 ΙΙ
312 4283 469 4363 relegione
485 4282 549 4344 A¹G
565 4279 578 4367 ΙΙ
593 4285 757 4345 festinante
780 4284 899 4346 unde&
918 4281 957 4342 B¹
977 4285 1047 4343 sesti
1066 4281 1213 4343 tantunde
1228 4285 1281 4343 otii

132 4365 213 4428 &8²
229 4364 242 4450 ΙΙ
257 4369 445 4430 tantumdem
460 4373 484 4430 G
501 4365 513 4451 ll
528 4381 545 4434 3
558 4371 724 4446 relegionis
739 4367 803 4429 21¹6
818 4365 831 4451 ll
846 4369 992 4448 postridie
1003 4369 1163 4428 Kalendas
1176 4369 1281 4429 Nonas

131 4453 208 4513 ldus
226 4459 328 4514 addidi
339 4450 353 4537 Η
368 4463 385 4516 t
401 4456 565 4514 eommunis
583 4451 629 4513 Ml
646 4449 660 4536 ll
675 4453 814 4514 sidet-*s
832 4451 869 4514 B¹
885 4453 1072 4516 Sideralis'G
