3162 5058
281 403 343 470 302
487 419 607 463 esurus
630 419 807 464 cusrosvu
828 417 985 464 reuersus
1009 417 1214 464 censeamus

344 577 467 656 septem
490 576 606 655 quarta
627 567 726 655 pedes
748 567 870 632 retinet
891 589 1045 634 mensura
1066 568 1253 654 decemque.

343 669 404 734 hac
428 671 527 734 etiam
551 669 638 732 binis
661 669 779 733 umbra
799 669 948 754 fugiente
968 670 1082 734 recisis

342 779 392 836 ter
413 772 521 858 quiuis
540 772 686 858 quintam
709 771 848 857 pedibus
870 793 930 834 sua
949 770 1037 836 linea
1054 770 1176 836 tendit.

343 883 490 936 centrum
513 881 655 958 tuncque
679 872 809 936 breuem
834 873 897 936 iam
920 871 988 936 sole
1008 879 1142 954 regente
1165 871 1292 938 duobos
1437 897 1460 936 a

343 972 483 1038 abscisis
506 983 615 1038 ternos
637 973 738 1038 denos
761 975 825 1038 sibi
848 983 943 1038 sexta
962 981 1111 1038 retentet.

343 1073 483 1138 cedendi
505 1075 592 1140 hunc
614 1097 737 1140 morem
758 1076 884 1140 numeri
907 1074 1056 1140 seruabis
1079 1075 1211 1162 ubique.

343 1178 399 1261 qui
418 1175 584 1243 Februum
605 1189 758 1242 mensura
778 1185 868 1241 tenet
888 1179 1055 1263 sociatque
1077 1175 1296 1242 Nouembrem

342 1287 393 1341 ter
415 1277 508 1344 denis
531 1279 670 1366 pedibus
693 1291 862 1365 supremas
883 1278 1008 1363 colligit
1029 1277 1172 1344 umbras.

341 1401 481 1468 moxque
503 1403 620 1446 nouem
641 1389 791 1446 constant
809 1380 945 1467 pedibus
968 1380 1125 1466 denisque
1145 1390 1337 1466 sequentes:
1432 1409 1455 1448 a

342 1479 430 1546 linea
450 1492 518 1546 tum
543 1492 665 1568 septem
688 1491 786 1569 atque
809 1482 921 1546 decem
944 1481 1009 1546 sibi
1028 1483 1125 1546 tertia
1146 1481 1260 1546 tendit.

343 1592 460 1670 quarta
480 1585 581 1671 pedes
603 1585 725 1670 pariter
747 1593 798 1647 ter
815 1585 931 1670 quinos
954 1581 1080 1668 colligit
1102 1582 1227 1646 umbra.

342 1683 417 1748 lrinc
436 1685 575 1772 pedibus
596 1687 698 1750 ternis
721 1707 759 1748 ac
779 1684 870 1748 denis
893 1685 1007 1771 quinta
1028 1686 1167 1771 patescit

342 1787 617 1873 scandentemque
639 1797 743 1850 rotam
766 1787 906 1850 undenis
926 1801 1003 1850 mox
1024 1796 1119 1850 sextu
1141 1796 1279 1850 coercet.

341 1885 492 1951 cursibus
515 1886 691 1952 Octobrem
714 1888 846 1952 sibimet
865 1890 936 1976 quis
960 1887 1098 1952 Martius
1120 1897 1254 1976 aequat,
1430 1911 1453 1952 sc

341 1997 412 2052 octo
435 1987 536 2075 pedes
557 1989 664 2074 prima
686 1999 718 2053 ct
739 1988 791 2053 bis
813 1993 914 2054 denos
936 1989 1023 2054 linea
1045 1988 1127 2074 figit.

340 2089 441 2154 denos
465 2099 498 2155 et
519 2101 642 2177 septem
664 2089 805 2177 complet
829 2092 1008 2178 statuitque
1028 2091 1182 2155 secunda.

340 2193 436 2256 tertia
458 2193 632 2280 quindenis
654 2192 785 2258 Pboebo
804 2193 1002 2259 aseendente
1024 2201 1162 2256 tenetur.

340 2303 456 2380 quarta
477 2294 588 2360 decem
611 2294 775 2359 excedens
794 2295 933 2382 pedibus
956 2295 1042 2381 fugit
1064 2296 1176 2380 agnito
1197 2295 1310 2359 ternis.

340 2419 416 2460 mox
439 2398 538 2461 ctiam
561 2399 676 2484 quinta
700 2397 839 2461 undenis
863 2399 1003 2484 spatiata
1025 2395 1159 2461 recedit.
1428 2427 1451 2464 ss

340 2508 435 2563 sexta
456 2521 573 2564 nouom
592 2499 730 2586 pedibus
752 2497 867 2585 pandit
889 2521 948 2562 sua
971 2499 1103 2563 lumina.
1149 2499 1267 2564 deinde

340 2621 423 2686 quae
445 2600 506 2664 tibi
529 2599 721 2686 September
740 2601 907 2664 florentem
929 2602 1032 2664 nectit
1053 2599 1199 2687 Aprilem

339 2701 390 2766 bis
410 2701 503 2764 denis
521 2701 637 2766 umbra
655 2711 687 2766 et
709 2703 799 2766 senis
821 2701 915 2766 docet
937 2701 1042 2767 orbita
1064 2704 1200 2790 primam

338 2803 371 2865 in
393 2802 532 2887 pedibus
555 2801 615 2867 sub
637 2804 810 2890 quindenis
833 2804 981 2891 fugitque
1004 2805 1190 2896 secundam.

338 2905 439 2967 ternis
462 2923 501 2966 ac
523 2903 617 2968 denis
637 2927 766 2969 cursum
788 2927 916 2992 quoque
939 2908 1037 2970 tertia
1058 2908 1176 2971 frenat.

337 3003 477 3068 undenis
492 3027 649 3070 crescens
671 3006 811 3092 pedibus
832 3017 901 3072 turn
925 3021 1040 3095 quarta
1062 3009 1194 3072 recedit.

338 3107 451 3192 quinta
473 3129 589 3200 nouem
612 3107 751 3200 pedibus
774 3132 905 3174 cursum
926 3109 1113 3196 clauditque
1135 3117 1315 3196 patentem,

338 3209 546 3294 septenisque
568 3231 644 3274 snos
666 3214 830 3298 componit
852 3221 946 3276 sexta
967 3222 1102 3276 meatus.

337 3311 522 3395 Augustum
543 3320 576 3375 et
595 3311 719 3376 Maium
742 3315 849 3398 iungit
871 3335 953 3401 quae
974 3312 1062 3378 linea
1082 3315 1221 3402 primurn
1259 3301 1278 3330 ⁴

336 3411 504 3476 bisdenis
527 3411 661 3478 umbrae
681 3414 820 3500 pedibus
842 3424 929 3480 meat
951 3437 1054 3502 usque
1076 3415 1254 3502 quaternis,

337 3536 409 3578 cum
432 3512 524 3578 denis
544 3524 655 3580 ternos
678 3517 838 3582 exerescit
858 3539 999 3604 moxque
1022 3517 1175 3582 secunda.

335 3613 475 3678 undenis
499 3614 622 3680 clarum
645 3617 811 3682 concludit
831 3621 929 3682 tertia
950 3641 1091 3684 cursum.

336 3725 452 3802 quarta
473 3725 562 3802 patet
583 3718 722 3806 pedibus
744 3720 833 3786 coelo
854 3721 1018 3808 tepefacta
1039 3721 1186 3786 nouenis.

336 3827 458 3904 septem
483 3819 598 3904 quinta
621 3831 710 3885 tenet
730 3824 870 3911 propriis
893 3822 986 3887 finita
1008 3823 1069 3890 sub
1092 3821 1234 3905 umbris,

336 3929 494 4004 sextaque
517 3929 584 4018 tqm
608 3923 716 4008 quinis
741 3925 881 3989 feruenti
904 3933 1010 3988 cessat
1031 3926 1063 3988 in
1088 3924 1178 3988 orbe.
1424 3955 1449 3995 so

357 4091 545 4174 uotuncque]
563 4096 668 4175 sicque
681 4101 817 4158 Pithoeus
832 4105 860 4157 r'n
878 4119 933 4174 mq.
950 4095 964 4180 ΙΙ
978 4098 1247 4161 easaetenatone.
1264 4101 1293 4158 S.
1311 4103 1388 4160 Galli
1399 4099 1412 4180 ll

272 4191 305 4243 61
322 4179 489 4256 fingatcod.
506 4181 535 4238 S.
553 4183 629 4240 Galli
642 4178 655 4262 ΙΙ
671 4183 801 4243 undenis
816 4185 930 4242 clarum
947 4184 1103 4243 concludit
1119 4184 1210 4244 tertia
1224 4203 1342 4244 cursum
1362 4189 1415 4244 Oa·

270 4267 416 4322 mutunus
431 4267 458 4320 in
474 4267 541 4322 libri
553 4271 601 4324 eur·
619 4273 764 4343 murqr'rse:
783 4269 896 4328 undeni
912 4297 925 4328 ι
941 4269 1073 4328 solarum
1089 4267 1209 4328 condud
1219 4273 1332 4330 stertis
1347 4291 1413 4330 cur·

271 4369 335 4412 sum
348 4349 485 4490 ΡἏΙιῗνε
500 4345 515 4429 ΙΙ
529 4351 682 4412 concludit
695 4359 757 4412 cod.
771 4356 799 4412 S.
814 4358 890 4412 eam·
901 4353 914 4433 ll
930 4363 965 4418 79
976 4362 1093 4434 septc'm
1102 4357 1415 4416 Ousautoumilttdeme

271 4443 359 4515 septa
407 4438 423 4488 't
443 4449 513 4492 oeus
