3162 5058
272 376 334 440 296
777 392 907 434 rurrvu

270 554 470 602 Fuuuurrau
492 554 538 602 EX
560 555 667 603 ulnuo
691 554 842 604 svuuoul
864 555 1080 616 uuuuquuur
1107 555 1167 616 er
1191 553 1414 606 lNSCRlBl'l'VR

270 657 413 705 Paurvu

269 832 299 881 in
318 831 439 880 nubilum
463 836 659 894 commutatur,
682 831 755 882 sicut
779 835 807 881 ot
824 832 962 882 hominum
980 848 1040 881 cum
1059 833 1196 882 mentibus
1214 833 1322 884 uultua’
1359 837 1414 887 No·

270 900 331 948 nius
350 915 376 964 p.
395 895 446 947 426
463 914 519 962 sq.:
539 899 647 948 ‘Vultus
666 904 694 948 ot
712 898 801 950 iacies
819 899 871 949 hoo
883 900 1001 950 distant:
1021 900 1111 950 uultus
1125 905 1167 950 est
1186 899 1321 963 uoluntas,
1341 919 1413 968 quae

269 982 318 1032 pro
337 972 410 1016 motu
429 967 513 1016 animi
531 967 561 1016 in
579 967 652 1016 sauia
671 967 833 1030 ostenditur,
852 968 943 1018 faoioa
962 969 1023 1033 ipsa
1042 969 1097 1018 oria
1115 969 1233 1034 speclea.
1264 969 1414 1023 Sallustius

269 1034 298 1083 in
317 1033 453 1083 Catilina:
476 1035 591 1084 Prorsus
615 1035 643 1083 in
669 1035 743 1084 facie
767 1035 897 1100 uultuque
915 1037 1048 1086 uecordia
1067 1037 1164 1086 inerat.
1201 1035 1325 1088 Lucilius
1342 1042 1413 1090 sati·

269 1117 359 1160 rurum
378 1101 424 1152 lib.
437 1103 467 1152 I:
486 1102 584 1152 Vultus
595 1103 662 1152 item
674 1109 704 1152 ut
723 1103 811 1152 facies
829 1119 900 1152 mors
920 1103 989 1153 citer
1001 1105 1110 1154 morbus
1124 1119 1267 1154 uenenum.
1296 1107 1331 1156 Μ.
1345 1107 1413 1157 Tul·

269 1169 322 1220 liua
345 1170 379 1220 de
403 1169 504 1220 officiis
527 1169 575 1219 lib.
600 1171 625 1220 1:
651 1170 853 1234 Praeclaraque
880 1178 921 1221 est
946 1172 1131 1236 aequabilitas
1154 1172 1182 1221 iu
1206 1173 1279 1222 omni
1301 1176 1361 1224 uita
1386 1183 1414 1226 ot

269 1237 342 1288 idern
360 1247 468 1304 sempor
486 1237 577 1288 uultus
602 1238 752 1303 eademque
777 1238 871 1290 frona!
908 1240 1018 1290 Servius
1036 1240 1104 1290 Aen.
1129 1239 1223 1290 1683:
1248 1243 1290 1290 Tu
1309 1243 1413 1294 faeiem

268 1302 353 1370 illius]
379 1306 494 1355 ‘faciem
517 1322 565 1371 pro
592 1305 669 1355 uultu
697 1307 795 1372 posuit.
841 1307 930 1357 nullus
960 1309 1033 1358 enim
1058 1309 1159 1358 faciem
1184 1307 1296 1359 alterius
1319 1315 1414 1374 potest

270 1373 413 1438 accipere,
437 1373 485 1422 aad
509 1373 626 1433 uultum,
652 1375 697 1440 qui
721 1390 769 1438 pro
788 1375 888 1425 mentis
906 1375 1040 1426 facultate
1059 1375 1211 1426 formatur!
1230 1404 1263 1410 —
1297 1377 1413 1432 Flavius

269 1440 360 1506 Caper
378 1442 411 1492 de
430 1440 627 1507 orthographia
644 1459 670 1508 p.
690 1440 771 1492 2243:
791 1442 896 1494 ‘Vultus
915 1448 1043 1507 mutatur,
1062 1445 1151 1498 facies
1169 1443 1282 1498 manet)

271 1543 466 1552 -.---

356 1607 366 1656 1
379 1613 615 1662 raauovrumur
631 1597 662 1653 M
676 1589 690 1678 ll
704 1605 721 1656 2
736 1601 844 1658 uniri
859 1599 893 1655 M
1049 1673 1051 1678 Α
1406 1643 1423 1672 ,
