3190 5098
684 420 788 462 oarvr
810 421 833 461 ιι
1267 405 1329 464 447

188 571 395 646 cognoscimus
411 568 492 648 quod
508 571 711 649 proprietates
727 571 902 630 animalium
927 590 1091 652 ecruruqus
1108 591 1203 630 mores
1221 573 1330 653 quibus

187 669 227 728 ad
238 671 391 730 hominum
407 671 635 731 similitudinem
652 671 837 733 accederent
854 674 1089 732 narratiunculis
1102 673 1250 752 adpositis
1262 693 1329 753 por·

182 771 301 830 scribit.
328 772 525 850 paucchuius
544 773 613 832 libri
627 773 798 852 fragmenta
816 773 856 834 ad
877 781 1168 855 nos'per·veuerunt,
1188 777 1330 856 quoniam

187 872 305 932 Isidoro
318 874 347 932 in
360 874 437 934 libro
450 873 489 934 de
501 884 610 934 natura
622 895 722 936 rerum
734 897 843 934 nonum
859 885 975 936 tantum
988 889 1139 958 pratorum
1154 877 1261 937 librum
1275 898 1329 938 ex-

189 994 315 1055 serpere
327 975 452 1054 placuit.
478 975 621 1036 habuisse
634 997 702 1038 eum
715 987 815 1036 tamen
830 977 979 1038 decimum
991 989 1146 1059 pratorum
1159 978 1267 1038 librum
1283 980 1330 1040 lris

188 1078 336 1154 orIginum
349 1077 423 1136 locis
435 1078 566 1138 efficitur
577 1079 641 1137 XII
653 1088 685 1151 ⁶2,
701 1089 731 1140 12
742 1085 815 1138 siout
827 1089 960 1138 ussrrrrrrl
972 1085 1022 1154 qui
1031 1089 1153 1140 aalrrras
1164 1086 1329 1140 crrrimuliarm

187 1184 378 1253 scripserunt,
392 1180 503 1239 ibidem
512 1189 538 1252 6,
548 1191 582 1242 50
593 1185 628 1240 de
639 1184 742 1254 qrrilrtrs
753 1185 871 1240 lradrarl
883 1187 910 1239 ri
917 1187 968 1256 qui
977 1186 1011 1240 rie
1019 1187 1205 1241 uruimaulium
1218 1189 1331 1242 suturis

187 1286 377 1354 seripserunt.
408 1292 569 1360 praeterea
586 1281 624 1341 de
640 1283 812 1362 meropibns
835 1283 854 1342 l.
870 1303 896 1340 c.
913 1292 945 1356 i,
968 1295 1002 1346 34
1020 1283 1125 1344 eadem
1144 1277 1209 1344 iero
1226 1285 1329 1356 habat,

187 1401 267 1460 quaa
283 1382 385 1469 schol.⁸
399 1384 491 1444 Beru.
512 1383 531 1442 l.
549 1405 575 1442 e.
602 1383 719 1462 (fragm.
738 1384 799 1462 164)
818 1385 998 1444 Suetonium
1023 1385 1163 1446 docuisse
1183 1389 1328 1447 referunt.

188 1503 249 1563 qua
260 1504 294 1544 re
310 1505 369 1544 non
383 1465 520 1545 dubitavi
535 1488 686 1564 originum
702 1485 811 1546 librum
825 1485 1052 1560 duodecimum,
1072 1489 1123 1567 qui
1137 1487 1175 1546 dc
1192 1490 1330 1548 animali·

187 1585 245 1644 bus
265 1588 343 1665 agit,
372 1587 402 1646 in
428 1607 488 1666 quo
515 1597 674 1667 poetarum
701 1589 875 1647 testimonia
903 1588 1068 1648 lectissima
1094 1591 1329 1669 conspiciuntur,

188 1687 228 1746 ad
251 1687 497 1768 amplificandam
517 1699 639 1749 tenuem
669 1689 752 1748 illam
775 1690 948 1749 memoriam
971 1690 1131 1760 adlribere;
1165 1690 1219 1750 sed
1248 1691 1330 1770 quod

188 1789 218 1848 iu
243 1789 391 1866 oriquum
415 1790 499 1850 libris
526 1791 798 1851 diversissimorum
822 1801 976 1850 auctorum
998 1791 1330 1874 diversissimaruurque
1356 1818 1362 1827 ¹

188 1910 287 1950 rerum
301 1891 437 1952 confusio
452 1893 556 1953 turbas
568 1894 599 1952 iu
616 1893 693 1954 libro
706 1893 744 1952 de
760 1902 870 1952 natura
886 1914 986 1954 rerum
1002 1897 1125 1974 saepius
1142 1895 1262 1954 anobis
1278 1917 1331 1956 no·

188 2000 268 2052 tatas
285 1995 375 2052 etiam
391 2006 534 2072 superat,
552 2016 613 2055 non
627 1997 712 2076 potui
734 1996 807 2075 quin
824 1995 1008 2054 notabiliora
1024 2005 1145 2056 tanturn¹
1157 1997 1330 2074 saligorum,

189 2113 227 2153 ea
248 2105 349 2156 antem
371 2097 594 2177 omnia.quoad
617 2098 682 2157 eius
704 2097 770 2158 lieri
790 2106 893 2174 posset
912 2115 1082 2157 resecarem
1104 2119 1229 2178 quorum
1253 2101 1331 2160 alios

189 2205 329 2256 suctores
348 2197 558 2258 demonstrare
572 2201 689 2260 liceret.
1245 2203 1262 2212 ”

273 2299 446 2359 Admodum
473 2321 545 2360 vero
575 2301 739 2360 dolendum
765 2307 813 2360 est
831 2300 915 2360 nullo
938 2309 1021 2360 certo
1045 2299 1216 2360 testimonio
1245 2303 1331 2362 nobis

190 2411 329 2462 constare
351 2403 409 2462 etsi
430 2423 576 2462 summum
598 2402 822 2482 probabilitatis
844 2401 972 2479 gradum
994 2403 1115 2480 altingit
1137 2402 1217 2464 idem
1242 2425 1330 2482 argu·

189 2515 322 2564 mentum
338 2504 517 2566 Suetonium
538 2506 568 2564 in
590 2505 821 2586 insequentibus
842 2513 995 2582 pratorum
1018 2505 1103 2564 libris
1126 2507 1331 2582 continuasse,

188 2615 222 2665 ut
245 2606 406 2668 undecimo
428 2606 597 2686 plantarum
627 2605 806 2666 duodecimo
829 2606 963 2685 lapidum
984 2617 1108 2666 naturas
1134 2607 1329 2676 describeret.
1379 2593 1386 2608 ⁶

192 2729 318 2788 quorum
344 2709 473 2770 sortasse
500 2710 588 2789 plura
610 2708 747 2768 Isidorus
767 2709 798 2767 iu
821 2711 953 2788 origines
972 2707 1024 2768 ubi
1044 2707 1165 2770 cosdem
1183 2713 1332 2772 naturalis

191 2813 335 2872 historiae
350 2813 434 2872 Ioeos
452 2821 619 2892 pertractat
635 2812 835 2891 transcripsit.

273 2914 382 2973 Libros
398 2923 498 2974 autem
515 2914 553 2974 de
568 2915 686 2974 naturis
701 2933 799 2974 rerum
815 2914 952 2975 studiose
969 2914 1069 2974 modio
1086 2933 1164 2974 aevo
1180 2915 1332 2976 lectitatos

190 3037 258 3076 esse
272 3015 392 3077 Giraldi
408 3015 602 3077 cambrensis
621 3027 652 3077 et
669 3017 815 3078 Guilelmi
832 3017 981 3097 Capellae
998 3015 1037 3076 do
1054 3017 1181 3076 Aulelta
1196 3020 1331 3078 testimo-

190 3119 249 3178 niis
272 3128 398 3179 constst.
435 3129 465 3178 et
488 3121 610 3180 veroin
631 3119 733 3179 studia
750 3119 838 3178 huius
856 3121 967 3181 aetatis
984 3119 1145 3178 maximnm
1160 3120 1221 3182 uim
1244 3141 1332 3180 exer·

190 3223 290 3280 cuisae
305 3231 339 3280 ut
354 3221 533 3282 Suetonium
547 3221 647 3281 iubae
664 3221 785 3302 quidem
798 3241 831 3280 re
844 3224 912 3282 inre
929 3243 994 3282 oum
1007 3223 1108 3281 Plinio
1121 3234 1151 3280 ot
1166 3223 1332 3282 Aristotele

191 3323 358 3385 contendas
376 3326 468 3402 longa
484 3325 665 3383 imitatorum
684 3323 778 3382 series
799 3323 984 3384 demonstrat
1004 3323 1056 3402 qui
1071 3323 1177 3382 eadem
1199 3327 1263 3384 scre
1285 3343 1332 3382 ar-

190 3435 334 3504 gumenta
355 3417 576 3506 pertractantes
598 3425 683 3485 libris
703 3426 765 3484 suis
789 3424 919 3485 eundem
940 3427 1060 3485 titulum
1082 3425 1120 3484 de
1150 3427 1266 3484 naturis
1282 3427 1333 3486 vel

190 3527 427 3609 proprietatibus
446 3549 546 3588 rerum
563 3529 791 3608 inscripserunt.
821 3547 949 3608 quorum
965 3527 1100 3586 tabulam
1123 3529 1228 3604 exegit
1248 3529 1334 3586 Pitra

191 3631 415 3711 prolegomenis
430 3631 468 3689 ad
485 3631 637 3709 spicilegii
653 3629 855 3690 Solesmensis
871 3640 940 3691 lom.
956 3629 1005 3689 III
1022 3649 1051 3708 p.
1070 3629 1225 3702 XXVIII,
1243 3649 1332 3710 quam

191 3734 242 3792 lric
259 3753 276 3792 a
291 3753 339 3794 me
359 3731 591 3810 emendatamt)
605 3733 763 3813 proposui:

197 3865 407 3880 Ἥ

259 3933 284 4000 *)
298 3937 413 3988 Praeter
426 3936 484 3988 clia
497 3951 557 3988 euru
568 3953 646 4003 quern
658 3937 744 4002 primo
755 3935 815 3987 loco
825 3937 917 4002 posuit
931 3934 973 3985 Fl.
984 3934 1107 3988 Mallium
1118 3935 1289 3986 Theodorum
1299 3934 1332 3986 de

193 4028 292 4072 natum
310 4037 399 4073 rerum
419 4023 505 4072 omisi.
537 4023 570 4072 de
589 4023 666 4072 cuius
685 4023 754 4072 libro
767 4020 918 4072 Salmasius
936 4023 1025 4087 praei.
1044 4023 1079 4072 cd
1091 4021 1245 4087 ampelium
1263 4022 1333 4072 lraoc

193 4107 273 4157 dicit:
310 4124 359 4158 nau
378 4109 491 4158 dissimili
511 4110 586 4172 paula
604 4111 654 4158 elsi
670 4109 784 4158 dissirrrlli
801 4113 947 4172 urpumealo
964 4110 1076 4172 scriptus
1098 4107 1226 4156 Theodori
1243 4107 1336 4156 rliurrlir'

192 4192 257 4242 liber
275 4195 306 4242 rla
325 4199 419 4242 rralrrra
437 4208 520 4241 rerum
537 4194 668 4257 caruitque
687 4193 843 4242 naturalitus
861 4194 893 4242 da
911 4194 990 4240 astris
1008 4197 1032 4240 et
1056 4195 1112 4242 aliis
1135 4191 1268 4252 stercorarii,
1293 4193 1336 4257 prii

193 4279 276 4328 adbuc
293 4280 319 4328 iu
336 4277 491 4328 bibliothecis
509 4283 583 4325 exirit
601 4293 674 4326 aranu
692 4284 816 4328 eucratas
835 4285 859 4328 al
874 4279 993 4342 pedestri
1008 4291 1122 4326 amnone
1135 4279 1289 4340 conportari.
1312 4279 1334 4327 is

193 4370 231 4411 cst
253 4363 406 4412 ,aurodona
425 4361 549 4416 ritualium,
573 4363 642 4410 arrius
665 4366 816 4432 consulatum
839 4364 975 4414 celebrauit
997 4365 1107 4412 carmine
1132 4363 1284 4413 Claudianus
1307 4369 1334 4411 ut

192 4454 217 4495 el
235 4463 299 4511 oprrs
312 4449 399 4504 ipsum.
431 4446 467 4497 cf.
487 4444 655 4495 Claudianus
674 4447 706 4497 de
727 4463 800 4498 cons.
816 4448 856 4498 pl,
870 4448 947 4498 Malli
959 4447 1096 4498 Tlroorlori
1113 4463 1214 4513 paneg.
1228 4447 1259 4494 lii
1273 4463 1333 4512 sqq.
