3064 5064
292 340 296 362 t

266 383 329 460 96,
645 405 686 450 aa
708 403 794 450 vrsts
816 404 1029 452 mausuaravs

266 559 503 644 immanemque
535 563 648 620 natum
675 564 708 620 et
734 558 837 621 sensit
864 558 928 621 cito
957 567 991 622 et
1016 557 1178 623 indicauit
1201 559 1285 623 inter
1309 557 1404 624 fami·

266 657 362 722 liarcs
390 657 504 724 solitus
534 657 658 739 dicere,
687 679 752 724 non
777 658 852 722 lieri
875 680 973 724 saeuo
1000 658 1049 724 illi
1066 658 1151 724 leoni
1177 662 1253 747 quin
1272 670 1404 746 gustato

266 757 365 825 semel
388 759 529 826 hominis
549 780 663 824 eruore
686 761 834 846 ingenite
854 761 967 826 redeat
988 763 1136 826 saeuitia.

180 893 254 968 88*
350 897 464 961 Iunius
480 895 588 962 Gallie
604 895 704 960 frater
719 895 862 960 Senecae
884 899 1036 984 egregins
1059 897 1255 964 declamator
1272 900 1404 987 propria

265 1021 300 1063 sc
321 1019 420 1064 manu
441 997 594 1064 interficit
616 1003 648 1076 (t
665 1023 691 1061 α.
715 1005 794 1078 817).
1379 993 1388 1020 ’
1415 1023 1427 1060 ⁵
1462 1042 1468 1054 .

265 1275 361 1310 necem
385 1257 529 1324 compulit,
554 1258 680 1322 quamuis
703 1272 786 1321 saepe
805 1264 985 1307 commeatum
1008 1259 1114 1324 patenti
1140 1259 1273 1324 bonisque
1292 1258 1403 1309 cedenti

264 1333 410 1393 pomeriata
423 1327 554 1386 iurasset,
575 1329 731 1390 suspectum
744 1340 774 1374 se
787 1325 888 1375 frrmtra
900 1327 1103 1392 periturumque
1118 1329 1210 1392 petius
1228 1341 1308 1392 quam
1326 1328 1403 1377 noci-

264 1403 353 1446 turum
372 1393 417 1446 ai.’
449 1395 483 1444 cf.
503 1393 619 1444 Tacitus
638 1409 700 1442 ann.
720 1393 802 1444 ΧΠΙΙ
820 1393 916 1460 52sqq.
935 1393 969 1442 56
986 1395 1035 1444 XV
1053 1395 1094 1444 le.
1113 1395 1154 1445 56.
1173 1395 1269 1459 llsssqq.
1289 1395 1403 1446 Cassius

264 1465 318 1514 Dio
331 1463 379 1528 62,
393 1463 490 1528 tlsqq.
504 1489 535 1496 -
549 1461 696 1510 Suetonius
709 1460 799 1526 Calig.
812 1460 859 1510 53:
875 1461 971 1512 ‘lenius
981 1464 1151 1529 comtiusque
1164 1463 1303 1514 scribendi
1316 1479 1403 1528 genna

265 1532 335 1582 adeo
354 1536 531 1581 contemnens
548 1534 579 1577 ut
596 1527 731 1578 Senecam
749 1534 805 1577 tum
825 1531 942 1580 maxima
955 1531 1110 1596 placentem
1124 1531 1328 1582 commissiones
1346 1547 1402 1580 me-

265 1617 310 1650 ras
345 1597 506 1664 componere
538 1603 566 1646 ct
593 1596 725 1648 harenam
755 1611 816 1646 esse
844 1598 904 1648 sine
934 1597 1013 1649 calce
1036 1597 1165 1650 dieerct’
1210 1601 1273 1650 Ner.
1297 1599 1343 1648 5⁶2:
1376 1601 1424 1656 ‘n,

265 1669 424 1733 cognitione
447 1673 570 1716 ueterum
593 1669 731 1717 craterum
753 1665 860 1714 Seneca
882 1673 1047 1732 praeceptor
1069 1665 1198 1731 (everto),
1223 1684 1275 1733 qno
1299 1668 1402 1716 <liutius

264 1738 293 1785 in
307 1735 488 1785 admiratione
502 1733 543 1784 sui
556 1730 713 1782 detineret!
738 1733 926 1794 Quintilianus
939 1735 963 1784 X
978 1734 1005 1798 l,
1027 1735 1087 1784 125:
1107 1735 1150 1786 ‘en
1169 1737 1304 1786 industria
1317 1735 1400 1785 Sene·

266 1819 328 1854 cam
336 1805 365 1853 in
379 1805 451 1854 omni
464 1817 565 1868 genere
580 1801 753 1866 eloquentiae
766 1801 860 1850 distuli
873 1807 984 1867 propter
996 1803 1138 1868 uulgatum
1151 1804 1223 1855 falso
1235 1805 1268 1854 de
1281 1820 1324 1854 me
1343 1805 1400 1869 opi·

265 1873 387 1933 nionem,
419 1885 473 1934 qua
495 1869 624 1918 <damnare
649 1885 710 1918 eum
735 1872 763 1917 et
789 1869 909 1920 inuisum
932 1883 1038 1936 quoque
1061 1871 1164 1924 habere
1188 1888 1246 1922 sum
1270 1871 1400 1922 creditus.

264 1941 336 2006 qued
359 1937 462 1988 accidit
485 1937 564 1999 milri,
594 1935 656 1986 dum
680 1941 835 2002 corruptum
858 1943 887 1988 et
910 1940 1035 1989 omuibus
1053 1941 1131 1990 uitiis
1154 1940 1272 1990 fractum
1290 1939 1401 1989 dicendi

264 2023 351 2072 genus
369 2019 500 2057 reuocare
515 2003 549 2054 ad
567 2005 708 2054 seueriora
721 2005 824 2054 indicia
837 2007 987 2070 contendo,
1006 2015 1062 2058 turn
1082 2013 1174 2058 autem
1186 2008 1260 2058 selus
1278 2007 1323 2056 hic
1342 2009 1401 2058 sere

256 2077 292 2125 ·in
315 2076 443 2124 manibus
468 2071 684 2124 adelescentiam
708 2073 769 2123 luit.
811 2089 891 2138 quem
914 2091 968 2125 non
997 2076 1123 2140 equidem
1145 2077 1254 2126 omnine
1279 2075 1402 2125 conabar

265 2149 408 2206 excutere,
427 2141 476 2194 scd
493 2141 646 2208 potioribus
664 2139 799 2205 praeferri
812 2157 867 2192 non
885 2143 1023 2206 sinebam,
1044 2159 1110 2208 ques
1128 2143 1176 2194 illc
1188 2159 1242 2194 non
1254 2145 1402 2194 destiterat

264 2213 418 2272 incessere,
438 2227 497 2260 cum
516 2209 618 2259 diuersi
631 2209 685 2258 sibi
698 2209 825 2259 conscius
838 2212 948 2274 generis
960 2211 1071 2277 placere
1091 2229 1120 2262 se
1139 2213 1168 2262 in
1180 2211 1296 2262 dicende
1308 2227 1400 2278 posse,

264 2281 362 2345 quibus
381 2277 422 2329 illi
440 2279 564 2344 placent,
584 2275 732 2327 diffideret.
769 2277 900 2328 amabant
923 2285 1015 2328 antem
1039 2291 1105 2332 curn
1123 2281 1211 2345 magis
1234 2295 1316 2346 quam
1339 2281 1402 2328 imi·

264 2349 394 2398 tabantur
412 2353 571 2412 tantumque
591 2345 624 2395 ab
645 2361 677 2396 eo
696 2345 866 2406 defluebant,
886 2353 1016 2411 quantum
1036 2348 1083 2398 ille
1102 2349 1137 2398 ab
1155 2349 1275 2413 antiquis
1287 2348 1401 2398 deseen-

264 2417 342 2467 derat
355 2449 721 2466 ..................
740 2415 875 2464 tractauit
894 2416 978 2465 etiarn
991 2431 1097 2466 omnem
1110 2417 1168 2466 fere
1181 2416 1331 2466 studiorum
1344 2432 1402 2465 ma-

263 2486 370 2534 teriam.
406 2499 470 2533 nam
489 2489 517 2533 et
534 2483 674 2533 orationes
693 2481 752 2530 eius
771 2487 799 2531 et
816 2490 945 2548 poemata
969 2490 997 2533 et
1020 2484 1155 2549 epistolae
1180 2489 1209 2534 et
1231 2483 1335 2550 dialogi
1360 2485 1402 2533 fe-

263 2558 366 2602 runtur.
385 2553 414 2602 in
431 2549 605 2617 philosophia
622 2565 717 2614 parum
736 2549 868 2614 diligens,
889 2553 1017 2616 egregius
1035 2557 1128 2602 tamen
1140 2552 1269 2602 uitiorum
1281 2553 1402 2602 insecta·

262 2626 306 2670 tor
318 2617 380 2670 suie'
395 2637 418 2670 e.
433 2635 457 2684 q.
472 2635 492 2668 s.
507 2619 544 2667 ct.
558 2617 674 2667 Tacitus
687 2632 749 2666 ann.
764 2619 832 2672 >uu
846 2619 872 2668 3:
889 2619 1061 2684 ‘quamquam
1074 2620 1163 2670 oratio
1177 2635 1193 2670 a
1206 2619 1314 2670 Seneca
1327 2635 1401 2670 com-

262 2690 353 2753 posita
371 2688 483 2737 mrrltum
503 2685 592 2735 cultus
610 2683 783 2750 praeferret)
810 2686 877 2736 xm
896 2687 940 2736 ta:
961 2687 1160 2738 ‘necenillius
1178 2693 1276 2753 questu
1289 2693 1337 2736 ant
1355 2704 1400 2738 ex-

262 2757 438 2822 probratione
457 2753 632 2815 abstinebat,
651 2758 761 2818 praeter
774 2755 906 2804 ferociam
925 2756 1010 2806 animi
1029 2763 1151 2806 extrema
1164 2761 1307 2806 senectute
1320 2755 1400 2818 liber,

263 2830 292 2874 ct
315 2825 450 2873 Senecam
473 2823 620 2886 increpans
643 2821 780 2870 insensum
804 2823 902 2872 amicis
927 2823 1049 2886 Claudii,
1081 2825 1131 2874 sub
1150 2839 1203 2889 quo
1221 2824 1400 2874 iustissimum

263 2891 375 2942 exilium
393 2889 560 2956 pertulisset.
587 2888 668 2940 simul
685 2889 784 2938 studiis
797 2891 931 2942 inertibus
945 2899 972 2940 et
990 2892 1118 2942 iuuenum
1131 2893 1279 2958 inperitiae
1293 2898 1401 2942 suetum

261 2959 348 3010 liuere
367 2959 401 3008 iis
420 2959 466 3023 qui
485 2957 606 3006 uiuidum
625 2963 653 3006 et
666 2959 852 3023 incorruptam
871 2958 1057 3023 eloquentiam
1073 2959 1183 3010 tuendis
1196 2960 1304 3010 ciuibus
1323 2976 1400 3010 excr-

262 3033 366 3077 nerent.
401 3041 431 3076 ae
450 3031 622 3090 quaestorem
642 3025 811 3086 Germanici,
835 3025 916 3076 illurn
934 3027 1029 3078 domus
1047 3029 1106 3078 eius
1126 3027 1279 3078 adulterum
1303 3027 1399 3078 luisse.

262 3111 298 3144 an
316 3095 429 3160 grauius
448 3093 658 3144 existimandum
676 3099 773 3158 sponte
790 3092 947 3158 ¹litigatoris
964 3096 1116 3161 praemium
1139 3095 1273 3146 honestae
1297 3111 1400 3161 operae

262 3163 390 3226 adsequi,
410 3175 491 3226 quam
509 3177 680 3226 corrumpere
700 3160 829 3210 cubicula
842 3163 995 3229 principum
1013 3165 1194 3214 feminarum?
1218 3179 1272 3228 qna
1289 3165 1399 3229 sapian-

261 3232 316 3294 tia,
335 3229 432 3296 quibus
452 3227 672 3296 philosophorum
688 3231 846 3294 praeceptis
871 3230 944 3280 intra
963 3232 1172 3296 quadriennium
1189 3233 1284 3297 regiae
1304 3233 1400 3281 antici·

261 3299 319 3349 tiae
343 3304 386 3347 ter
408 3296 527 3348 milliens
551 3293 708 3346 sestertium
732 3297 906 3361 parauisset?
945 3299 1049 3350 Romae
1078 3305 1245 3350 testamenta
1268 3306 1297 3350 et
1319 3300 1401 3350 orbes

261 3367 339 3416 uelut
356 3365 487 3432 indagine
506 3365 565 3420 eius
585 3365 662 3430 capi,
681 3364 794 3414 ltaliam
813 3371 840 3414 et
853 3367 1011 3430 prouincias
1024 3368 1148 3418 inmenso
1161 3368 1255 3418 fenore
1274 3365 1399 3417 hauriri.¹

262 3435 406 3486 Severiana
425 3434 510 3484 atium
535 3433 752 3497 antiquariorum
771 3433 875 3484 indicia
894 3440 990 3484 extant
1009 3435 1081 3502 apud
1100 3435 1266 3486 Frontonem
1285 3435 1318 3486 da
1338 3452 1399 3486 ora·

262 3503 382 3553 tionibus
402 3501 436 3552 ad
454 3503 491 3552 M.
511 3501 658 3550 Caesarem
676 3517 703 3566 p.
722 3499 772 3551 239
791 3505 819 3551 ct
838 3501 956 3553 Gellium
974 3503 1028 3554 XII
1045 3505 1070 3552 2.

345 3599 400 3654 aa*
417 3603 600 3666 Hieronymus
623 3601 667 3652 01.
689 3603 751 3662 210,
775 3603 799 3651 4.
837 3601 950 3654 Cassius
974 3605 1027 3654 Dio
1051 3603 1097 3666 62,
1122 3605 1168 3654 25:
1199 3601 1248 3656 aci
1270 3599 1300 3655 ol
1316 3595 1399 3656 daet-

262 3668 313 3737 φοὶ
331 3661 449 3735 ὕστερον
467 3661 657 3721 leuantem.
684 3671 800 3720 Tacitus
819 3685 883 3721 ann.
902 3671 1015 3722 1111731
1041 3673 1158 3723 ‘Iunium
1176 3671 1332 3724 Gallionem
1352 3677 1399 3723 Se·

261 3755 348 3790 rrecac
367 3741 448 3789 fatris
466 3743 552 3788 morte
564 3739 693 3804 pauidum
712 3744 806 3804 etpro
818 3753 868 3789 stra
886 3739 1077 3791 incolumitate
1091 3739 1244 3807 supplicent
1261 3742 1400 3807 increpuit

261 3809 389 3858 Salienus
408 3804 535 3856 Clemens
558 3807 663 3858 bostem
678 3813 707 3856 et
723 3808 888 3872 parricidam
907 3807 1030 3858 11001013.ι
1077 3809 1205 3874 sequenti
1223 3810 1309 3873 igitur
1327 3825 1399 3859 anno

262 3875 471 3924 adscribendum
494 3881 562 3926 erat.
607 3875 735 3924 Ceterum
759 3875 842 3924 etiam
867 3877 959 3926 (1111110
981 3875 1053 3926 lilius
1078 3878 1206 3942 egregius
1229 3877 1401 3928 declamator

261 3944 346 3993 fuisse
369 3943 493 4004 videtur,
516 3947 546 3992 nt
564 3959 617 3993 non
639 3943 677 3992 sit
694 3959 743 3992 cur
760 3959 821 3992 cum
837 3943 995 3994 Hermanno
1014 3950 1043 3993 et
1060 3945 1227 3994 Mommsene
1246 3945 1279 3994 de
1304 3947 1398 3996 0011111-

261 4011 338 4062 sione
357 4009 514 4061 Gallienum
532 4012 620 4076 patris
639 4011 735 4061 attilii
753 4011 869 4076 cogites.
906 4013 942 4061 cf.
962 4013 1151 4074 Quintilianus
1169 4014 1211 4063 111
1231 4011 1258 4074 l,
1277 4012 1318 4062 21.

346 4281 359 4330 l
373 4267 519 4327 indicauit
532 4270 644 4340 Lipsius
654 4271 694 4325 011
704 4270 840 4326 Senecam
851 4288 882 4342 p.
897 4272 1018 4328 XXVI:
1029 4271 1180 4346 ruitigauit
1195 4272 1275 4328 Valle
1289 4269 1398 4348 indigi-

261 4353 338 4410 tauit
356 4355 623 4426 Srdrrrlzflcisrlrius
637 4347 651 4434 ΙΙ
665 4363 682 4412 ’l
694 4355 757 4412 fieri
773 4359 890 4428 scripsi:
906 4357 969 4414 l'ore
986 4357 1066 4414 Valle
1082 4356 1176 4414 fidere
1191 4375 1224 4414 se
1244 4357 1368 4414 arellius
1385 4353 1398 4436 ll

261 4439 444 4500 3seaeuitia
463 4441 558 4508 Vella,
573 4443 694 4496 correxi
