3190 5098
705 397 810 442 carun
830 399 842 440 r
1282 387 1344 451 tot

201 555 298 606 turam
314 547 427 625 optime
446 545 617 618 describas,
639 549 666 608 si
687 549 857 611 simillimas
872 571 939 612 esse
956 551 1032 612 dicis
1047 555 1252 636 interpolatae
1267 559 1343 620 Ver·

200 649 337 726 giliauae
355 649 449 709 vitae.
651 661 659 666 “

286 751 416 830 Seposui
437 752 468 810 in
482 751 564 810 huuc
589 750 688 812 locum
710 754 894 830 particulam
912 756 997 816 vitae
1021 757 1098 816 Bavi
1121 757 1243 838 (fragm.
1258 761 1342 841 Ψ),

202 871 281 934 quae
300 851 606 934 apudPhilargyrum
622 863 744 914 servata
758 864 814 918 ast.
844 855 914 916 huic
930 859 1009 916 enim
1022 863 1220 936 grammatico
1234 861 1344 944 librum

202 953 240 1014 de
260 955 333 1015 viris
353 955 531 1018 inlustribus
552 955 631 1014 bene
657 965 761 1018 uotum
790 959 884 1018 fuisse
906 957 1066 1020 declarant
1089 983 1225 1044 eaquae
1247 965 1343 1028 schol.

201 1055 259 1116 eol.
281 1055 375 1118 Vllll
396 1063 431 1120 35
455 1055 493 1116 de
518 1060 653 1135 Zmyrna
679 1056 797 1118 Cinnae
821 1061 962 1139 exposita
981 1071 1068 1122 sunt:
1088 1067 1145 1138 snit
1164 1073 1254 1124 antem
1275 1069 1344 1126 iiber

199 1161 334 1219 obscurus
351 1161 435 1228 odeo,
455 1167 487 1218 nt
503 1163 664 1218 etnonnulli
678 1165 739 1218 eins
753 1167 851 1221 uelatis
864 1168 1041 1238 prammotici
1059 1169 1087 1224 in
1105 1185 1166 1225 erem
1181 1172 1345 1242 scripserim

200 1277 382 1335 mopnornpue
401 1277 441 1320 eor
459 1265 518 1320 eius
534 1265 712 1321 enarratione
728 1267 784 1322 sint
803 1269 920 1338 plurium
936 1270 1084 1326 consecuti.
1116 1267 1155 1326 of.
1178 1268 1343 1330 Suetonius

199 1358 240 1420 de
262 1380 387 1438 gramm.
409 1371 440 1422 et
460 1362 538 1423 rhet.
563 1370 610 1425 18:
632 1367 719 1422 donec
738 1371 933 1426 comnrmtorio
951 1369 1092 1442 Zmyrnae
1117 1373 1187 1428 edito
1208 1373 1278 1430 odeo
1300 1375 1341 1430 in·

199 1465 301 1520 claruit
324 1482 353 1524 e.
368 1483 395 1543 q.
418 1483 442 1522 s.
477 1483 602 1542 prorsus
624 1463 735 1526 deiude
764 1469 909 1527 convenit
933 1470 1008 1528 mori
1031 1467 1239 1545 Suetonium,
1260 1472 1342 1551 quod

108 1551 132 1560 '¹
199 1563 239 1624 ad
260 1565 483 1628 inlustrandam
498 1567 685 1626 Bavivitam
702 1568 817 1628 Domiti
835 1569 929 1628 Marsi
951 1571 1154 1632 testimonium
1169 1573 1342 1664 adhibetur.
1430 1611 1432 1616 -

286 1665 424 1728 Transeo
446 1666 484 1727 ad
507 1677 656 1728 oratorum
680 1668 803 1744 librum,
825 1672 910 1732 cuias
931 1672 1093 1752 imaginem
1118 1683 1154 1734 ut
1173 1675 1273 1734 auimo
1297 1677 1340 1734 iu·
1450 1737 1454 1748 ,

197 1768 361 1830 formemus
387 1769 468 1830 solus
490 1771 556 1830 fere
575 1770 663 1832 nobis
686 1770 748 1832 dux
770 1773 979 1854 Hieronymus
1002 1783 1057 1835 est.
1090 1778 1175 1836 cuius
1192 1775 1341 1836 beneficio

197 1871 397 1950 praefationis
408 1891 529 1952 quoque
541 1873 707 1950 particulas
717 1893 901 1953 recuperare
914 1877 996 1936 licet.
1006 1897 1074 1936 nam
1087 1897 1166 1957 quae
1178 1877 1260 1958 apud
1274 1898 1342 1938 eum

125 1955 126 1960 ἵ
198 1971 238 2032 de
256 1971 347 2032 claris
365 1973 439 2033 artis
457 1975 629 2034 rhetoricae
643 1973 771 2035 Graecis
784 1978 836 2058 qui
848 1978 963 2038 Romae
979 1977 1149 2039 docueruut
1161 1991 1340 2060 praecepto-

196 2075 281 2136 ribus
294 2073 414 2154 (fragm.
428 2075 496 2154 48²³)
510 2075 668 2154 leguntur,
681 2097 719 2136 ea
729 2077 907 2138 Suetonium
918 2079 948 2138 iu
959 2079 1153 2158 praefatione
1165 2082 1255 2141 huius
1271 2102 1339 2161 par·

196 2177 245 2250 tis,
261 2196 322 2256 qua
332 2177 420 2238 initia
432 2187 463 2238 et
474 2197 654 2256 progressus
667 2179 872 2238 Romanorum
888 2181 1084 2260 eloquentiae
1096 2184 1265 2258 enarravit,
1280 2191 1340 2242 ret·

117 2330 121 2338 .
196 2279 302 2340 tulisse
318 2281 384 2339 veri
397 2287 444 2340 eet
457 2280 653 2340 simillimum.
687 2300 816 2360 quocum
831 2291 902 2362 apte
915 2282 1097 2354 contendas,
1114 2282 1196 2363 qnod
1211 2285 1339 2362 Apollo·

197 2379 263 2442 dori
272 2378 386 2441 Graeci
397 2381 526 2442 oratoris
538 2384 711 2442 memoriam
720 2383 842 2462 (fragm.
854 2382 923 2462 56²⁸)
936 2385 967 2442 in
980 2385 1043 2442 vita
1055 2383 1198 2462 discipuli
1209 2387 1274 2446 eius
1282 2385 1340 2446 Ca·

196 2482 252 2542 lidi
268 2485 396 2544 oratoris
413 2483 613 2564 Tranquillus
632 2486 749 2564 posuit,
772 2505 852 2565 quae
870 2485 962 2546 valde
978 2470 1145 2564 probabilis
1161 2488 1340 2547 Mommseni

196 2585 216 2644 l.
228 2605 254 2644 c.
264 2606 295 2664 p.
308 2593 360 2651 676
376 2587 552 2646 coniectura
566 2598 622 2647 est.
636 2585 717 2668 quod
727 2607 801 2648 vero
816 2587 912 2660 idem,
927 2597 961 2647 ut
969 2589 1030 2648 illis
1041 2589 1160 2665 graecis
1169 2589 1340 2648 rhetoribus

196 2705 286 2748 suum
307 2689 338 2746 in
352 2687 430 2747 libro
446 2689 576 2749 Suetoni
597 2690 695 2749 locum
712 2689 902 2768 adsignaret,
925 2709 977 2748 eos
999 2701 1249 2750 commemoratos
1273 2711 1340 2751 esse

197 2790 370 2868 suspicatus
390 2799 438 2850 est
460 2792 491 2850 in
515 2790 724 2852 additamento
745 2791 784 2851 ad
804 2799 923 2870 partem
946 2791 985 2852 de
999 2791 1186 2867 rhetoribus,
1210 2813 1270 2850 uon
1291 2815 1338 2853 re·
1368 2811 1373 2822 ·

197 2893 319 2971 putavit
344 2893 559 2970 sagacissimus
580 2894 634 2954 ille
650 2895 715 2966 vir,
740 2895 834 2954 talem
855 2893 1056 2974 appendicem
1077 2894 1209 2954 alienam
1232 2915 1299 2955 esso
1321 2915 1340 2954 a

198 2993 325 3054 consilio
346 2994 438 3054 totius
462 2993 548 3068 libri,
570 2995 601 3056 in
630 3015 690 3075 quo
713 2995 901 3056 Graecarum
925 2997 1095 3056 litterarum
1116 2997 1174 3056 viri
1194 2997 1339 3057 inlustres

196 3115 257 3154 nou
272 3097 332 3156 nisi
351 3097 383 3156 in
395 3104 571 3158 transcursu
593 3117 695 3178 neque
716 3098 805 3158 aliter
827 3117 917 3178 quam
943 3108 978 3158 ut
998 3114 1100 3158 eorum
1116 3101 1261 3158 memoria
1276 3101 1338 3160 Ro-

196 3215 306 3257 manae
337 3198 458 3258 litterae
486 3199 721 3260 inlustrarentur
754 3211 880 3278 possent
905 3200 1065 3260 nominari.
1121 3198 1221 3258 eidem
1247 3201 1339 3276 igitur

196 3299 395 3376 praelationis
416 3300 485 3360 loco
500 3302 583 3360 lsaei
605 3302 734 3360 rhetoris
751 3303 995 3362 commemoratio
1016 3299 1145 3380 (fragm.
1162 3301 1231 3378 49),
1254 3301 1338 3359 cuius

196 3399 409 3480 Tranquillum
425 3403 599 3462 meminisse
616 3403 734 3462 Probus
749 3403 915 3472 scholiasta
930 3381 1259 3479 Iuvenalis'perhibem
1275 3422 1338 3460 res·

195 3501 334 3562 tituende
357 3503 486 3564 videtur.
532 3505 608 3563 vixit
627 3504 682 3564 ille
701 3506 782 3563 circa
802 3505 972 3564 Domitiani
992 3511 1145 3582 tempora,
1163 3503 1244 3582 quod
1267 3503 1338 3563 ideo

194 3625 316 3676 moneo,
344 3625 384 3664 ue
410 3607 478 3686 quis
504 3625 570 3664 curu
593 3607 742 3686 scriptore
763 3606 887 3677 scholii,
916 3607 968 3686 qui
988 3609 1161 3665 Atheniensis
1182 3605 1281 3676 addit,
1307 3613 1338 3662 et

196 3705 320 3766 Osanno
344 3707 374 3765 in
394 3707 492 3785 praef.
516 3707 554 3767 ad
576 3707 628 3766 lib.
651 3707 689 3766 de
708 3727 830 3784 gramm.
848 3715 879 3766 et
897 3707 974 3766 rhet.
999 3728 1028 3786 p.
1050 3707 1117 3766 llll
1138 3707 1241 3766 adnot.
1258 3707 1338 3766 hune

194 3808 346 3868 rhetorem
362 3819 393 3868 et
409 3811 619 3886 cognominem
638 3809 855 3870 Atheniensem
870 3816 1020 3869 oratorem
1037 3805 1211 3868 confundat.

279 3909 471 3997 ‘Graecorum
491 3919 592 3972 autem
612 3913 767 3972 rhetorum
787 3911 889 3972 studia
910 3912 1045 3972 breviter
1064 3919 1181 3970 tantum
1204 3911 1235 3968 in
1249 3929 1337 3987 prae·

195 4012 311 4071 satione
331 4015 495 4092 perstringi
510 4022 666 4092 poterant,
689 4015 719 4072 in
738 4035 797 4094 qua
817 4015 982 4093 praecipue
998 4031 1167 4072 sermonem
1187 4011 1283 4070 luisse
1299 4009 1338 4070 de

194 4115 366 4194 primordiis
381 4115 585 4176 Romanorum
603 4117 799 4196 eloquentiae
814 4135 852 4176 ex
870 4113 1111 4194 praefationibus
1126 4132 1205 4194 quae
1228 4111 1268 4172 ad
1282 4133 1338 4172 uos

194 4225 404 4296 pervenerunt
423 4227 506 4276 certo
530 4218 702 4296 conligitur.
739 4237 818 4298 quae
840 4217 966 4278 historia
987 4215 1026 4276 ad
1052 4235 1120 4274 earu
1140 4235 1238 4296 usque
1252 4223 1338 4274 aeta·

195 4327 256 4378 tem
270 4317 510 4397 perducebatur,
528 4337 545 4378 e
558 4337 617 4397 qua
629 4318 798 4378 inlustrium
810 4319 943 4380 virorum
952 4319 1045 4378 vitam
1058 4317 1246 4396 perscribere
1260 4317 1336 4378 Sue·

193 4421 296 4482 tonius
308 4421 418 4500 coepit,
434 4419 543 4501 quodsi
557 4418 638 4498 apud
650 4421 868 4501 Hieronymum
880 4420 994 4482 nullius
1006 4429 1078 4480 aute
1090 4413 1268 4480 Ciceronem
1283 4438 1337 4478 uo·
