3078 5072
248 357 288 420 24
458 369 461 374 ’
621 379 664 419 na
687 377 773 419 vmrs
798 348 1009 419 suaseramus

793 528 842 588 III

184 609 234 682 7*
333 644 489 691 esavsvs
510 649 551 690 ex
573 626 709 691 Vmbria
730 595 879 710 Sarsinas
902 627 1023 692 Rornae
1046 628 1207 706 inseritur
1230 634 1270 704 (o.
1294 636 1382 707 tuat:

248 730 302 818 qui
326 739 457 817 propter
471 750 619 794 annonae
635 729 862 803 difficultatem
880 730 927 794 ad
945 731 1047 800 molas
1069 732 1253 794 manuarias
1270 730 1385 818 pistori

248 855 282 897 se
307 831 487 910 locaverat,
516 830 563 897 ibi
585 833 734 920 quotiens
756 830 798 901 ab
821 853 918 917 opere
937 841 1070 898 uacaret
1092 831 1234 898 scribere
1255 827 1385 896 fabulas

236 935 364 1000 ‚solitus
385 956 425 999 ac
443 933 596 1000 uendere.

779 1057 846 1117 ΠΠ

183 1136 261 1245 8²¹²·
333 1171 485 1232 ovmuvs
512 1171 638 1220 uuulvs
665 1163 761 1243 poeta
782 1153 942 1233 †Tarenti
970 1155 1115 1220 nascitur
1138 1161 1177 1230 (a.
1203 1163 1287 1236 515):
1330 1155 1408 1241 quia

248 1281 268 1320 a
297 1259 421 1323 Catone
449 1267 620 1345 quaestore
655 1237 790 1324 Rolnam
817 1255 994 1322 translatus
1021 1257 1182 1324 habitauit
1210 1259 1242 1322 in
1277 1266 1386 1322 monto

248 1361 432 1442 Auentino,
450 1381 547 1448 parco
563 1359 735 1424 admodum
753 1368 881 1446 sumptu
896 1367 1065 1424 contentus
1085 1360 1227 1424 etunius
1248 1357 1386 1422 ancillae

249 1463 440 1528 ministerio.
1280 1471 1285 1482 '

250 1671 397 1731 dictorum,
413 1671 509 1735 quibus
523 1669 621 1720 multos
635 1676 698 1720 ante
711 1669 841 1731 laeserat,
856 1669 1002 1720 diluisset.'
1021 1668 1276 1720 Pseudo-Asconius
1289 1669 1318 1718 in
1331 1673 1386 1718 act.

250 1741 264 1788 1
285 1739 362 1788 Verr.
382 1737 415 1787 ⁸29
437 1755 463 1803 p¹
486 1735 545 1798 140,
567 1737 610 1786 1οι
637 1737 752 1788 ‘dictum
773 1738 864 1787 facete
884 1745 912 1788 et
931 1739 1127 1789 contumeliose
1146 1739 1174 1787 in
1191 1737 1319 1786 Metellos
1338 1752 1386 1786 an-

250 1807 272 1864 ti
293 1822 355 1856 uum
377 1807 478 1856 Naeuii
503 1810 555 1855 cst:
592 1807 662 1856 Fato
681 1805 785 1855 Metelli
805 1807 906 1856 Ronrae
926 1808 993 1856 liriut
1012 1806 1146 1856 eonsules.
1183 1806 1226 1855 cui
1247 1809 1311 1855 tunc
1328 1807 1386 1854 Mc-

250 1822 333 1924 tellus
351 1874 447 1924 consul
466 1872 501 1936 (a.
521 1873 584 1934 548)
603 1875 690 1924 iratus
715 1889 795 1923 uersu
818 1875 996 1939 responderat
1019 1875 1128 1925 senario
1151 1872 1386 1938 hypercataleeto,

252 1943 298 2008 qui
317 1947 344 1992 ot
363 1943 500 1992 saturnius
519 1943 632 1993 dieitur:
652 1943 765 1992 Dabunt
782 1943 881 1991 malum
895 1943 1000 1992 Metelli
1018 1943 1124 1992 Naeuio
1142 1939 1260 2007 poetae)
1281 1940 1387 1991 Gellius

251 2011 264 2060 1
282 2011 331 2073 24,
352 2009 426 2075 laq:
452 2010 554 2060 ‘Trium
568 2015 709 2076 poctarum
727 2009 872 2059 illustrium
887 2011 1100 2076 epigrammata,
1119 2009 1168 2060 Cn.
1182 2009 1283 2059 Naeuii
1294 2008 1387 2060 Plauti

251 2080 287 2128 Μ.
308 2079 437 2138 Pacuuii,
458 2093 527 2142 quas
546 2079 598 2145 ipsi
619 2079 744 2128 iecerunt
762 2082 790 2126 et
816 2079 964 2129 incidenda
986 2080 1113 2145 sepulcro
1136 2095 1185 2128 suo
1208 2077 1385 2142 reliquerunt,

252 2146 407 2196 nobilitatis
427 2161 518 2196 eorum
537 2148 627 2212 gratia
642 2153 669 2196 et
686 2148 839 2196 uenustatis
852 2147 998 2198 scribenda
1012 2149 1038 2196 in
1052 2147 1094 2198 his
1109 2146 1312 2198 commentariis
1326 2160 1386 2195 esse

252 2215 324 2263 duxi.
355 2215 523 2280 epigramma
537 2216 625 2265 Naeui
643 2214 751 2280 plenum
764 2205 910 2279 superbiae
924 2215 1097 2280 Campanae,
1119 2215 1189 2280 quod
1201 2213 1388 2264 testimonium

253 2298 313 2332 esse
332 2283 432 2332 iustum
450 2291 556 2348 posset,
576 2284 629 2332 nisi
648 2284 682 2331 ab
701 2283 761 2348 ipso
778 2282 879 2333 dictum
899 2287 983 2333 essct:

453 2351 617 2402 Inmortales
635 2350 763 2401 mortales
781 2351 804 2400 si
824 2352 895 2400 foret
914 2353 957 2401 sas
975 2353 1055 2413 llere,

453 2421 550 2471 flerent
568 2421 648 2470 ‹liuae
669 2419 805 2470 Camenae
824 2419 958 2488 Naeuium
977 2425 1095 2486 poetam.

454 2489 547 2554 itaque
566 2493 708 2554 postquam
727 2488 844 2538 esteroi
864 2489 980 2538 traditus
999 2485 1142 2550 thesauro,

453 2557 532 2607 obliti
550 2561 614 2606 sunt
632 2557 732 2604 Romae
749 2554 855 2620 loquier
873 2555 968 2621 lingua
985 2554 1112 2606 Latina.'

337 2621 373 2675 1*
385 2625 567 2688 Hieronymus
575 2624 618 2674 01.
634 2623 689 2683 lto,
705 2621 726 2671 1.
741 2621 838 2673 Cicero
851 2625 927 2674 Brut.
942 2623 981 2686 15,
995 2623 1041 2674 so:
1057 2625 1128 2673 ‘nam
1142 2622 1255 2674 l‘lautus
1269 2623 1298 2672 Ρ.
1307 2621 1388 2672 Clau·
1448 2645 1453 2654 ·

252 2691 297 2740 dio
311 2693 341 2741 Ι».
357 2693 455 2741 Porcio
472 2693 573 2755 uiginti
591 2692 670 2741 annis
682 2697 744 2754 post
755 2690 818 2740 illos
831 2707 898 2756 quos
917 2697 981 2742 ante
995 2693 1050 2741 dixi
1065 2707 1133 2741 coss.
1148 2695 1268 2740 mortuus
1282 2695 1325 2738 est
1336 2689 1389 2739 Ca-

253 2765 316 2808 tone
336 2759 472 2810 rcnsore.’
493 2761 529 2810 cf.
543 2759 686 2824 Ritschelii
700 2761 821 2824 Parergra
839 2776 865 2824 p.
884 2759 926 2808 47.
947 2760 1052 2810 Gellius
1070 2761 1148 2808 XVII
1166 2757 1211 2819 st,
1230 2758 1276 2807 47:
1296 2757 1388 2822 ‘atque

252 2842 306 2876 non
330 2828 441 2877 nimium
469 2829 549 2892 louge
574 2827 642 2892 (post
664 2833 783 2890 saraptam
807 2827 893 2877 bellam
916 2830 1036 2878 oderes-sus
1059 2829 1160 2878 Poenos
1182 2825 1327 2889 serrandum)
1351 2827 1388 2875 111.

253 2893 322 2944 Cato
347 2901 437 2945 orator
461 2897 488 2945 in
513 2896 627 2945 ciuitate
651 2901 678 2943 ot
702 2894 817 2944 Plautus
840 2901 922 2960 poeta
949 2897 977 2944 in
996 2911 1080 2946 scena
1104 2893 1274 2944 floruerunt'
1317 2894 1388 2943 nude

253 2969 369 3028 apparet
388 2969 435 3012 aut
454 2963 540 3028 ipsum
560 2964 752 3026 Hieronymum
772 2968 819 3012 aut
843 2963 982 3013 librarium
1008 2965 1126 3028 aliquem
1145 2979 1192 3028 pro
1217 2962 1322 3012 ‘clarus
1341 2961 1388 3010 ha-

252 3031 346 3080 betur’
364 3031 492 3082 ‘moritur'
506 3032 657 3096 scripsisse.
671 3030 801 3080 Hertzius
815 3031 954 3095 ‘moratur’
968 3033 1101 3089 coniecit,
1117 3031 1186 3096 quod
1201 3031 1234 3080 ab
1247 3045 1297 3079 usu
1311 3029 1387 3080 chro-

253 3098 454 3166 nographorum
468 3099 587 3150 alienum
601 3105 649 3146 est.
662 3125 695 3133 —
708 3099 895 3160 Quintilianus
908 3101 932 3148 X
948 3099 973 3160 l,
993 3100 1039 3150 stt:
1066 3101 1105 3150 ‘in
1117 3099 1258 3150 comoedia
1271 3099 1387 3151 maxime

254 3167 456 3230 claudicamus,
475 3167 543 3218 lieet
561 3169 644 3218 Varro
656 3167 763 3226 Musas,
783 3167 856 3216 Aelii
870 3168 982 3217 Stilonis
999 3169 1151 3230 sententia,
1170 3167 1300 3218 Plautino
1313 3166 1389 3216 dicat

254 3251 377 3285 sermone
395 3235 535 3286 locuturas
554 3235 650 3294 irrisae,
674 3236 698 3284 si
718 3236 817 3284 Latine
844 3237 919 3300 loqui
937 3235 1051 3286 uellem*
1072 3253 1095 3286 e.
1116 3252 1141 3300 q.
1161 3251 1182 3284 s.
1223 3233 1328 3284 Gellius
1347 3234 1388 3282 111

254 3303 283 3366 3,
304 3302 348 3352 14:
387 3303 442 3354 ‘sed
467 3305 539 3353 enirn
562 3303 732 3353 Saturionem
752 3315 780 3351 et
798 3304 941 3354 addictum
961 3310 988 3354 et
1007 3306 1116 3354 tertiam
1142 3303 1290 3370 quandam,
1311 3303 1389 3352 cuius

254 3387 327 3422 nunc
354 3372 420 3421 mihi
442 3379 540 3422 nomen
560 3387 613 3420 non
637 3371 773 3436 subpetit,
803 3373 831 3422 in
854 3373 971 3437 pistrino
994 3389 1055 3423 eum
1079 3373 1222 3438 scripsisse
1250 3371 1335 3420 Varro
1361 3374 1390 3420 et

254 3440 377 3506 plerique
397 3439 446 3489 alii
466 3440 608 3490 memoriae
627 3440 811 3494 tradiderunt.
832 3457 891 3490 cum
910 3443 1028 3506 pecarnis
1046 3442 1134 3502 omni,
1154 3455 1234 3506 quam
1252 3440 1281 3488 in
1299 3439 1389 3504 operis
1457 3456 1462 3465 “

255 3507 390 3558 artificum
414 3510 582 3560 scenicorum
610 3513 769 3574 pepererat.
801 3510 828 3557 in
851 3510 1019 3559 mercatibus
1042 3509 1150 3574 perdita
1178 3509 1255 3572 inops
1278 3507 1390 3556 Romam

255 3576 372 3626 redisset
397 3581 424 3625 et
446 3578 480 3626 ob
500 3576 681 3643 quaerendum
703 3577 807 3624 uictum
827 3577 861 3626 ad
880 3577 1107 3643 circumagendas
1126 3577 1225 3638 molas,
1247 3591 1316 3640 quac
1335 3581 1390 3623 tru-

255 3643 353 3694 satiles
367 3641 551 3710 appellantur,
567 3661 678 3710 operam
690 3645 788 3709 pistori
802 3643 941 3694 locasset.'
962 3645 1067 3695 Gellius
1081 3647 1093 3693 1
1105 3645 1147 3704 tl,
1161 3643 1190 3693 3:
1212 3643 1391 3708 ‘epigramma

254 3711 362 3772 Plauti,
384 3713 454 3778 quod
472 3713 672 3764 dubitassemus
692 3728 727 3761 an
746 3712 838 3762 Plauti
857 3714 941 3777 soret,
962 3714 1017 3763 nisi
1039 3730 1056 3763 a
1073 3715 1111 3762 M.
1130 3713 1253 3762 Varrone
1272 3711 1391 3777 positum

256 3785 330 3830 esset
348 3781 376 3830 iu
396 3782 464 3832 libro
483 3781 514 3830 de
535 3783 624 3847 poetis
643 3782 741 3846 primo:

390 3849 535 3916 Postquam
555 3855 597 3900 est
615 3855 728 3900 mortem
748 3853 828 3914 aptus
847 3849 976 3910 Plautus,
996 3849 1137 3900 comoedia
1156 3848 1246 3914 luget,

332 3949 335 3957 ι
390 3933 492 3968 scaena
511 3920 553 3967 est
570 3917 680 3968 ‹leserta
700 3933 732 3967 ao
751 3917 814 3966 dein
833 3917 915 3966 Risus
932 3919 1025 3968 Ludus
1044 3918 1177 3981 lucrisque

392 3989 420 4035 ct
437 3987 547 4038 Numeri
564 3985 699 4036 innumeri
717 3985 796 4035 simul
816 4001 908 4035 omnes
928 3983 1179 4036 contaminarunt!

339 4048 377 4103 8*
395 4055 575 4118 Hieronymus
588 4053 631 4103 Ol.
647 4054 703 4116 135,
718 4053 741 4102 2.
768 4050 803 4105 t·
821 4053 1003 4118 Hieronymus
1017 4053 1060 4103 Ol.
1081 4051 1142 4114 153,
1167 4051 1188 4102 1.
1203 4051 1301 4102 Cicero
1314 4052 1389 4100 Brut.
1479 4087 1482 4092 .

345 4251 353 4302 1
369 4239 500 4324 moritur]
514 4244 614 4302 clarus
626 4243 754 4302 habetur
765 4245 939 4301 Ritsclrclr'us
950 4250 1083 4300 moratur
1094 4243 1232 4300 Hertzr'us
1247 4233 1261 4321 11
1275 4239 1390 4318 tpisto-

257 4347 319 4386 rem
328 4329 404 4388 Scat.
420 4325 432 4406 Η
447 4331 694 4390 311acassetScul.
711 4323 724 4410 ll
739 4325 871 4386 scribare
882 4327 1001 4386 fabulas
1012 4327 1117 4385 solitus
1125 4345 1163 4408 pc
1170 4323 1305 4384 uendere
1313 4322 1390 4400 (uin-

257 4411 329 4472 dere
343 4411 419 4488 B)B
434 4415 508 4472 Scol.
526 4413 658 4472 scribere
672 4413 789 4472 fabulas
806 4433 842 4471 ac
858 4411 991 4473 uendere
1010 4411 1114 4470 solitus
1129 4414 1155 4468 Ι)
1169 4405 1181 4491 ll
1196 4421 1212 4473 5
1230 4409 1269 4487 Q.
1285 4411 1387 4484 (Scal.)
