3064 5064
265 406 324 472 tau
514 409 518 418 '
635 421 677 465 na
699 420 786 468 virts
809 417 1024 466 rubvsrarsvs

141 579 239 654 1¹02*
341 573 442 660 Apud
458 572 602 638 Graecos
623 570 854 636 bibliothecam
874 570 998 658 primus
1011 567 1192 632 instituisse
1208 564 1402 630 Pisistratus

263 676 406 740 creditur
419 673 670 738 Atheniensium
680 681 850 758 tyrannus,
866 690 964 756 quam
977 667 1130 755 deinceps
1143 669 1185 734 ab
1196 668 1404 732 Atheniensi-

165 787 169 794 '
265 779 325 842 bus
337 784 466 840 auctam
479 775 609 840 Xerxes
621 773 764 838 incensis
777 772 916 836 Athenis
929 770 1040 835 auexit
1051 770 1084 832 in
1098 768 1226 851 Persas,
1241 768 1403 854 longoque

262 885 337 964 post
349 886 492 963 tempore
506 874 659 939 Seleucus
672 873 814 938 Nicanor
824 893 937 936 rursus
953 871 985 934 iu
999 871 1171 935 Graeciam
1184 869 1305 935 retulit.
1329 871 1405 934 hinc

263 978 406 1042 studium
421 975 553 1061 regibus
565 975 765 1061 urbibusque
777 975 895 1038 ceteris
905 981 1017 1038 natum
1030 981 1079 1036 est
1092 971 1303 1059 comparandi
1313 969 1426 1038 uolo-s

262 1080 361 1142 mina.
381 1076 503 1142 debinc
519 1097 658 1162 magnus
668 1076 862 1150 Alexander
873 1076 926 1138 uel
940 1095 1143 1138 successores
1158 1075 1226 1138 eius
1241 1074 1404 1136 instruen-

186 1209 190 1216 ’
263 1179 314 1244 dis
325 1177 468 1244 omnium
483 1177 640 1242 librorum
651 1177 858 1242 bibliothecis
873 1177 1017 1240 anhnum
1029 1175 1249 1255 intenderunt,
1262 1175 1404 1238 maxime

264 1280 469 1346 Ptolemaeus
492 1289 705 1363 cognomento
723 1274 974 1364 Philadelphus3
1002 1298 1076 1340 nam
1093 1277 1300 1364 septuaginta
1315 1273 1406 1338 milia

263 1380 421 1446 librorum
444 1379 540 1444 huius
562 1379 762 1466 temporibus
782 1376 1006 1442 Alexandriae
1023 1379 1158 1441 inuenta
1177 1387 1262 1442 sunt.

348 1481 485 1546 Romam
506 1482 629 1566 primus
652 1480 808 1544 librorum
830 1481 957 1564 copiam
986 1479 1122 1543 aduexit
1143 1478 1301 1543 Aemilius
1322 1483 1443 1541 Pau-1⁰

265 1583 315 1647 lus
336 1581 436 1646 Perse
454 1581 670 1646 Macedonum
692 1579 769 1666 rege
792 1580 937 1660 deuicto,
960 1579 1079 1644 deinde
1101 1579 1259 1644 Lucullus
1281 1603 1299 1646 e
1321 1578 1406 1644 Pon·

264 1685 331 1748 tica
357 1682 490 1771 praeda.
514 1692 589 1770 post
611 1683 669 1747 hos
690 1682 812 1746 Caesar
834 1681 925 1745 dedit
944 1681 1056 1746 Marco
1075 1680 1217 1745 Varroni
1239 1681 1406 1765 negotium

266 1806 363 1870 quam
383 1785 545 1847 maximae
564 1782 781 1849 bibliothecae
801 1782 1050 1847 construendae.
1065 1783 1205 1869 primum
1220 1791 1327 1845 autem
1342 1779 1406 1844 Ro—

265 1908 337 1949 mae
356 1884 572 1949 bibliothecas
586 1883 768 1970 publicauit
782 1883 886 1950 Pollio
911 1885 1025 1963 'sbinc
1043 1905 1179 1970 graecas
1194 1881 1290 1946 simul
1308 1893 1407 1970 atque

266 1986 386 2050 latinas
411 1985 532 2050 additis
555 1994 722 2049 auctorum
744 1986 942 2070 imaginibus
970 1987 1003 2048 in
1025 1986 1129 2063 atrio,
1162 1984 1248 2072 quod
1276 1984 1316 2048 de
1338 2001 1445 2048 nra-¹⁵

266 2087 375 2152 nuhiis
396 2087 757 2172 magnificentissimum
779 2088 990 2150 instruxerat.

158 2185 256 2259 103*
349 2188 504 2252 Ceratum
540 2185 683 2251 studium
717 2189 815 2275 primi
846 2189 966 2252 Graeci
998 2185 1174 2250 tradidisse
1211 2185 1406 2273 produntur.

266 2291 386 2356 Graeci
413 2297 521 2354 autem
549 2297 582 2352 et
609 2287 708 2352 Tusci
736 2290 876 2376 primum
904 2288 989 2352 ferro
1021 2289 1055 2351 in
1083 2289 1166 2352 ceris
1195 2289 1408 2374 scripserunt,

353 2457 423 2514 lbi*
436 2461 557 2511 Isidorus
570 2461 657 2526 origg.
677 2461 714 2509 Vl
732 2459 761 2510 3:
782 2459 833 2509 ‘De
852 2459 1038 2510 bibliothecis.
1070 2459 1247 2510 Bibliotheca
1266 2475 1282 2508 a
1297 2459 1408 2512 Graeco

266 2545 364 2580 nornen
394 2530 505 2594 accepit
530 2529 564 2577 ab
589 2544 620 2577 eo
649 2527 720 2592 quod
743 2528 784 2582 ibi
812 2528 997 2576 recondantur
1024 2527 1097 2577 libri.
1138 2542 1201 2577 nam
1230 2525 1347 2592 βιβλίων
1372 2526 1409 2576 Ιί-

266 2598 374 2648 brorum
397 2589 477 2662 θήκη
500 2596 631 2660 repositio
654 2597 860 2660 interpretatur.
897 2595 1096 2644 bibliothecam
1120 2596 1223 2644 ueteris
1246 2595 1410 2644 testamenti

266 2665 368 2715 Esdras
387 2664 480 2714 scriba
503 2667 564 2729 post
587 2665 730 2712 incensam
749 2663 838 2726 legem
863 2677 879 2711 a
903 2661 1067 2724 Chaldaeis,
1092 2662 1154 2711 dum
1173 2661 1270 2711 ludaei
1288 2665 1410 2726 regressi

267 2733 385 2782 luissent
415 2732 443 2780 in
465 2730 655 2792 Hierusalem,
689 2729 782 2779 diuino
812 2731 923 2780 afflatus
951 2731 1050 2795 spiritu
1079 2730 1220 2793 separauit
1251 2734 1409 2794 cunctaque

265 2799 338 2863 legis
368 2813 401 2848 ac
430 2798 624 2862 prophetorum
654 2796 796 2846 uolumina
836 2813 906 2862 quae
938 2799 1049 2847 furerent
1073 2813 1089 2846 a
1114 2797 1243 2862 gentibus
1278 2803 1410 2862 corrupta

268 2866 387 2915 correxit
409 2871 548 2928 totumque
573 2870 653 2913 uetus
671 2869 865 2914 testamcutum
884 2866 913 2914 iu
931 2865 1034 2930 uiginti
1058 2863 1125 2914 ‹luos
1149 2865 1233 2920 libros
1253 2865 1409 2920 constituit.

267 2938 298 2981 ut
320 2937 362 2982 tot
385 2931 449 2981 libri
469 2937 561 2981 essent
579 2932 607 2980 in
626 2932 687 2996 lege
707 2938 772 2996 quot
790 2932 965 2982 habebantur
983 2939 1010 2982 et
1028 2932 1148 2981 litterae.
1191 2932 1277 2998 apud
1302 2931 1409 2981 Grae-

269 3015 326 3050 cos
351 3003 444 3048 autem
469 3035 475 3048 .
497 3034 528 3048 ..
554 2999 728 3048 uolumina
757 2999 925 3048 diuersarum
951 3001 1073 3064 gentium
1108 3005 1135 3048 et
1164 3015 1212 3063 per
1242 3001 1410 3065 interpretes

267 3069 296 3117 in
316 3067 452 3116 Graecam
471 3066 591 3130 linguam
610 3067 744 3116 uertendi.
776 3066 898 3116 dehinc
989 3066 1238 3132 Philadelphus
1257 3069 1344 3116 ornnis
1362 3067 1410 3117 lit-

268 3139 410 3184 teraturae
433 3135 644 3197 sagacissimus,
669 3149 729 3182 cum
753 3134 843 3186 studio
868 3134 1097 3185 bibliothecarum
1120 3135 1296 3184 Pisistratum
1315 3149 1409 3184 aemu-

267 3202 380 3262 laretur,
400 3215 454 3250 non
473 3200 560 3249 solum
578 3201 701 3264 gentium
719 3201 883 3265 scripturas,
907 3203 955 3252 aed
974 3203 1059 3252 etiam
1078 3207 1106 3250 et
1123 3200 1233 3252 diuinas
1252 3203 1360 3252 litteras
1379 3203 1412 3252 in

267 3267 466 3319 bibliothecam
483 3283 560 3317 suam
579 3261 704 3317 contulit.
740 3284 813 3318 nam
832 3271 1055 3334 septuaginta
1140 3268 1236 3319 sunt.’
1254 3271 1283 3318 5:
1304 3271 1355 3319 ‘lie
1374 3286 1411 3318 co

268 3336 440 3402 quiprimum
454 3334 747 3384 Romamlibrosadue
768 3338 799 3384 it.
827 3335 1263 3386 Romam...iustruxerat.'
1295 3338 1323 3386 7:
1343 3337 1411 3398 ‘Qui

267 3403 354 3454 multa
372 3403 548 3466 scripserunt.
588 3403 699 3452 Marcus
721 3353 868 3453 Thentius
885 3405 972 3454 Varro
996 3405 1068 3469 apud
1090 3406 1205 3454 Latinos
1224 3405 1411 3454 innumerabi·

268 3471 419 3522 leslibros
447 3471 569 3534 scripsit.
605 3471 678 3534 apud
702 3470 825 3521 Graecos
852 3486 958 3536 quoque
982 3470 1182 3522 Chalcenterus
1204 3474 1280 3522 miris
1304 3470 1412 3524 attolli-

267 3543 312 3588 tur
323 3537 459 3597 laudibus,
480 3537 552 3602 quod
564 3541 656 3586 tantos
668 3538 752 3588 libros
765 3539 892 3600 ediderit,
912 3545 1028 3602 quantos
1041 3540 1154 3604 quisque
1168 3545 1288 3590 nostrum
1302 3539 1413 3590 alienos

268 3606 389 3654 scribere
405 3606 514 3669 propria
527 3619 609 3654 marm
621 3606 668 3654 uix
680 3604 787 3670 possit.‘
808 3606 852 3667 (ea
866 3607 962 3655 liuline
981 3607 1053 3670 apol.
1066 3607 1094 3656 ll
1107 3606 1150 3669 ⁸20)
1164 3608 1311 3658 Suetonius
1325 3606 1411 3656 Caes.

267 3674 313 3721 tl:
332 3671 523 3735 (destinabat)
542 3671 740 3722 ‘bibliothecas
759 3673 882 3724 Graecas
900 3675 1071 3738 Latinasque
1090 3689 1157 3738 quas
1170 3677 1303 3730 maximas
1315 3681 1413 3739 posset

268 3739 423 3805 publicare,
443 3739 510 3788 data
522 3741 617 3789 Marco
631 3739 747 3790 Varroni
760 3755 827 3790 eura
840 3741 1085 3805 comparandarum
1099 3757 1131 3791 ao
1145 3740 1373 3806 ‹ligereudarum'

356 3803 424 3859 103*
441 3807 562 3857 Isidorus
581 3807 669 3872 origg.
694 3807 732 3858 vl
749 3807 778 3857 a:
810 3809 865 3858 ‘De
884 3809 963 3858 ceris.
996 3808 1083 3859 Cerae
1102 3809 1255 3859 litterarum
1279 3810 1414 3859 materies

355 3994 701 4054 2Athcniensium-ab
716 4016 768 4053 om.
787 3999 838 4054 Ga.
857 4002 871 4053 l
887 3990 900 4075 ll
915 4006 930 4057 5
943 3994 1052 4056 dehinc
1063 3996 1134 4056 inde
1147 4001 1199 4056 Ga.
1216 4004 1231 4054 1
1245 3993 1259 4080 Π
1273 3995 1413 4056 Alexan·

270 4079 324 4138 der
349 4099 475 4154 magnus
499 4082 589 4138 Ga?
644 4099 746 4138 eorum
772 4083 885 4138 Monac.
912 4085 991 4138 0250
1016 4098 1040 4138 s.
1074 4083 1171 4140 VIIII.
1199 4087 1250 4140 Ga.
1271 4088 1294 4140 Ι.
1321 4077 1371 4160 211
1395 4089 1413 4144 7

269 4161 459 4243 phtolomeus
472 4162 586 4222 Morino.
631 4164 784 4224 filadelfus
799 4167 912 4224 dionae.
935 4162 948 4245 Ι]
967 4165 1095 4226 Romam
1114 4171 1269 4224 Arcesius:
1293 4165 1414 4224 Romae

268 4251 335 4306 libri
349 4243 363 4326 ll
382 4258 406 4307 11
419 4249 604 4306 PersaGu.2
619 4243 631 4328 ΙΙ
648 4259 681 4310 13
692 4251 952 4327 quammaximae]
968 4271 1091 4310 causam
1101 4253 1230 4310 maxime
1244 4254 1296 4308 Gra.
1313 4257 1326 4308 1
1341 4269 1415 4309 crim

270 4334 399 4390 maxime
417 4335 468 4388 Ga.
480 4339 497 4388 3
508 4334 636 4390 niaxinre
650 4339 702 4392 Ga.
718 4331 755 4416 2l'l
767 4347 798 4396 14
810 4335 879 4393 hinc
894 4337 1073 4394 Monac.·Gu.
1091 4341 1152 4394 2cl.
1164 4336 1216 4394 uel
1227 4335 1296 4393 huic
1307 4337 1360 4392 (ιή.
1380 4343 1414 4393 1:

268 4421 359 4474 latere
378 4421 488 4472 ridetur
503 4417 627 4473 Asinius
643 4413 655 4501 {l
675 4430 705 4480 ts
721 4419 759 4478 de
771 4419 919 4478 nranuhiis
935 4419 973 4478 de
990 4421 1094 4498 spoliis
1115 4420 1302 4478 inimicorum
1319 4423 1371 4478 Ga.
1400 4428 1416 4478 1
