3138 5100
282 355 344 418 498
698 379 731 420 111
745 379 842 420 versu
858 377 1005 422 euasura

280 527 424 588 habiliter
444 537 592 588 statuens.
615 561 655 570 -—
678 528 820 590 Ceterum
843 530 903 588 alio
925 527 1016 588 modo
1038 526 1121 586 idem
1141 530 1281 587 Caecilius
1304 547 1413 588 nomen

178 673 179 678 κ
281 630 363 691 infra
377 650 409 709 p.
425 639 467 702 33,
487 639 514 690 ll
534 639 706 710 corruptum
722 641 778 691 111

364 731 565 810 Pag.28,10
590 735 647 792 etsi
662 735 768 792 mirum
784 741 830 792 est
851 734 882 791 in
899 736 992 790 dictus
1011 741 1053 790 est
1074 732 1212 790 converti
1241 731 1376 810 potuisse
1396 751 1414 788 a

281 833 412 894 librariis
434 837 556 906 dicitur,
582 842 685 894 tamen
702 835 850 894 Suetonio
866 835 939 908 hoc,
962 854 1026 893 uon
1047 833 1122 894 illud
1143 832 1234 892 tribui
1255 833 1353 912 ipsam
1368 853 1412 890 sa·

281 955 352 994 nam
368 937 518 996 rationem
533 927 638 995 iubere
654 938 860 998 Mommsenus
876 937 974 996 sensit
988 937 1157 996 verissime.

365 1038 514 1117 Pauus,
536 1039 552 1096 1
573 1042 602 1094 in
625 1040 888 1118 praepositionem
910 1038 1062 1098 addebam
1087 1047 1122 1098 at
1146 1037 1287 1117 proxima
1312 1041 1413 1094 uestitu

281 1159 357 1200 voce
377 1141 530 1214 haustam,
559 1123 641 1220 quia·
656 1143 787 1200 subsellio
808 1145 936 1200 resideas
957 1139 1128 1200 sentiebam
1148 1147 1323 1220 poetarum,
1352 1157 1412 1196 noa

281 1242 460 1321 scriptorum
477 1261 555 1301 esee.
594 1241 657 1302 Sed
674 1243 814 1302 Suetonii
836 1251 938 1302 tamen
962 1251 1094 1302 aetatem
1110 1262 1129 1300 a
1151 1239 1263 1300 talibus
1284 1261 1347 1300 non
1363 1239 1413 1297 ab·

281 1344 434 1404 horruisse
459 1345 527 1423 ipse
553 1364 634 1404 nuno
654 1345 741 1404 testie
762 1345 946 1404 certissimus
966 1343 1112 1423 prodeat,
1140 1344 1192 1422 qui
1215 1341 1312 1420 Oalig.
1335 1361 1360 1400 e.
1382 1351 1415 1404 50

281 1455 342 1504 toro
358 1451 487 1505 reddens
503 1445 594 1520 dixit,
611 1447 684 1506 Ner.
696 1457 728 1510 13
741 1451 839 1505 curuli
852 1451 995 1515 residens,
1013 1444 1146 1506 Claudi
1164 1455 1194 1502 ut
1207 1448 1304 1518 aquila
1318 1448 1415 1502 dexte·

280 1551 358 1605 riare
378 1565 476 1606 umero
497 1551 668 1615 consideret,
696 1548 777 1626 Aug.
799 1556 834 1612 43
856 1552 955 1606 lectica
975 1550 1099 1620 orbans,
1126 1554 1161 1609 73
1186 1549 1316 1604 cubuisse
1344 1554 1414 1604 lora.

281 1650 351 1708 Non
367 1649 534 1708 imitabitur
549 1650 641 1727 igitar
656 1659 791 1710 nostrum
809 1650 981 1729 exemplum
998 1650 1050 1729 qui
1072 1649 1202 1728 posthac
1222 1649 1302 1706 haue
1323 1645 1414 1706 edere

281 1751 375 1808 vitam
390 1752 564 1812 instituerit.
594 1751 718 1810 Diversi
734 1753 856 1830 generis
872 1760 943 1812 sunt
957 1756 986 1809 ia
999 1769 1034 1808 ca
1045 1759 1132 1824 parte
1146 1753 1272 1809 consedit
1282 1750 1362 1828 Aug.
1372 1759 1431 1822 43„

281 1855 310 1910 ia
328 1855 477 1910 orchestra
493 1855 640 1918 considere
656 1861 703 1926 44,
726 1873 790 1910 eum
806 1858 834 1912 in
851 1857 921 1913 aede
945 1855 1046 1912 Vestae
1060 1857 1211 1910 resedisset
1226 1853 1299 1912 Ner.
1319 1862 1364 1926 19,
1385 1855 1414 1908 in

281 1955 362 2010 domo
376 1955 553 2012 Maecenatis
566 1957 689 2014 cubabat
704 1955 784 2033 Aug.
801 1963 849 2028 ll,
866 1960 895 2014 iu
906 1959 1056 2030 peristylia
1074 1957 1196 2014 cubabat
1210 1952 1251 2012 ib.
1267 1963 1311 2018 et.

365 2055 502 2117 Versa8
526 2053 754 2136 percucurrisse]
792 2057 1080 2137 Reduplioationem
1107 2077 1174 2116 oum
1196 2055 1318 2116 codices
1340 2054 1414 2114 Sue·
1459 2051 1468 2065 ⁸

281 2158 400 2218 toniani
417 2159 533 2218 octiens
549 2166 672 2237 praeter
692 2158 751 2218 hoc
772 2160 945 2239 exemplum
965 2167 1109 2220 tueantur
1132 2160 1165 2220 in
1188 2161 1416 2218 accucurrerunt

283 2257 412 2334 (11111,
434 2265 652 2320 concucurrisse
666 2261 724 2320 Iul.
744 2273 789 2334 15,
813 2266 979 2320 decucurrit
1000 2261 1137 2334 Ner.'tt,
1159 2265 1333 2320 discucurrit
1349 2259 1415 2319 Cal.

280 2369 328 2435 31,
355 2367 570 2422 excucurrissct
599 2363 689 2423 Galb.
718 2373 764 2437 18,
790 2366 979 2438 percucurrit
1004 2363 1078 2422 Ner.
1105 2373 1136 2437 3,
1163 2366 1417 2437 procucurrissent

282 2462 881 2540 0111111111,1111111111111111101111,
905 2465 987 2526 haud
1008 2467 1070 2525 seio
1091 2485 1131 2524 aa
1155 2483 1192 2524 aa
1214 2465 1264 2524 hic
1285 2464 1415 2544 scriptor

276 2565 319 2624 111
335 2575 512 2625 constanter
526 2587 607 2627 usus.
645 2567 836 2648 Quamquam
857 2567 1016 2628 fatendum
1037 2577 1083 2626 est
1102 2569 1176 2626 item
1198 2567 1314 2626 octiens
1342 2585 1414 2623 cau·

281 2665 350 2725 dem
367 2667 459 2727 libros
476 2669 617 2746 ignorare
633 2671 665 2728 in
681 2675 843 2728 accrtrrisse
858 2672 931 2730 Ner.
947 2679 990 2730 21.
1007 2677 1054 2743 31,
1076 2677 1288 2728 concurrerunt
1305 2665 1413 2726 Claud.

279 2777 323 2828 11.
355 2767 490 2842 011111,
512 2765 727 2830 eoacurri'ssent
753 2771 874 2846 111131,
899 2776 1071 2831 occurrisset
1094 2771 1174 2849 Aug.
1190 2779 1233 2834 96.
1265 2767 1413 2841 01111118,

279 2873 427 2942 procurrit
440 2871 514 2930 Ner.
530 2879 573 2934 47.

363 2970 439 3048 Peg.
455 2971 511 3045 28,
525 2973 544 3033 5
559 2991 625 3052 sqq.
648 2994 667 3032 a
686 2975 801 3034 veteris
821 2975 890 3034 libri
911 2976 1045 3036 Parisini
1066 2975 1212 3035 memoria
1233 2993 1311 3055 quae
1337 2963 1415 3031 bace

281 3081 343 3132 est:
364 3077 496 3147 utramuis
512 3079 655 3134 uulcalius
669 3080 703 3134 de
721 3081 918 3136 numeratione
936 3083 1059 3136 oninium
1081 3083 1121 3134 itu
1138 3081 1247 3136 scribat
1272 3083 1415 3134 ‘sumetur

280 3177 378 3263 dacica
395 3185 480 3233 saeta
495 3194 534 3234 ec
554 3180 599 3236 bis
614 3178 742 3253 sabulu',
767 3181 810 3238 ita
825 3179 893 3240 libri
910 3181 1024 3240 novicii
1041 3179 1220 3259 discrepant
1234 3187 1267 3238 ut
1288 3181 1323 3238 de
1344 3193 1413 3234 enu-

280 3281 435 3336 meratione
452 3286 482 3338 et
502 3283 600 3339 scribit
614 3281 795 3357 exitibeant,
818 3283 932 3342 maiore
950 3303 988 3342 ex
1009 3291 1097 3362 parte
1118 3286 1242 3340 omnium
1264 3281 1413 3350 amittant,

280 3400 335 3460 pro
351 3390 480 3439 suntetnr
495 3393 596 3442 autem
611 3385 663 3444 vel
677 3394 840 3443 mmeretur
856 3385 1041 3446 substituant
1055 3383 1106 3443 vei
1126 3387 1262 3442 submut‘
1283 3381 1414 3456 selenb-

279 3481 375 3542 me'tur
392 3485 444 3543 vel
458 3488 608 3544 submercl.
653 3489 842 3548 Etnumeris
859 3487 1060 3568 quidamque
1082 3486 1156 3546 11111
1177 3488 1279 3558 fieret,
1303 3493 1354 3544 aut
1374 3500 1415 3540 ex

279 3589 355 3645 bisce
370 3588 559 3666 propositum
576 3599 623 3648 est
639 3599 690 3650 aut
705 3607 743 3648 ccc
758 3592 802 3647 bis
819 3589 1007 3669 transposita
1020 3599 1092 3647 aute
1106 3589 1239 3663 Hecyra:
1254 3597 1414 3664 utrumque

279 3690 353 3748 11111
369 3689 489 3749 exiliter
504 3699 534 3750 et
548 3697 580 3748 111
596 3689 635 3750 ad
651 3693 695 3750 rei
710 3711 855 3751 summam
871 3692 989 3750 animus
1005 3709 1045 3748 ne
1058 3689 1269 3750 adverteretur
1281 3687 1413 3769 quidem.

279 3791 451 3872 Numquid
476 3792 602 3852 tandem
627 3792 686 3853 sibi
711 3794 793 3852 velle
813 3793 889 3854 illud
911 3795 1012 3872 ipsum
1031 3801 1173 3862 sumetur,
1195 3793 1261 3852 sivo
1283 3797 1416 3849 sumatur

279 3893 499 3954 substituerunt
514 3895 580 3968 alii,
597 3895 792 3974 putabimus?
818 3895 910 3974 Quod
926 3915 992 3954 cum
1007 3895 1136 3954 Rothius
1152 3915 1182 3974 p.
1198 3905 1247 3958 180
1262 3895 1304 3953 sic
1320 3894 1414 3951 inter·

279 4004 417 4075 pretatur
432 3999 511 4074 ‘mag
525 3997 762 4075 hingenommen
779 3997 925 4072 werdeu',
949 4007 980 4056 et
994 4017 1101 4058 sanam
1116 3997 1301 4056 sententiam
1318 4003 1348 4052 et
1369 3994 1414 4052 la·

278 4098 430 4156 tinitatam
446 4097 664 4158 desideramus.
709 4101 776 4158 Nec
790 4099 859 4178 plue
875 4099 1073 4178 prefecerunt
1089 4103 1114 4160 11
1131 4100 1182 4180 qui
1198 4119 1255 4177 pro
1271 4099 1416 4156 estimetur

279 4208 480 4278 aeceperunt:
507 4219 565 4258 nee
590 4201 670 4260 enim
696 4201 776 4260 trane
801 4203 863 4259 vim
883 4219 996 4260 sumere
1016 4202 1142 4276 verbum
1164 4201 1257 4260 habet
1279 4198 1412 4268 omnino,

279 4299 435 4358 necunde
453 4301 616 4360 emerenda
631 4301 736 4362 fabula
750 4304 791 4362 111
802 4323 901 4384 quave
918 4323 1025 4363 corrasa
1041 4323 1171 4384 quemve
1187 4301 1227 4362 ad
1242 4303 1333 4360 finem
1349 4300 1414 4358 erti-

278 4401 406 4475 menda,
431 4403 629 4480 intellegitur.
680 4404 771 4483 1111οᾶ
804 4414 904 4464 autem
931 4425 1028 4464 neutra
1053 4406 1273 4464 sententiarum
1295 4401 1415 4480 flagitat
