3078 5072
645 451 802 496 annuunt
1194 456 1290 500 xvt111

144 615 239 654 σαντα
256 602 298 652 sic
320 600 390 651 edit:
423 591 624 667 Ἀριστοφάνης
647 593 678 652 έν
700 601 738 668 τῷ
759 601 916 670 σογμενιιιῷ
934 603 1053 666 (Nauck.
1075 620 1102 670 p.
1128 603 1199 672 leo).
1241 607 1288 657 ad-

144 691 229 752 paret
245 687 330 751 igitur
346 677 515 750 συγγενικόν
532 685 741 750 dispescendum
754 701 815 736 esse
835 701 852 735 a
863 678 1029 753 Καισάρων,
1050 702 1102 752 quo
1118 689 1193 740 lacto
1212 705 1290 742 suum

145 771 236 836 pratis
255 773 339 836 eaput
356 769 520 820 restituitur.
557 783 627 834 quae
647 773 738 820 autem
756 775 913 820 remanent:
944 762 1148 835 Καισάρων-
1164 769 1290 842 περιέχει

146 849 181 906 δέ
199 852 281 922 §leuc
297 851 347 906 ιιαλ
364 845 506 920 διαδοχάς
518 844 612 904 αὐτῶν
630 844 687 904 άπὸ
702 845 821 904 Ἰουλίου
849 848 900 914 ἓως
913 854 1092 921 Δομετιανοῦ
1104 883 1136 894 -
1149 853 1245 923 βιβλία
1263 851 1289 925 η’

147 940 259 990 intacta
276 936 456 1002 relinquenda
473 941 549 1000 sunt,
573 938 627 988 nisi
650 938 721 1003 quod
744 954 759 988 e
782 933 919 1004 scripture
937 940 1065 990 Vossiani
1087 939 1152 990 libri
1174 940 1223 994 sel
1242 934 1290 993 σά-

148 1029 221 1090 ρωτλ
237 1039 298 1074 cum
316 1023 495 1087 Bemhardyo
512 1013 666 1087 Καισάρων
688 1013 724 1088 ιβ’
748 1021 922 1094 efficiendum
946 1029 974 1072 et
995 1038 1044 1087 pro
1066 1021 1116 1074 ιιαλ
1139 1017 1289 1092 διαδοχάς,

150 1107 223 1173 qnod
240 1107 321 1158 nihili
340 1123 400 1158 esse
419 1109 524 1158 monuit
535 1105 711 1170 Ritschelius,
731 1099 805 1157 sarri
818 1098 959 1174 διαδοχάς
971 1109 1156 1172 reponendum
1169 1115 1218 1174 est,
1239 1125 1290 1175 quo

149 1193 239 1246 verba
256 1192 421 1258 interposita
438 1185 564 1258 περιέχει
582 1207 606 1242 e.
626 1209 650 1257 q.
670 1207 692 1242 s.
717 1191 796 1248 simul
820 1203 868 1241 eur
891 1190 1036 1242 Suetonius
1059 1193 1202 1244 duodecim
1221 1194 1290 1245 Cae-

150 1291 244 1328 sarum
261 1279 335 1328 vitas
353 1279 416 1327 octo
440 1275 519 1327 libris
538 1275 769 1342 conprehenderit
786 1281 932 1341 exponant.
968 1281 1090 1328 ceterum
1108 1280 1194 1330 etiam
1212 1279 1291 1330 huius

151 1361 218 1412 libri
229 1362 362 1428 optimum
374 1359 483 1411 titulum
494 1360 717 1426 recuperavimus
728 1361 830 1411 hunce:
859 1359 1023 1410 ‘Caesarum
1036 1362 1100 1412 libri
1112 1363 1198 1418 octo.'
1220 1379 1291 1430 quae

152 1461 215 1498 cum
232 1447 274 1496 ita
290 1447 361 1507 sint,
380 1459 435 1496 non
454 1445 586 1496 audacior
604 1456 665 1496 esse
682 1442 789 1503 videor,
813 1445 837 1495 si
856 1446 939 1496 etiam
962 1451 1056 1497 cetera
1078 1441 1182 1510 λέξεων
1198 1449 1292 1514 capita

153 1545 225 1598 quac
243 1531 324 1581 nohis
341 1535 410 1580 nota
425 1536 488 1581 sunt
505 1530 708 1596 Aristophaneo
726 1545 743 1580 a
758 1528 918 1594 Tranquillo
942 1531 970 1579 in
987 1532 1075 1597 pratis
1093 1532 1227 1584 imitando
1246 1549 1291 1584 ex—

152 1631 251 1682 pressa
269 1631 330 1666 esse
348 1616 482 1682 suspicor.
519 1619 582 1665 sunt
605 1620 697 1666 autem
718 1613 787 1664 haec
810 1615 876 1664 duc:
912 1613 977 1681 περὶ
1002 1607 1159 1682 ὀνομασίας
1176 1607 1293 1684 ἡλικιῶν

154 1707 184 1750 et
200 1697 266 1764 τιερλ
283 1692 519 1768 αρσσφωνήστων.
552 1690 676 1758 ’Λττλιιάς
699 1698 771 1748 enim
793 1699 983 1765 Aristophanis
1007 1707 1035 1751 et
1058 1695 1227 1762 Λακωνικάς
1250 1697 1293 1756 λέ·

154 1783 215 1849 ξεις
225 1785 345 1836 Latinus
363 1786 559 1851 grammaticus
576 1799 631 1836 nou
648 1788 759 1852 poterat
775 1784 887 1836 imitari.
918 1785 1102 1836 Suetouianae
1122 1791 1215 1838 autem
1233 1789 1293 1837 imi-

155 1871 272 1921 tationis
290 1870 426 1920 rationem
444 1870 516 1920 hanc
534 1869 621 1920 inisse
639 1869 747 1920 conicio
765 1874 796 1919 ut
813 1885 873 1920 curn
892 1869 1008 1921 Graecia
1024 1872 1167 1922 vocabulis
1187 1873 1221 1922 ab
1233 1873 1293 1924 Ari·

154 1954 292 2020 stophsrm
311 1955 460 2020 explicatis
472 1954 575 2005 Latina
594 1953 727 2006 eiusmodi
744 1953 880 2004 vocabula
898 1960 1124 2020 conponerentur.
1154 1957 1211 2008 iam
1228 1973 1293 2008 vero

156 2041 301 2107 quaeritur
318 2040 485 2091 Eustathius
496 2040 680 2106 Aristophane
698 2040 758 2104 ipso
777 2053 813 2088 an
828 2037 957 2091 Suetonio
977 2041 1036 2090 eius
1054 2046 1211 2107 excerptore
1229 2055 1294 2092 usus
1383 2067 1391 2084 ι

155 2127 203 2180 sit.
232 2141 304 2194 quse
322 2141 365 2176 res
378 2139 439 2176 cum
450 2139 559 2192 prorsus
576 2125 685 2176 incerta
703 2125 755 2188 sit,
774 2123 846 2174 malo
863 2140 935 2176 nunc
949 2126 1064 2192 fragm.
1080 2125 1138 2175 lto
1157 2143 1190 2176 ex
1202 2126 1295 2193 glossa

156 2211 338 2277 etymologici
360 2211 453 2278 magni
475 2225 530 2260 non
553 2225 587 2260 ex
609 2207 756 2260 Eustathio
779 2209 895 2260 referre:
929 2201 1188 2278 Ἀρχολέπαρος,
1213 2202 1294 2263 ὁλι-

155 2295 354 2360 supertes
371 2285 598 2362 άρχῆςτάχῃ·
628 2282 648 2361 ἢ
666 2286 780 2346 Aurei
799 2283 1200 2361 άρχεινλιιιαινόμενος.
1231 2313 1295 2347 con-

157 2381 311 2432 sectarium
329 2385 372 2432 est
388 2387 419 2430 ut
436 2381 553 2446 fragm.
570 2375 648 2430 175*
665 2379 810 2430 delendum
828 2379 875 2443 sit;
906 2381 985 2429 cuius
997 2379 1059 2430 loco
1076 2378 1157 2446 νερλ
1174 2395 1296 2448 συγγι-

158 2465 268 2520 νιιιάν
283 2464 383 2516 titulus
400 2465 530 2516 Suetonio
548 2465 705 2516 vindicatus
727 2468 874 2530 reponatur
897 2463 989 2515 velim.
1025 2464 1124 2516 deinde
1147 2467 1196 2516 sub
1217 2467 1297 2517 liba

160 2557 190 2602 et
208 2551 291 2602 ltsb
309 2550 415 2602 indices
432 2549 487 2601 illi:
515 2548 596 2613 περὶ
614 2541 812 2616 ὀνομασίας
828 2539 970 2616 ἡλικιῶν
989 2555 1017 2601 et
1039 2548 1119 2616 περὶ
1137 2564 1297 2618 προσφω-

158 2629 294 2704 νήσεσι
311 2639 469 2700 sequantur.

230 2721 284 2771 Sed
301 2735 336 2771 ne
354 2735 447 2772 rursus
463 2720 640 2786 Aristophani
657 2720 764 2773 indices
777 2719 956 2772 Suetoniunos
973 2727 1005 2771 nt
1023 2720 1057 2782 ah
1076 2721 1124 2773 illo
1142 2723 1298 2790 desumptos

158 2807 341 2856 restituamus
359 2805 541 2872 gravissimae
552 2805 676 2856 rationes
694 2805 885 2857 adversantur.
909 2821 973 2856 nam
991 2805 1053 2857 inde
1067 2807 1102 2856 ab
1121 2823 1154 2859 eo
1166 2814 1297 2876 tempore,

160 2907 216 2958 quo
234 2885 324 2955 λέξεις
336 2891 534 2958 Aristophanes
553 2891 676 2957 conlegit
692 2905 764 2942 nora
778 2885 880 2954 λέξεων
898 2893 988 2957 capita
1005 2893 1120 2944 inventa
1132 2899 1207 2960 sunt,
1227 2909 1298 2960 quae

160 2977 312 3028 Suetonius
335 2991 386 3028 sna
408 2977 502 3028 facere
525 2981 643 3043 poterat.
679 2981 711 3027 ut
733 2991 787 3026 non
810 2976 897 3026 liceat
918 2977 1092 3043 Aristophani
1115 2979 1186 3029 tales
1204 2980 1299 3030 titulos

159 3061 306 3113 vindicare
319 3059 384 3126 atel
403 3057 483 3123 leisc
502 3053 673 3130 ἐσθημάτων
691 3065 719 3112 et
736 3061 850 3112 similes.
874 3065 993 3112 attamen
1013 3065 1071 3114 eins
1090 3079 1195 3129 quoqne
1214 3064 1299 3130 serip-

162 3155 222 3198 tum
240 3147 294 3198 hsc
312 3163 373 3198 cum
385 3147 517 3199 Suetonio
535 3149 733 3214 conparatione
752 3161 825 3198 nova
837 3147 955 3212 quadam
969 3148 1029 3198 lnce
1042 3148 1212 3200 inlustratur.
1235 3165 1300 3200 nam

160 3233 191 3282 in
212 3233 349 3284 anecdoto
366 3233 414 3284 illo
431 3233 558 3286 Parisino
576 3234 593 3284 b
616 3233 685 3283 haec
699 3231 890 3298 Aristophanis
902 3225 976 3294 λέξις
991 3233 1147 3298 adponitur:
1174 3231 1224 3286 uui
1236 3251 1301 3286 soa-

161 3309 262 3382 ιιιίξειν
280 3309 329 3370 int
346 3317 397 3370 τοῦ
414 3309 615 3384 άλεκτρνόνος,
636 3333 705 3384 quae
725 3333 742 3368 a
759 3317 884 3368 Nauckio
903 3318 975 3366 inter
997 3318 1151 3384 iragmenta
1169 3319 1242 3370 sedis
1261 3321 1300 3370 in-

163 3409 262 3454 certae
281 3402 409 3466 (uxum
425 3421 452 3470 p.
472 3401 532 3468 218)
551 3403 640 3454 relata
658 3409 709 3453 est.
744 3403 842 3452 iamsi
864 3407 1078 3470 reputaverimus
1097 3404 1255 3454 Suetonium
1273 3405 1301 3453 in

163 3493 307 3556 pratorum
316 3487 387 3539 libro
396 3505 477 3553 nono,
488 3489 585 3555 quode
596 3489 778 3540 animantium
788 3487 892 3540 naturis
901 3487 1023 3553 scripsit,
1034 3503 1111 3539 rocas
1123 3491 1302 3540 animantium

164 3573 355 3637 recensuisse,
378 3575 407 3625 in
430 3575 515 3626 simili
533 3575 690 3640 argumenti
707 3574 888 3624 continuitate
913 3573 947 3622 ab
966 3573 1147 3640 Aristophane
1164 3573 1238 3625 hane
1256 3589 1302 3625 vo-

166 3675 229 3709 cem
251 3660 371 3726 positam
394 3660 480 3710 inisse
500 3658 646 3726 probabile
668 3659 816 3711 videbitur.
853 3659 883 3708 at
905 3672 1005 3725 reapse
1022 3658 1216 3726 Aristophanes
1238 3658 1303 3726 περὶ

165 3735 245 3807 ζόαν
262 3746 375 3811 scripsit
394 3745 441 3808 (ci.
459 3745 557 3796 Nauck
580 3762 606 3812 p.
624 3743 750 3812 280sqq.)
775 3749 915 3795 auctorem
940 3743 970 3792 in
992 3745 1075 3796 rebus
1088 3747 1246 3798 Aristotelis
1263 3747 1304 3795 hi-

166 3830 283 3880 storiam
301 3829 474 3895 animalium‚
495 3831 525 3880 in
543 3846 596 3896 qua
615 3835 643 3882 et
660 3832 722 3897 ipsa
733 3829 820 3881 11119
838 3830 871 3880 de
889 3829 1001 3881 vocibus
1020 3831 1194 3883 animantium
1212 3832 1303 3898 dispu-

165 3921 257 3977 tatur,
281 3920 406 3978 secutus,
430 3923 460 3966 ut
481 3915 561 3968 huius
580 3915 649 3968 adeo
673 3917 836 3983 epitomator
854 3921 902 3966 aut
917 3920 1114 3966 commentator
1129 3932 1146 3967 a
1164 3919 1305 3984 scriptori-

167 4001 221 4052 bus
238 4000 399 4066 posterieris
417 4003 520 4054 aetatis
538 4003 714 4053 vocitaretur.
745 4001 824 4052 huius
843 4005 937 4052 antem
953 3997 1017 4067 napi
1031 3993 1106 4064 ζάων
1123 4003 1184 4054 libri
1198 4010 1305 4070 partem

167 4087 211 4136 sic
236 4086 328 4137 adfert
346 4087 438 4150 Lydus
461 4087 495 4137 de
513 4103 587 4153 mag.
610 4104 635 4154 p.
654 4087 686 4137 R.
706 4085 799 4138 11163
823 4079 854 4139 έν
877 4085 911 4155 τῇ
933 4077 1053 4154 ἐπιτομῇ
1075 4086 1131 4138 τῶν
1150 4081 1182 4140 έν
1206 4081 1305 4156 {phalet

161 4170 301 4234 mesas
317 4171 345 4222 id
365 4177 407 4222 est
426 4174 454 4222 in
473 4172 594 4238 epitoma
612 4172 769 4224 Aristotelis
788 4172 821 4223 de
840 4173 945 4224 naturis
962 4173 1089 4240 piscium.
1126 4177 1186 4241 quid
1205 4177 1322 4244 igitnri·

168 4271 262 4308 noune
281 4257 352 4309 haec
370 4273 434 4326 pars
451 4257 545 4326 magni
567 4258 642 4309 illius
660 4258 855 4325 Aristophanei
873 4260 964 4326 operis
982 4265 1036 4323 est,
1064 4266 1096 4310 ut
1113 4263 1307 4331 Aristophanes

168 4343 255 4410 plane
272 4347 304 4393 nt
313 4343 459 4396 Suetonius
477 4345 507 4394 in
523 4339 625 4409 λέξεων
641 4345 713 4395 libro
730 4345 876 4396 occasione
895 4347 960 4396 data
980 4361 1036 4396 non
1058 4351 1165 4399 tantum
1186 4351 1308 4417 singulas

170 4423 262 4494 λέξεις
284 4431 334 4482 sed
355 4431 436 4483 simul
457 4431 532 4498 ipsas
555 4447 600 4482 res
622 4431 733 4497 aequali
759 4445 826 4483 eura
843 4437 1003 4497 persecutns
1021 4434 1066 4484 sit.
1102 4434 1197 4501 itaque
1212 4438 1308 4490 Sueto-

171 4519 235 4568 nius
253 4517 337 4568 etiam
354 4517 384 4570 iu
400 4517 454 4568 hac
466 4527 606 4586 pratorum
622 4523 702 4585 parte
715 4517 928 4584 Aristophanem
946 4523 1086 4572 auctorem
1103 4521 1214 4588 habuit,
1230 4526 1309 4577 cuius
