3078 5072
630 419 671 460 na
689 417 803 461 rosrrs
1240 397 1280 460 27

146 570 321 664 peruenire
343 552 500 657 potuisse,
536 563 625 631 nullo
647 567 839 631 commercio
860 567 946 632 inter
966 565 1097 631 Italicos
1125 575 1158 632 et
1182 552 1287 631 illrusx

147 677 213 740 nisi
233 679 307 760 post
331 670 469 736 deletam
490 667 725 760 Karthaginem
745 677 869 756 coepto.
900 669 954 735 hic
974 691 1046 733 cum
1066 666 1178 734 multis
1193 668 1283 734 nobi-

147 775 237 842 libus
260 773 464 838 familiariter
488 771 588 853 uixit,
615 769 674 836 aed
697 772 837 835 maxime
860 793 932 834 cum
955 769 1104 857 Scipione
1126 771 1283 848 Africano

149 889 184 944 et
203 877 240 942 C.
263 875 396 958 Laelio,
418 873 536 961 quibus
558 863 655 937 etiam
677 874 820 960 eorporis
842 874 947 958 gratia
962 874 1152 940 conciliatus
1173 873 1283 938 existi·

126 989 267 1044 amatur.
306 977 394 1066 quod
409 986 442 1042 et
460 979 567 1065 ipsum
586 975 771 1040 Fenestella
792 977 917 1062 arguit,
938 975 1136 1042 contendens
1148 983 1284 1062 utroque

148 1085 307 1148 maiorem
335 1089 415 1144 natu
447 1079 560 1143 fuisse.
616 1079 764 1165 quamuis
797 1086 830 1142 et
856 1077 965 1166 Nepos
993 1077 1145 1166 aequales
1173 1099 1283 1144 omnes

149 1185 254 1250 luisse
269 1181 379 1249 tradat
398 1189 430 1245 et
448 1179 581 1248 Porcius
600 1181 811 1269 suspitionem
825 1179 866 1246 de
883 1181 1115 1246 consuetudine
1130 1201 1189 1269 per
1203 1178 1284 1244 haec

149 1287 267 1351 saciet:

192 1405 280 1470 Dum
301 1405 468 1470 lasciuiam
488 1401 645 1469 nobilium
668 1411 700 1466 et
718 1401 829 1467 laudes
853 1401 982 1467 fucosae
1001 1403 1098 1490 petit,

113 1523 139 1564 ¹⁰
193 1507 284 1572 Dum
306 1506 458 1572 Africani
478 1527 589 1570 uocem
613 1505 756 1570 diuinam
777 1501 882 1569 inhiat
901 1505 1006 1570 auidis
1029 1503 1178 1587 auribus,

193 1610 283 1675 Dum
301 1609 344 1675 ad
366 1607 495 1673 Philum
516 1631 552 1674 so
574 1609 717 1673 conitere
737 1617 770 1672 et
789 1605 937 1673 Laelium
954 1607 1120 1694 pulchrum
1139 1615 1241 1695 putat,

193 1711 283 1778 Dum
304 1714 338 1776 in
360 1709 523 1775 Albanum
548 1708 661 1776 crebro
683 1710 806 1796 rapitur
820 1708 861 1774 ob
880 1707 992 1774 florem
1008 1710 1125 1774 aetatis
1144 1731 1236 1774 suaa:

236 1935 266 1999 ὃς
287 1935 331 1996 1ος
349 1953 375 2002 p.
394 1933 441 1996 28,
460 1933 489 1996 43
508 1952 534 2000 p.
554 1933 601 1996 30,
620 1931 779 1985 3'Denutus
797 1935 826 1983 in
842 1933 957 2000 Adelph.
977 1932 1043 2000 prol.
1070 1932 1114 1982 15:
1151 1931 1284 1986 ‘acaunus

149 2021 286 2058 ueniens:
305 2005 462 2070 Scipionem
480 2003 640 2053 Africanum
658 2001 797 2068 signifieat
816 2007 844 2052 ct
860 2001 986 2054 Laelium
1009 2001 1168 2068 Sapientem
1187 2007 1215 2054 et
1232 2005 1285 2054 Fu-

150 2139 356 2156 ————-

240 2244 419 2324 {potuisset
441 2244 473 2300 St
492 2237 505 2322 ll
529 2243 701 2302 commertio
722 2245 757 2300 E.
783 2243 923 2302 comertio
940 2245 1038 2318 CZlDJ
1057 2237 1070 2324 ss
1091 2241 1235 2324 italiquos
1253 2247 1285 2304 A.

150 2331 284 2414 ytalieos
301 2329 359 2387 OD.
376 2327 463 2386 italos
479 2331 507 2386 F
525 2322 539 2409 ΙΙ
559 2326 776 2388 ldebcllatum
788 2330 815 2386 D
835 2323 848 2408 ll
867 2327 1058 2406 kartaginem
1078 2327 1164 2387 BCD.
1190 2337 1286 2388 curta-

150 2420 254 2496 ginem
273 2419 308 2474 A.
333 2413 539 2491 carthaginem
559 2417 647 2472 ceteri
667 2407 680 2495 ll
704 2421 792 2492 cepto
816 2415 901 2471 ΑΒΕ.
927 2423 1013 2492 capto
1039 2415 1061 2472 0
1080 2407 1093 2494 ll
1114 2413 1288 2475 3affricano

152 2505 239 2562 BCll.
256 2499 422 2578 aphricano
443 2499 495 2557 ΕΖ
509 2495 522 2581 ll
537 2509 553 2560 4
569 2499 605 2558 C.
620 2501 679 2557 AF.
698 2517 764 2556 cum
779 2503 866 2558 ceteri
879 2493 892 2578 ll
907 2499 978 2558 lelio
993 2499 1095 2558 BGDZ
1107 2495 1121 2578 ΙΙ
1138 2497 1239 2580 etiam]
1258 2509 1287 2558 et

154 2589 204 2646 BC
217 2583 230 2666 11
246 2585 346 2664 gratia
365 2603 419 2642 om.
437 2587 466 2644 C.
482 2584 705 2665 pulchritudine
722 2585 757 2642 Β.
774 2585 846 2644 llorc
860 2587 885 2642 Β
900 2577 914 2667 ss
935 2584 1069 2660 conlians
1086 2589 1114 2644 Ε
1125 2579 1170 2668 {15
1189 2579 1220 2643 e't
1244 2585 1285 2662 (le.

152 2693 176 2732 e.
196 2669 300 2748 ctiam)
318 2671 344 2727 Β
363 2663 376 2752 ll
398 2667 505 2750 arguit]
533 2669 623 2730 docet
640 2672 669 2727 Β
687 2662 739 2752 [16
752 2677 825 2729 natu
842 2671 984 2728 maiorem
1000 2673 1033 2730 Ε.
1056 2671 1200 2730 maiorem
1218 2691 1288 2729 nam

152 2763 181 2818 Ε
199 2754 213 2838 ΙΙ
234 2765 265 2816 ct
286 2757 416 2813 Boetius.
440 2775 477 2814 ex
494 2758 526 2814 A.
543 2775 603 2815 cor.
619 2757 704 2814 Bel).
723 2754 873 2814 cornelius
888 2757 945 2814 ΕΖ.
960 2763 991 2814 et
1006 2756 1155 2815 cornelius
1172 2757 1213 2829 F,
1234 2757 1266 2814 St
1279 2751 1288 2838 ll

153 2843 280 2923 equales
301 2835 379 2922 le‘l
401 2839 547 2900 tradatA.
565 2841 658 2900 tradit
679 2845 767 2899 ceteri
784 2835 798 2923 ll
814 2837 855 2922 et]
872 2839 926 2900 sed
943 2843 965 2899 G
980 2836 994 2924 ll
1008 2831 1133 2902 Porcius
1156 2843 1197 2900 St.
1219 2861 1287 2920 por-

120 2983 127 2994 ,
153 2931 213 2988 tius
234 2929 315 2994 libri,
345 2929 401 2984 niti
417 2929 494 3000 prend
513 2928 612 3005 potius
630 2919 681 3006 ΕΗ
697 2926 892 3006 suspitionem
909 2927 989 2986 AEZ.
1007 2928 1208 3008 suspicionem
1227 2929 1289 2986 ΒΕ.

153 3012 372 3091 suspictionem
389 3013 421 3069 G.
441 3030 495 3070 om.
510 3013 562 3070 BC
574 3006 588 3094 {l
602 3011 659 3070 hoc
671 3011 698 3067 Β
713 3005 726 3093 ll
740 3012 842 3074 &fecit
861 3015 883 3071 G
898 3005 912 3094 ll
926 3021 941 3076 9
953 3031 1034 3086 -1a
1047 3021 1082 3076 28
1093 3021 1128 3086 ,7
1147 3015 1209 3072 Non
1219 3017 1290 3071 satie

151 3101 266 3174 felicem
277 3101 306 3154 in
315 3099 364 3174 ¹lu's
374 3101 557 3156 restituendis
569 3115 687 3171 operam
697 3099 826 3172 Seoliper
837 3103 1008 3173 constempsit
1019 3101 1167 3158 Animalia.
1184 3103 1214 3157 in
1228 3103 1288 3156 Eu·

152 3188 212 3244 seb.
224 3203 257 3257 p.
276 3187 334 3240 111
346 3198 390 3258 sq.
407 3185 453 3240 ecl.
471 3185 531 3249 alt..
546 3183 733 3257 infeliciorem
744 3184 866 3241 Bellias
879 3187 909 3242 in
924 3185 1024 3242 Beckii
1038 3187 1139 3244 Oomm.
1152 3201 1210 3244 soe.
1219 3185 1290 3259 phil.

154 3273 234 3344 Lipa.
258 3268 291 3340 Ι,
311 3285 344 3341 p.
368 3273 486 3342 311ᾳ.,
507 3269 729 3342 infelicissimam
758 3271 903 3327 Wulelrius
917 3271 1036 3328 limeret.
1053 3273 1163 3329 Liuiae.
1181 3288 1214 3344 p.
1235 3275 1291 3328 113

153 3375 216 3430 epp.
236 3355 295 3412 Nee
313 3356 430 3411 multum
440 3352 569 3427 profecit
592 3355 713 3412 Rutilius
734 3347 747 3436 ΙΙ
768 3363 785 3416 9
801 3353 945 3414 lasciuiae
956 3357 1006 3413 ΒΕ
1016 3350 1031 3436 ll
1045 3355 1152 3414 laudes
1168 3355 1290 3414 limosas

154 3447 192 3512 A,
218 3441 345 3512 Wolfiua
365 3439 488 3496 fucosae
505 3437 612 3497 laudes
624 3439 709 3496 BCG.
725 3439 862 3498 fuscosas
877 3438 985 3499 laudes
996 3444 1079 3501 EFZ.
1093 3439 1220 3500 furiosas
1238 3439 1290 3498 da·

155 3525 209 3585 des
226 3525 252 3582 D
267 3517 280 3604 ll
298 3533 330 3584 10
344 3523 480 3582 affricam
499 3523 547 3582 ΕΒ
562 3517 576 3606 ΙΙ
590 3543 696 3582 uocem
712 3523 845 3582 diuinam
860 3524 954 3584 inhiat
974 3527 1114 3586 Muretus.
1130 3519 1208 3586 uoce
1220 3523 1290 3582 dum

155 3622 185 3670 et
202 3609 323 3668 inhnius
339 3615 370 3668 et
380 3612 417 3666 A.
433 3628 508 3667 uoce
520 3607 634 3672 ,diuina
656 3609 750 3666 inhiat
768 3614 869 3680 ceteri,
888 3615 945 3668 nisi
958 3617 1035 3686 quod
1048 3613 1123 3670 iniat
1138 3613 1180 3685 B,
1194 3610 1291 3670 inilrat

156 3699 178 3756 C
190 3691 204 3776 ll
221 3693 343 3754 eruribus
362 3691 459 3752 auidis
475 3697 503 3752 F
515 3687 529 3774 ΙΙ
545 3704 574 3756 11
596 3693 716 3754 Philum
731 3695 860 3752 Rutilius.
885 3689 940 3753 lirul
952 3699 984 3754 A.
1006 3697 1111 3756 sun'um
1127 3701 1216 3755 ceteri
1229 3689 1243 3777 [1
1258 3715 1291 3754 sc

154 3803 210 3840 om.
233 3783 260 3838 F
276 3774 289 3858 ll
312 3780 464 3838 coenitare
475 3781 532 3838 EF
539 3825 546 3852 ,
575 3781 635 3837 Vel.
661 3779 823 3837 coemitare
846 3781 876 3839 Z.
907 3790 1028 3842 centone
1052 3785 1082 3840 A.
1113 3791 1235 3840 cantare
1258 3783 1290 3839 G.

154 3887 239 3926 eoem
252 3849 314 3924 itai
332 3865 368 3924 B.
388 3873 561 3944 coemptura
583 3865 611 3922 0.
629 3883 758 3924 coenare
780 3867 898 3939 Wolfius
913 3887 946 3926 se
963 3867 1001 3926 ad
1020 3867 1141 3926 Furium
1158 3875 1290 3940 transpo-

152 3969 226 4010 nens
243 3885 259 4032 ll
280 3948 386 4009 lelium
417 3951 545 4010 ABCDZ
561 3945 574 4032 ll
595 3949 752 4028 pulchrum
773 3958 859 4029 putat
879 3953 917 4024 A,
941 3953 1005 4012 Alei.
1028 3959 1112 4032 putat
1135 3952 1291 4030 pulchrum

151 4039 244 4097 ceteri
266 4030 280 4116 [l
308 4041 341 4096 12
365 4034 446 4093 Dum
471 4037 503 4095 in
527 4033 680 4094 Albanum
702 4033 806 4094 crebro
837 4037 953 4116 rapitur
980 4041 1101 4112 expulso
1124 4039 1292 4113 plossemate

152 4123 337 4180 Bitsctelius.
361 4119 431 4180 dum
452 4121 597 4182 scemari
621 4119 721 4180 abhis
743 4119 848 4180 credat
870 4122 974 4182 crebro
990 4125 1021 4182 in
1042 4121 1182 4181 albanum
1204 4116 1292 4203 rapit*

152 4207 196 4284 (is.
213 4223 240 4264 e.
256 4203 388 4284 rapitur)
401 4207 434 4263 A.
456 4205 525 4265 dum
542 4225 575 4264 ee
590 4206 684 4265 amari
706 4203 803 4268 abhis
823 4207 917 4266 credit
935 4208 1039 4268 crebro
1057 4205 1245 4287 (craebrol')
1261 4211 1291 4268 in

151 4291 298 4352 albanum
318 4291 384 4369 rapi
406 4296 495 4350 ceteri
515 4291 586 4369 (ruisi
604 4295 680 4365 quod
701 4290 808 4371 rapido
825 4313 882 4367 pro
903 4294 968 4374 rapi
992 4293 1029 4352 ob
1055 4291 1108 4370 G):
1142 4299 1188 4354 ubi
1206 4295 1290 4352 hisce

150 4381 216 4437 ΑΜ.
234 4379 300 4434 Alia
312 4379 377 4432 oiim
394 4380 438 4434 ria
460 4379 531 4435 inita
551 4386 593 4435 est
608 4379 731 4451 Purerp.
749 4380 845 4436 Pluut.
863 4381 892 4448 1,
909 4401 940 4454 p.
961 4385 1018 4439 637
1032 4397 1076 4454 sq.
1093 4381 1179 4452 (Mur.
1196 4383 1288 4439 lilaea.

150 4483 181 4522 n.
201 4463 231 4530 1,
240 4481 274 4536 p.
288 4463 347 4519 113
361 4465 419 4536 sq.)
435 4455 449 4542 ll
464 4461 502 4521 ob
518 4466 551 4537 A,
568 4463 610 4522 St.
627 4461 667 4522 ad
680 4467 769 4522 ceteri
776 4471 896 4539 praeter
912 4467 934 4524 G
950 4459 963 4549 ΙΙ
978 4467 1067 4526 etatis
1081 4467 1132 4524 ΒΖ
1146 4459 1160 4550 ΙΙ
1172 4485 1227 4527 sue
1241 4469 1293 4532 ΕΖ
