3190 5098
712 411 816 456 corve
833 414 844 454 r
1284 395 1347 460 403

205 565 321 624 Donati
337 563 582 626 immiscebantnr.
600 563 639 624 ef.
656 563 783 624 Servius
801 563 859 626 ecl.
881 563 913 624 X
931 576 942 626 l
961 563 1006 626 Vl
1021 572 1048 628 3.
1073 576 1113 626 ll.
1132 565 1162 626 in
1180 574 1246 626 tota
1260 550 1347 627 de'rii·

206 686 265 747 qne
288 668 352 726 vite
375 667 542 728 orationem
572 666 611 726 ad
642 665 758 728 aaeenli
782 666 828 726 sui
849 685 963 725 morem
990 666 1190 745 interpolator
1213 667 1347 744 refinxit,

205 767 296 829 credo
314 788 354 832 ne
368 769 494 828 nimium
512 787 609 828 aermo
626 769 739 846 ipsine,
759 787 819 848 qno
841 775 872 828 et
888 767 992 828 rudius
1010 775 1041 827 et
1060 767 1245 830 adfectetina
1267 769 1347 832 nihil

204 877 308 951 petest
321 871 464 948 cogitari,
486 889 505 930 a
524 871 676 934 latinitate
699 851 944 948 et'simplicitete
959 867 1070 930 Donati
1089 871 1260 932 recederet.
1296 891 1347 932 ce·

203 981 302 1032 terum
326 992 385 1032 non
406 993 530 1052 protana
550 970 746 1050 neglegenda
768 979 816 1030 cet
837 971 954 1049 vulgati
978 971 1112 1050 exempli
1127 974 1294 1052 scriptura,
1313 981 1347 1034 ut

205 1093 283 1152 quae
305 1072 456 1134 interdum
477 1073 612 1138 melioria
633 1073 718 1147 libri,
740 1092 830 1155 quem
850 1073 1044 1146 nostrimet,
1066 1076 1239 1136 memoriam
1256 1077 1344 1157 eeqni

204 1173 355 1236 rideatur.
387 1176 425 1236 cf.
441 1195 472 1255 p.
489 1185 533 1249 60.
548 1185 566 1240 l
580 1185 641 1236 etc.

287 1295 387 1354 Pocae
408 1293 542 1374 denique
557 1295 782 1372 grammaticos.
792 1293 875 1356 urbis
889 1293 1005 1356 Romae
1030 1297 1124 1356 vitem
1143 1295 1260 1375 Vergili
1278 1317 1345 1358 ver·

203 1395 287 1456 aibue
308 1393 418 1472 edidit,
435 1397 471 1480 ,³¹¹
494 1415 555 1477 qua
580 1394 802 1457 conscribenda
823 1396 978 1457 Donatum
998 1418 1059 1458 non
1085 1397 1253 1458 adhibitum
1277 1418 1346 1460 esee

203 1497 340 1558 indicare
355 1497 499 1560 videntur
516 1517 596 1579 quae
618 1496 657 1557 de
682 1506 770 1578 patre
785 1507 896 1578 poetae
917 1497 1092 1558 traduntur:
1116 1500 1267 1581 siqnidem
1281 1502 1343 1560 Do·

202 1609 291 1660 nctus
312 1619 381 1660 enm
400 1600 567 1660 secundnm
590 1599 737 1679 qnondam
767 1599 907 1678 figulum,
938 1599 1105 1661 secundum
1132 1601 1235 1682 plnres
1260 1603 1345 1682 Magi

201 1702 328 1762 viatoris
342 1703 583 1762 mercennarium
599 1701 694 1762 fuiaae
711 1701 826 1774 scribit,
839 1701 939 1762 Focaa
956 1723 1028 1762 vero
1044 1723 1078 1763 re
1094 1703 1218 1764 inversa
1234 1725 1263 1784 p.
1277 1713 1345 1776 69‚5

201 1803 332 1882 plurium
346 1804 518 1864 testimonio
536 1811 676 1864 constare
691 1803 781 1878 dicit,
803 1803 930 1881 figulum
950 1823 1017 1865 eum
1035 1804 1139 1869 fuisse.
1176 1807 1226 1868 cni
1244 1805 1343 1866 diver·

202 1906 300 1982 nitati,
322 1925 401 1988 quae
416 1903 540 1985 quidem
557 1924 575 1964 a
590 1907 676 1966 Foca
691 1905 730 1964 ad
746 1925 874 1966 acumen
891 1905 1086 1968 efficiendum
1100 1929 1130 1988 p.
1148 1918 1197 1982 69,
1212 1915 1228 1970 7
1250 1929 1343 1990 quae·

201 2007 261 2068 sita
292 2009 428 2082 videtur,
460 2027 499 2068 ne
522 2007 650 2067 multum
675 2007 859 2081 tribuemus,
894 2009 1017 2069 obstant
1045 2010 1204 2070 luculenta
1229 2010 1345 2070 Donati

201 2111 333 2170 auctoris
357 2111 386 2169 io
409 2111 484 2188 ipsis
509 2108 588 2170 adeo
612 2109 714 2170 verbis
737 2111 877 2188 vestigia.
921 2111 1105 2170 notabiliora
1124 2112 1205 2171 infre
1227 2111 1344 2172 subieci

200 2211 349 2292 adpositis
366 2213 481 2272 Donati
496 2212 583 2272 locis.

436 2382 528 2431 Pocae
1001 2380 1128 2430 Donetoe

267 2501 293 2550 p.
313 2483 354 2546 60,
376 2482 415 2536 10.
436 2482 468 2535 13
854 2499 878 2547 p.
899 2481 940 2544 55,
962 2479 974 2530 l
993 2497 1033 2547 eq.
1106 2485 1108 2488 '

198 2571 261 2620 leaeo
278 2585 330 2619 cnm
348 2576 446 2618 mettere
465 2573 629 2634 premeretur
642 2567 759 2632 pondere
816 2582 965 2632 praequam
983 2583 1013 2616 eo
1029 2573 1110 2616 meter
1125 2569 1271 2626 amonicali,
1291 2571 1343 2617 em·-

501 2653 606 2710 neotrie,
784 2669 845 2702 mora
861 2668 889 2702 ee
908 2655 1019 2702 lmmenm
1037 2665 1140 2701 rmnnm.

200 2739 312 2790 Phoebei
321 2743 428 2790 memorie
439 2755 533 2788 ramam
539 2737 641 2801 fodinae
649 2737 757 2801 putauit.

269 2858 294 2906 p.
314 2839 354 2903 70,
376 2839 461 2906 laqq.
851 2855 877 2905 p.
895 2839 935 2900 55,
955 2839 1039 2904 lieqq.

197 2929 302 2991 inermen
318 2927 358 2976 oia
373 2928 486 2990 genitor,
506 2927 560 2974 noti
576 2925 632 2976 dnm
641 2925 701 2990 suta
717 2941 758 2974 re·
821 2925 903 2988 Vlrya
911 2925 1256 2990 popreleamorereqieaier'n
1264 2939 1342 2990 paer-

469 3011 553 3077 qoim't,
782 3013 863 3074 perlis
885 3012 972 3060 eedem
994 3013 1079 3060 rtatim
1101 3014 1163 3060 ieen'
1175 3011 1287 3074 depacta
1305 3013 1342 3061 ita

197 3099 331 3162 poprrleam
348 3098 432 3146 sterili
448 3097 545 3162 airyom
557 3097 685 3146 mandauit
698 3110 756 3144 ore·
783 3093 855 3145 breui
875 3098 968 3145 crealuit
991 3101 1117 3160 tempore,
1140 3100 1166 3143 et
1190 3097 1264 3145 inulto
1282 3102 1342 3146 cote

468 3197 531 3230 oce:
782 3187 854 3230 ealce
871 3183 978 3245 poprrloe
996 3180 1201 3246 odneqamo'enet.

198 3273 310 3331 tempore
323 3281 388 3332 quae
400 3267 496 3314 nutrita
507 3265 579 3314 breui
595 3265 651 3314 dorm
665 3267 757 3315 erescit

469 3352 493 3398 io
512 3365 581 3399 omen

198 3439 275 3486 nidor
284 3438 382 3486 emicuit
393 3436 496 3493 canem,
516 3449 579 3500 qum
590 3439 702 3484 amnem
715 3449 756 3482 oc-
865 3451 869 3459 ·

466 3525 516 3568 tna.

265 3674 291 3724 p.
311 3655 352 3718 71,
374 3655 405 3706 14
417 3672 476 3722 eqq.
849 3651 937 3716 prees.
947 3649 1037 3700 bucol.
1049 3645 1097 3712 aad
1110 3649 1151 3700 ed.
1161 3645 1271 3702 llilller.

198 3742 305 3792 Manena
327 3749 354 3791 ta
371 3746 504 3792 coniuncta
522 3743 576 3790 loco
593 3739 692 3790 sociata
709 3753 754 3800 pe·
820 3743 846 3786 nt
869 3751 918 3786 aon
939 3735 1081 3800 sufficiente
1104 3751 1167 3800 coro
1193 3734 1341 3786 Orcmooea-

467 3827 551 3876 riclr'a:
781 3825 842 3872 mam
858 3821 992 3872 Mmeuam
1009 3835 1115 3886 qnoque,
1133 3821 1158 3870 io
1177 3819 1265 3885 quibat
1282 3825 1341 3869 erat

197 3929 246 3964 ano
264 3919 347 3964 taurea
364 3913 396 3962 ed
407 3915 519 3962 meritum
536 3911 652 3960 mriaeram
664 3907 756 3959 uicinia
781 3911 855 3958 etiam
864 3911 943 3972 poete
951 3906 1086 3969 Verqilr'ne,
1099 3906 1231 3955 nummum
1239 3909 1341 3968 partem

463 3996 536 4060 feeit.
777 3995 863 4055 flamm
877 4007 977 4041 eaerum
991 3991 1167 4056 perdidissent
1183 4003 1213 4038 ee
1226 3989 1294 4054 qrrod
1302 3990 1339 4037 m‘-

195 4083 244 4132 iam
259 4082 335 4132 Maro
351 4085 438 4145 poam
456 4087 527 4130 erat:
544 4078 698 4129 eeduim'lom
713 4078 754 4127 ob·
780 4079 831 4126 cini
849 4075 1053 4126 Oreneoneoeibua
1068 4075 1181 4138 fuerant.
1211 4073 1260 4122 ned
1274 4073 1340 4122 Ver·

466 4165 521 4214 aim
536 4163 588 4214 ibat
777 4163 853 4224 ailon
874 4163 964 4210 merite
982 4162 1117 4210 carminum
1131 4159 1217 4222 fretam
1234 4163 1260 4206 et
1278 4157 1336 4206 cori·

193 4253 279 4315 fretus
296 4254 431 4301 anticorum
442 4251 532 4313 clipeo,
550 4263 604 4298 cum
615 4261 697 4312 paene
708 4235 751 4295 ire·
778 4248 840 4295 cilia
863 4245 1019 4310 quorumdam
1039 4245 1179 4307 potentium
1196 4243 1341 4292 centurioni

463 4333 546 4397 sande
777 4331 859 4380 Arrio
874 4327 1061 4380 crorrobslctere
1072 4341 1148 4378 maere
1158 4332 1226 4376 emet
1244 4341 1268 4376 e.
1282 4339 1336 4391 q-e·

196 4437 256 4474 enee
267 4425 347 4488 perit.

1054 4493 1111 4554 26·
