3078 5072
243 355 283 418 60
533 347 542 355 '
621 375 663 414 na
687 373 772 416 vinis
796 373 1008 416 runvsrnrsvs

242 521 385 586 instituit
404 530 499 608 prout
519 519 637 587 liberet
659 519 801 607 quidque
825 529 857 584 et
883 520 965 584 nihil
987 521 1020 585 in
1042 493 1188 586 ordinem
1212 498 1382 609 arripiens.

242 632 278 688 ut
307 645 348 687 no
381 623 459 709 quid
487 624 642 708 impetum
670 630 851 686 moraretur
882 623 1041 708 quaedam
1069 621 1251 709 inperfecta
1278 631 1383 686 trans·

243 726 332 790 misit
365 726 430 788 alia
456 723 631 788 leuissimis
658 721 768 787 uerbis
801 721 904 787 ueluti
937 723 1046 806 fulsit,
1081 743 1165 809 quac
1192 746 1251 810 per
1275 725 1381 788 iocum

178 825 182 832 ’
243 849 301 914 pro
315 819 505 890 tibiciuibus
528 825 690 911 interponi
712 821 822 888 aiebat
841 824 882 888 ad
906 824 1131 890 sustinendum
1154 848 1251 912 opus,
1278 825 1382 890 donec

243 927 366 994 solidae
406 926 575 992 columnae
614 925 818 990 aduenirent.
868 925 1018 991 bucolica
1055 927 1194 992 triennio
1227 927 1405 1012 georgioas

245 1029 308 1092 Vll
334 1027 482 1093 Aeneida
510 1027 561 1091 XI
589 1027 728 1113 perfecit
755 1029 858 1092 aunis.
900 1017 1050 1092 bucolica
1077 1049 1115 1091 eo
1136 1025 1294 1096 'successu
1315 1027 1382 1092 edi·

244 1131 307 1213 dit,
336 1131 427 1194 utin
452 1151 549 1194 scena
571 1151 699 1216 quoque
730 1151 788 1216 per
815 1139 963 1194 cantores
990 1128 1105 1195 crebro
1133 1130 1381 1218 pronuntiaren-

244 1268 353 1319 solitum
373 1270 478 1330 lerunt,
507 1283 604 1334 parere
623 1283 652 1317 ae
671 1283 766 1318 uersus
784 1283 857 1317 more
882 1273 964 1333 atque
983 1270 1037 1318 ritu
1055 1263 1165 1320 ursinos
1193 1285 1256 1318 narn
1280 1273 1311 1316 ut
1333 1265 1382 1316 ills

196 1377 199 1384 r
245 1338 336 1387 bestie
364 1337 449 1386 letum
478 1335 571 1386 ederet
599 1335 781 1402 ineffigiatum
812 1337 1023 1402 informemque,
1052 1335 1196 1388 lambendo
1225 1337 1253 1386 id
1284 1341 1387 1400 postea

246 1405 317 1470 quod
336 1405 375 1452 ita
399 1403 531 1454 edidisset
550 1405 734 1454 conformaret
753 1409 780 1454 ct
798 1403 927 1470 fingeret,
957 1405 1071 1470 proinde
1091 1405 1196 1469 ingenii
1215 1418 1321 1469 quoque
1339 1402 1383 1452 sui

244 1479 340 1538 partus
358 1475 483 1522 recentes
501 1471 561 1520 rudi
585 1486 645 1521 esee
669 1472 743 1521 facie
768 1477 796 1521 et
814 1473 982 1536 inperfecta,
1011 1469 1059 1521 sed
1082 1473 1213 1552 deinceps
1236 1469 1382 1520 tractando

244 1539 413 1604 colendoque
432 1537 545 1588 reddere
564 1539 599 1588 iis
617 1555 646 1588 ee
670 1541 731 1589 oris
743 1545 771 1588 et
788 1539 880 1590 uultus
898 1539 1084 1589 liniamenta)
1104 1539 1291 1601 Quintilianus
1308 1539 1333 1588 X
1350 1537 1382 1598 3,

244 1606 273 1655 8:
315 1606 477 1671 ‘Vergilium
501 1621 606 1672 quoque
629 1607 809 1672 paucissimos
832 1607 875 1656 die
905 1609 1090 1671 composuisse
1109 1622 1204 1656 uersus
1223 1611 1319 1658 auctor
1339 1611 1384 1654 est

245 1673 363 1724 Varius)
395 1675 431 1726 cf,
449 1674 572 1737 Hierony
651 1691 746 1723 eonun.
771 1675 799 1722 in
817 1673 980 1724 Zachariam
999 1675 1038 1724 111
1063 1673 1092 1722 ll
1112 1681 1176 1724 tour.
1197 1675 1232 1723 VI
1250 1689 1314 1739 pag.
1332 1671 1380 1722 881

244 1742 315 1792 Vall.
336 1758 430 1792 comm.
451 1741 477 1790 in
498 1758 540 1806 ep.
560 1690 729 1858 avalunae
747 1743 788 1791 111
806 1741 822 1791 5
841 1747 904 1792 tom.
925 1743 978 1792 Vll
996 1759 1059 1807 pag.
1078 1740 1128 1792 485
1146 1741 1218 1791 Vall.

329 1807 402 1874 deq.
439 1809 549 1858 Servius
574 1825 625 1859 ec.
649 1810 687 1858 Vl
712 1809 756 1858 ll:
794 1810 915 1859 ‘Dicitur
944 1816 1035 1860 nutem
1064 1809 1167 1874 (ecloga
1194 1809 1250 1871 Vl)
1275 1809 1384 1874 ingenti

243 1879 341 1927 fauore
362 1893 378 1926 a
395 1876 512 1941 Virgilio
532 1891 591 1926 esse
610 1878 742 1936 recitata;
761 1876 832 1926 odeo
850 1883 889 1940 ut,
909 1893 969 1928 cum
988 1895 1047 1927 eam
1066 1883 1164 1944 postea
1182 1875 1308 1941 Cytheris
1327 1891 1383 1926 ure·

252 1969 438 1980 .........---

331 2025 342 2075 l
367 2015 496 2072 instituit
522 2022 554 2072 ut
576 2013 699 2094 quidam
726 2013 858 2073 tradunt.
900 2015 952 2074 alii
979 2015 1043 2074 eius
1069 2015 1240 2074 sententiaa
1262 2022 1332 2071 sunt
1349 2021 1383 2072 ut

246 2098 434 2170 existiment,
448 2117 515 2156 eum
531 2100 556 2157 si
575 2097 686 2157 diutius
702 2099 830 2172 uixisset
854 2109 983 2180 quatuor
1003 2109 1034 2159 et
1049 2100 1157 2177 uiginti
1176 2097 1271 2158 libros'
1285 2117 1383 2177 usque

245 2183 284 2243 ad
295 2184 426 2260 Augusti
440 2191 577 2262 tempora
592 2184 770 2262 scripturum
784 2193 874 2265 atque
890 2185 951 2244 alia
966 2185 1115 2266 quaedam
1132 2183 1228 2262 (immo
1246 2180 1381 2264 quidem)

244 2288 473 2348 percursurum,
515 2269 644 2346 Augusti
675 2287 747 2328 uero
774 2278 861 2346 gesta
891 2269 1121 2347 diligentissime
1153 2275 1381 2330 exsecuturum:

244 2353 358 2434 quippe
379 2353 432 2431 qui
454 2353 523 2412 dum
541 2353 688 2412 scriberet
707 2373 745 2412 ne
767 2353 839 2433 quid
857 2351 899 2426 §ll
915 2355 1068 2432 accipiens
1085 2356 1112 2412 R
1132 2349 1148 2436 ll
1167 2363 1184 2414 2
1203 2353 1384 2520 imperfecta

247 2442 292 2507 Βς
304 2437 316 2516 li
333 2436 513 2516 transmisit]
536 2438 659 2517 reliquit
676 2434 719 2517 §ll
734 2449 751 2500 3
765 2436 881 2517 uerbis]
904 2439 1042 2498 uersibus
1062 2434 1105 2521 ςΙΙ
1121 2459 1196 2518 quos
1213 2459 1231 2507 ς
1283 2434 1382 2498 itihi-

245 2523 361 2582 ciuibus
378 2528 498 2596 scripsi:
516 2521 670 2582 tibialibus
686 2526 740 2581 BR
755 2523 860 2600 tigillis
874 2523 924 2582 uel
942 2524 1115 2583 tibiciuibus
1129 2545 1146 2592 ς
1158 2520 1171 2603 Η
1187 2543 1250 2582 ase
1263 2520 1384 2580 dicebat

246 2629 263 2678 ς
277 2603 289 2689 ll
304 2620 319 2670 5
335 2607 474 2666 bucolica
491 2608 619 2666 triennio
636 2608 735 2666 Asinii
745 2609 894 2666 Pollionis
914 2627 1006 2668 suasu
1020 2610 1159 2688 perfecit.
1181 2609 1231 2666 hic
1243 2615 1382 2684 transpa-

166 2721 173 2728 ·
245 2692 355 2751 denam
367 2693 552 2770 prouinciam
568 2691 709 2769 regebat3
726 2695 810 2751 cuius
823 2695 926 2752 lairere
940 2714 1006 2752 cum
1020 2693 1174 2752 ueteranis
1185 2692 1314 2770 Augusti
1329 2692 1383 2750 mi·

244 2775 346 2834 litibus
360 2775 608 2835 Cremonensium
628 2786 659 2834 et
677 2777 910 2842 Mantuanorum
933 2780 998 2854 agri
1021 2777 1285 2849 distribuerentur,
1313 2795 1384 2834 suos

245 2861 390 2936 Virgilius
417 2881 476 2920 nou
497 2861 604 2920 amisit.
641 2861 724 2920 sacta
750 2864 829 2920 euim
851 2855 1063 2922 distributione
1084 2883 1154 2920 suos
1179 2861 1307 2921 Claudio
1328 2879 1384 2919 seu

244 2945 317 3004 Ario
335 2945 421 3004 datos
438 2946 641 3023 recuperauit.
670 2947 750 3006 hune
774 2947 941 3006 Pollionem
963 2949 1092 3007 maxime
1115 2947 1227 3006 amauit
1252 2947 1338 3005 Maro
1354 2955 1385 3004 et

245 3029 373 3088 dilectus
387 3029 424 3088 ab
441 3049 476 3088 eo
489 3051 599 3108 magna
609 3050 734 3090 munera
748 3033 832 3091 tulit:
850 3033 961 3110 quippe
977 3029 1029 3112 qui
1046 3033 1190 3090 inuitatus
1203 3030 1241 3090 ad
1258 3051 1384 3089 coenam

245 3123 351 3193 eaptus
373 3111 596 3193 pulchritudine
617 3124 647 3174 et
667 3115 824 3194 diligentia
849 3117 1013 3175 Alexandri
1036 3116 1183 3176 Pollionis
1206 3116 1291 3194 pueri
1316 3134 1385 3173 cum

245 3199 323 3258 douo
337 3200 466 3278 accepit.
486 3200 573 3258 huius
590 3200 737 3259 Pollionis
756 3202 850 3260 filium
868 3201 901 3260 Ο.
914 3201 1052 3260 Asinium
1062 3200 1105 3278 (ct
1121 3205 1200 3260 addit
1217 3199 1384 3270 Fabricius)
1444 3265 1453 3286 ι

245 3283 419 3352 Cornelium
436 3283 556 3343 Gallum
573 3295 722 3344 oratorem
735 3286 847 3346 clarum
861 3296 891 3344 et
903 3296 1023 3364 poetam
1039 3307 1099 3344 nou
1115 3284 1298 3344 mediocrem
1309 3285 1384 3342 miro

245 3389 346 3427 amore
359 3367 466 3428 dilexit
482 3369 636 3446 Virgilius.
666 3372 690 3429 is
711 3371 863 3430 transtulit
880 3371 1105 3450 Euphorionem
1125 3373 1154 3430 in
1166 3369 1291 3429 latinum
1304 3378 1335 3429 et
1349 3369 1384 3427 li-

244 3453 305 3511 bris
328 3462 456 3534 quatuor
473 3473 591 3513 amores
610 3455 648 3515 de
665 3455 832 3534 Cytheride
851 3456 980 3533 scripsit.
1012 3456 1061 3514 hic
1083 3456 1177 3534 primo
1199 3457 1229 3512 in
1252 3453 1386 3513 amicitia

245 3538 386 3598 Caesaris
402 3538 531 3616 Augusti
557 3541 627 3599 suit:
655 3555 761 3619 postea
779 3541 810 3599 in
827 3540 1030 3619 suspicionem
1049 3539 1263 3599 coniurationis
1280 3546 1385 3598 eontra

243 3623 328 3682 illum
346 3623 454 3682 ductus
475 3627 593 3684 occisus
611 3635 666 3684 est.
684 3645 789 3685 uerum
804 3645 900 3706 usquo
917 3625 994 3684 adeo
1010 3625 1090 3682 hunc
1107 3625 1227 3686 Gallum
1239 3623 1385 3700 Virgilius
1429 3639 1433 3644 ’

244 3714 361 3766 amarat
375 3718 408 3766 ut
422 3719 547 3789 quartus
559 3711 769 3788 georgicorum
785 3710 912 3769 emedio
925 3730 1021 3790 usque
1033 3708 1072 3768 ad
1084 3709 1173 3767 linem
1187 3711 1251 3768 eius
1264 3691 1385 3768 laudem

244 3794 428 3854 contineret:
446 3814 535 3873 quem
550 3805 657 3874 postea
671 3793 794 3854 iubente
807 3795 947 3872 Augusto
963 3797 994 3852 iu
1010 3795 1145 3853 Aristaei
1161 3793 1294 3852 sabulum
1305 3813 1384 3852 corn·

243 3879 379 3939 mutauit.
390 3880 534 3956 georgica
544 3880 702 3958 septennio
715 3879 862 3958 Neapoli,
879 3879 1020 3940 Aeneida
1031 3880 1139 3959 partim
1151 3879 1182 3937 in
1197 3877 1303 3937 Sicilia
1317 3899 1385 3956 par·-

243 3963 296 4020 tim
314 3963 343 4020 in
354 3961 520 4042 Campania
532 3965 579 4023 XI
592 3966 679 4023 anuis
691 3964 825 4024 confecit
841 3985 858 4033 ς
871 3960 884 4045 ll
898 3971 913 4026 7
927 3983 1051 4024 scenam
1064 3967 1090 4022 B
1104 3957 1117 4044 ll
1134 3962 1241 4022 erebra
1254 3983 1384 4044 pronun·

243 4047 370 4106 tiatione
392 4049 601 4108 recitarentur.
632 4059 662 4108 at
683 4069 749 4108 curu
773 4049 881 4108 Cicero
903 4048 1051 4128 quosdam
1072 4068 1179 4107 uersus
1196 4045 1332 4108 audisset
1356 4061 1387 4105 et

245 4132 347 4189 statim
362 4134 425 4191 acri
445 4133 558 4193 iudicio
572 4134 774 4192 intellexisset
784 4155 844 4193 uon
861 4134 1009 4192 communi
1026 4154 1105 4194 uena
1118 4133 1215 4192 editos
1226 4174 1234 4204 ‚
1247 4133 1334 4192 iussit
1347 4125 1390 4192 ab'

245 4216 329 4274 initio
347 4223 439 4276 totam
459 4217 596 4296 eclogam
612 4219 743 4278 recitari.
773 4239 864 4299 (luam
886 4239 953 4278 eum
971 4228 1113 4278 accurate
1130 4227 1338 4297 pernotasset,
1356 4219 1385 4276 iu

244 4300 304 4358 lina
323 4301 380 4358 ait:
409 4305 554 4378 ‘maguae
572 4323 642 4381 spes
658 4303 755 4362 ultera
774 4305 925 4374 Romae',
942 4306 1028 4383 quasi
1046 4304 1111 4382 ipse
1126 4304 1249 4378 linguae
1271 4301 1385 4362 latinae

193 4427 198 4434 .
245 4405 315 4466 spes
332 4386 429 4463 prima
447 4388 570 4460 fuisset,
593 4397 624 4447 et
646 4389 732 4446 Maro
751 4389 868 4450 iuturus
893 4398 975 4448 esset
999 4387 1150 4449 secunda:
1186 4407 1265 4467 quae
1292 4386 1387 4448 uerba
