3138 5100
499 441 527 482 r.
542 438 723 484 amscnnan
738 417 985 502 courrnsranrvs'
1144 399 1149 408 ¹
1241 417 1302 480 525

170 591 267 652 multe
289 590 495 653 condonemus
516 609 594 672 quae
615 592 646 650 in
669 598 818 652 oratorem
841 588 1032 650 nullomodo
1058 587 1183 662 cadant,
1206 597 1307 650 tamen

171 703 234 754 tam
258 693 313 754 ille
335 713 447 773 expers
468 689 640 772 elegantiae
661 713 700 754 ns
723 693 755 752 iu
777 690 959 752 carminibus
981 689 1103 773 quidem
1125 691 1182 750 fuit
1203 699 1237 750 ut
1255 692 1308 752 vel

171 795 250 856 haec
266 795 431 856 scriberet:
452 803 480 854 tu
493 813 606 871 quoque,
622 801 670 874 qai
741 813 906 872 expressam
920 798 1006 853 lctirra
1020 813 1107 854 uoce
1121 795 1308 854 Menandrum

171 903 199 957 in
215 902 332 958 medium
349 901 426 958 nobis
440 901 542 956 sedatis
555 901 700 958 uocibus
714 901 809 974 effers,
824 895 876 956 vel
891 917 952 956 non
968 897 1066 956 minus
1081 896 1193 975 frigide
1207 896 1308 976 proxi·

171 1019 252 1060 mum
276 1020 397 1061 versum
421 1000 514 1060 talem
537 999 670 1060 laceret:
701 1001 830 1075 quiddam
849 1017 924 1058 come
944 1003 1091 1074 loquens
1115 1009 1195 1074 atque
1217 1003 1308 1058 omnia

170 1105 264 1161 dulcia
284 1106 415 1162 dicens.
451 1102 494 1162 Et
513 1101 577 1162 illic
599 1102 722 1184 quidem
744 1103 802 1162 etsi
826 1099 902 1160 nihil
925 1102 992 1160 vitii
1013 1101 1065 1160 vel
1085 1099 1308 1162 Valckenarius

172 1205 204 1264 in
218 1203 376 1264 Theocriti
391 1204 540 1266 Adonian.
563 1225 593 1285 p.
610 1213 663 1268 330
684 1203 736 1264 vel
751 1203 925 1264 Meinekius
946 1203 1073 1282 praefat.
1093 1201 1255 1262 Menandri
1278 1223 1308 1282 p.

173 1319 298 1368 xxxvlt
313 1307 461 1388 suspicati
475 1317 560 1380 sunt,
579 1325 686 1367 verum
700 1297 769 1366 raro
785 1305 925 1386 exemplo
942 1305 1084 1365 Barthius
1099 1303 1177 1364 vidit
1191 1305 1309 1365 Adver-

173 1409 319 1468 sariorum
334 1417 488 1486 xxxlv‚7
509 1413 610 1468 sedatis
624 1413 770 1468 motibus
789 1408 975 1468 substituens
990 1389 1045 1486 pro
1066 1411 1170 1467 sedatis
1189 1411 1310 1480 arcibo,

173 1511 256 1592 quod
273 1531 311 1572 ne
326 1532 382 1591 per
402 1511 577 1593 sequidem
596 1519 644 1570 sat
659 1510 847 1570 commodum
861 1509 1049 1570 intellectum
1070 1509 1171 1569 habet.
1208 1509 1309 1570 Motus
1348 1518 1351 1530 ’

175 1615 254 1672 enim
270 1615 362 1674 animi
376 1615 407 1673 h.
423 1634 450 1674 e.
467 1615 681 1674 concitatiores
696 1622 788 1694 atque
803 1611 881 1672 adeo
897 1607 1084 1672 sublimiores
1100 1613 1225 1672 affectus
1242 1629 1310 1670 eum

174 1717 325 1794 gravitate
348 1715 517 1794 descriptos
537 1716 611 1776 satis
633 1723 752 1776 constat
771 1735 790 1774 a
803 1715 950 1775 Terentio
968 1713 1028 1774 iam
1050 1723 1171 1775 veteres
1190 1715 1309 1772 criticos

175 1809 570 1897 abiudicasse,ribr1potius
590 1817 636 1878 illi
657 1837 748 1898 quarn
762 1808 847 1893 πάθη
865 1816 1054 1876 tribuentes:
1079 1816 1117 1876 de
1140 1835 1200 1898 spuo
1217 1824 1247 1875 et
1265 1816 1309 1875 lu·

175 1919 299 1980 culeuta
313 1927 382 1980 sunt
400 1929 430 1980 et
445 1929 518 1980 nota
535 1919 673 2002 omnibus
689 1921 834 1981 Varronis
853 1921 1027 1980 testimonia
1042 1918 1123 1998 apud
1140 1917 1310 1978 charisium

174 2042 204 2101 p.
222 2031 274 2086 215
291 2031 321 2082 et
334 2022 466 2082 Nouium
482 2044 511 2103 p.
529 2031 589 2088 374.
620 2021 800 2103 Eodemque
813 2021 932 2103 pridem
946 2022 1135 2081 intellectum
1150 2029 1197 2081 est
1211 2021 1310 2081 Hora-

123 2177 126 2184 .
175 2124 248 2184 tium
265 2133 423 2204 spectare,
441 2137 511 2185 cum·
529 2129 693 2200 pronitatem
708 2125 826 2184 laudari
847 2123 1039 2197 iussaocilio,
1055 2123 1087 2181 in
1101 2120 1246 2183 Terentio
1261 2145 1309 2182 ar-

175 2233 226 2284 tem
253 2207 385 2286 excluse¹
399 2228 549 2304 gravitate
575 2227 768 2305 significavit.
813 2226 870 2286 His
893 2227 985 2304 igitur
1007 2225 1169 2286 Terentius
1189 2219 1310 2298 πάθεσι,

176 2347 254 2410 quae
273 2348 292 2387 a
305 2328 474 2390 Menandro
490 2329 612 2410 quidem
626 2329 749 2389 minime
764 2327 1011 2400 aliena-fuerunt,
1030 2347 1090 2387 non
1106 2347 1175 2387 esse
1190 2327 1249 2386 nisi
1263 2347 1310 2386 se·

176 2430 255 2490 datia
269 2431 300 2492 h.
316 2451 343 2492 e.
359 2433 523 2492 attenuatis
541 2439 572 2492 et
587 2429 628 2490 ad
643 2431 777 2512 aliquam
792 2429 991 2490 humilitatem
1010 2429 1162 2509 depressis
1179 2449 1249 2488 usus
1266 2429 1309 2488 di-

177 2533 264 2592 citur.
302 2531 416 2604 Contra
436 2537 538 2592 sedatus
562 2536 695 2602 mondus,
719 2532 800 2616 quod
823 2533 881 2592 luit
901 2534 950 2592 cui
977 2534 1008 2591 iu
1031 2531 1163 2592 ruentem
1184 2533 1311 2608 veniret,

176 2637 293 2696 ratione
309 2636 428 2696 omnino
449 2643 547 2708 caret,
567 2655 634 2695 cum
655 2626 687 2694 τὸ
702 2627 815 2712 ἠθικὸν
833 2644 940 2714 suapte
955 2643 1065 2694 natura
1080 2634 1149 2693 lene
1164 2635 1203 2693 sit
1220 2643 1250 2694 et
1264 2653 1311 2694 se·

178 2737 290 2800 datum.
328 2737 437 2819 Itaque
460 2739 491 2798 in
508 2737 637 2798 eandem
656 2747 773 2817 partem
793 2739 877 2798 illam
891 2734 1151 2817 interpretandum
1167 2745 1215 2797 est
1230 2735 1311 2818 quod

177 2842 344 2899 dimidiatum
359 2842 546 2899 Menandrum
569 2840 601 2900 O.
619 2838 933 2901 caesar-Terentium
961 2819 1047 2898 dixit'
1064 2841 1108 2899 eis
1134 2841 1185 2920 qui
1206 2839 1310 2900 subse·

144 2959 150 2974 ³
177 2949 309 3021 quantur
329 2941 484 3016 versibus,
506 2942 537 3001 h.
560 2963 587 3002 e.
609 2943 810 3005 Menandrico
836 2945 910 3003 artis
929 2943 961 3002 iu
986 2942 1100 3022 duplici
1126 2961 1255 3020 genere,
1282 2951 1313 3002 et

178 3041 278 3104 ethico
299 3053 330 3104 et
350 3043 523 3122 pathetice,
539 3045 723 3127 conspicuae
745 3044 899 3106 dimidiam
919 3053 1035 3105 tantum
1049 3031 1167 3125 partem
1184 3045 1311 3106 adsecu-

177 3153 255 3205 tum:
285 3145 373 3206 aliter
395 3156 485 3228 atque
500 3147 656 3208 lleiuekio
680 3149 779 3208 visum
801 3157 848 3208 est
867 3169 896 3228 p.
921 3159 1030 3206 xxxvl
1051 3148 1081 3206 in
1105 3147 1312 3210 adnotatione.

180 3245 321 3308 (letarum
339 3247 419 3330 quod
436 3249 516 3330 apud
534 3249 692 3310 Schottum
709 3248 729 3308 l.
746 3270 770 3310 s.
790 3269 812 3308 s.
828 3251 959 3330 positum
981 3249 1100 3329 reperio
1115 3255 1312 3316 sedutr'saurr'-

178 3353 237 3422 bur,
255 3370 314 3410 uec
330 3352 417 3430 capio
432 3371 490 3412 nec
505 3349 587 3412 uude
603 3353 730 3411 ascitum
746 3353 787 3411 sit
802 3353 942 3430 comperi.

263 3453 339 3530 Peg.
355 3452 411 3526 34,
427 3452 447 3514 6
467 3457 610 3530 quiddam,
624 3474 679 3534 pro
696 3473 756 3534 qno
772 3453 853 3535 quod
867 3453 898 3512 in
917 3455 1027 3514 ceteris
1041 3463 1163 3532 praeter
1178 3461 1313 3514 veterem

178 3555 350 3615 Parisinurn
373 3554 458 3614 libris
476 3563 578 3616 exstat
592 3559 746 3632 quidquod
761 3555 811 3616 vel
829 3559 961 3633 quidquia
979 3577 1018 3616 ne
1033 3555 1171 3633 intellegi
1188 3555 1312 3638 quidem

179 3665 292 3736 potest,
307 3658 477 3717 rectissimo
493 3657 606 3718 iudicio
620 3657 680 3716 iam
695 3657 842 3718 Pithoeus
857 3653 992 3740 suscepit
1006 3659 1266 3740 Epigrammatum
1284 3665 1315 3719 et

180 3768 352 3840 poematum
368 3769 505 3820 veterum
527 3781 558 3840 p.
573 3769 608 3823 42
633 3759 681 3821 ed.
699 3760 799 3840 Lugd.
818 3781 846 3822 a.
869 3770 950 3838 1596,
973 3760 1115 3841 probavit
1135 3772 1206 3840 post
1220 3761 1313 3820 Nico·

179 3862 261 3921 lauru
275 3861 436 3922 Heinsium
458 3862 489 3923 in
508 3860 599 3925 Ovid.
615 3863 708 3924 'lhist
731 3875 768 3936 V,
794 3873 824 3937 l,
851 3873 883 3927 18
901 3865 1091 3924 Burmannus
1108 3863 1314 3942 Anthologia'o

180 3964 242 4024 vol.
258 3977 286 4038 1,
301 3985 330 4044 p.
347 3973 415 4039 tro,
436 3966 512 4024 miro
529 3966 655 4026 consilio
670 3975 702 4024 nt
716 3955 761 4025 toi
777 3966 838 4026 alia
856 3975 926 4026 ante
942 3987 975 4026 se
990 3976 1074 4026 recte
1091 3968 1217 4026 inventa
1231 3985 1314 4044 apre-

179 4067 225 4126 rit
238 4068 382 4148 Meyerus
396 4065 522 4130 Anthol.
545 4072 641 4148 epigr.
662 4077 705 4132 64.
738 4104 775 4114 -
800 4080 881 4145 utque
895 4089 951 4148 pro
974 4089 1009 4128 uc
1026 4068 1234 4148 reponendum
1256 4069 1315 4128 ian

181 4169 372 4230 Burmannus
386 4169 515 4230 viderat.
1017 4179 1022 4194 ·

264 4271 383 4332 Ibidem
394 4281 464 4352 post
480 4257 592 4347 macas
606 4292 713 4334 vocem
728 4275 838 4334 misere
852 4273 1002 4351 languens
1016 4277 1109 4332 diceas
1122 4273 1315 4354 participium

182 4375 241 4434 iam
260 4373 417 4434 Ciceronis
438 4373 603 4434 'editoribus
621 4374 801 4455 quibusdam
825 4375 1043 4457 antiquioribus
1065 4377 1226 4436 offensioni
1248 4376 1315 4450 luit,

182 4476 330 4559 aquibus
354 4481 478 4552 laquens
499 4479 643 4557 scripturn
662 4479 807 4540 invenio:
836 4478 917 4561 quod
943 4479 1023 4546 unde
1048 4481 1175 4558 petitum
1201 4479 1240 4538 sit
1265 4479 1316 4539 vel
