3162 5058
235 369 297 430 364
561 385 786 434 Qvnssmouas
809 385 1035 428 svurournnna
1087 379 1092 384 ·

232 543 370 597 librorum
386 541 546 612 proliatos
562 558 727 614 quanquam
743 542 891 596 rtiendosos
901 547 928 594 et
939 537 1123 610 imperfectos
1141 541 1181 594 oct
1195 557 1247 596 nos
1262 543 1367 596 retulit.

235 644 288 699 Cui
307 645 348 699 sic
369 642 501 698 habenda
523 648 565 696 est
584 644 680 713 pratia
697 648 728 698 ut
743 643 815 696 mule
835 641 1051 711 imprecandum
1072 646 1114 694 est
1129 639 1257 696 Siccouio
1269 643 1368 711 poten·

233 751 297 800 tono
309 746 461 816 putaretne.
498 746 549 814 qui
562 761 626 798 cum
642 759 704 799 eam
724 749 839 813 partem
858 756 912 812 que
928 749 971 797 est
985 743 1020 797 tte
1040 741 1204 798 oratoribus
1223 757 1258 797 nc
1276 745 1369 812 poetis

231 846 400 911 instanteset,
434 848 474 900 itu
502 847 664 915 suppressit
687 851 718 901 ut
745 859 781 899 ue
807 859 934 914 unquam
960 847 990 898 in
1015 844 1106 900 iucem
1134 845 1233 898 uenire
1261 849 1368 914 posset.

232 949 317 1018 quom
332 963 382 1018 epo
395 963 458 1002 cum
472 948 587 1018 putonii
593 947 809 1018 perquirerem,
829 945 942 1000 taudem
959 947 1071 1016 reperi,
1088 961 1150 1000 eam
1166 947 1201 1001 ab
1216 945 1264 1001 ilio
1275 945 1369 1016 fuisse

230 1048 415 1105 carthusiam.
458 1051 607 1120 sparsusque
629 1048 799 1120 arropantie
822 1061 857 1100 nc
877 1048 1035 1102 temeritate
1055 1048 1224 1118 impulsum,
1247 1048 1282 1104 de
1302 1048 1369 1102 uitis

231 1151 383 1206 illustrium
403 1153 577 1224 scriptorum
602 1148 801 1221 loquacissime
820 1148 935 1218 pariter
956 1155 983 1203 et
1006 1149 1180 1219 ineptissime
1205 1149 1367 1218 scripsisse.

231 1249 290 1308 iam
305 1269 379 1308 vero
395 1248 565 1309 cavendum
580 1256 627 1308 est
641 1267 680 1306 ne
695 1246 828 1319 relicua,
846 1264 926 1326 quae
943 1245 994 1304 hic
1010 1244 1048 1305 da
1066 1246 1133 1306 aliis
1147 1247 1283 1308 eiusdem
1297 1247 1367 1308 libri

230 1350 367 1432 partibus
382 1351 511 1430 repertis
534 1359 564 1410 et
584 1348 763 1428 interceptis
781 1345 958 1420 traduntur,
982 1347 1121 1426 cupidius
1139 1349 1365 1428 amplectamur.

229 1471 299 1511 nam
316 1451 408 1510 nimis'
425 1451 619 1512 incredibilia
641 1452 688 1510 bis
712 1449 933 1529 permiscentur
951 1467 1009 1506 nec
1035 1431 1128 1508 alieiri
1154 1451 1277 1510 fuerunt
1296 1451 1367 1511 Itali

229 1553 366 1613 homines
384 1561 445 1612 tum
461 1555 604 1632 temporis
623 1575 642 1614 a
658 1551 795 1612 lubidine
811 1551 863 1610 vel
875 1549 1094 1610 odiosisiseima
1108 1551 1366 1626 comminiscendi,

230 1654 319 1715 modo
331 1655 524 1716 adversarios
541 1655 658 1715 invidia
674 1653 845 1714 obruerent.
880 1650 957 1712 illud
971 1650 1052 1710 enim
1066 1652 1167 1712 scelus
1182 1661 1216 1712 nt
1233 1656 1367 1714 commit·

230 1766 324 1830 teret,
338 1756 425 1816 nulla
436 1757 577 1817 Sicconio
595 1775 689 1816 cansa
703 1755 825 1816 videtur
841 1756 952 1826 fuisse,
973 1773 1041 1812 eum
1057 1773 1096 1814 ex
1114 1754 1280 1834 specimine
1297 1755 1367 1816 libri

231 1859 296 1918 eius
308 1879 327 1918 a
337 1857 505 1918 Ritschelio
518 1858 549 1916 in
560 1857 659 1916 lucem
671 1857 789 1936 prolato
804 1856 878 1916 satis
891 1862 1053 1934 appareat,
1067 1865 1098 1914 et
1108 1875 1181 1915 vere
1195 1857 1367 1918 Pontanum

230 1959 269 2018 de
281 1959 402 2020 Sicconi
414 1957 490 2020 libro
502 1959 654 2018 iudicasse
666 1979 766 2038 neque
777 1958 872 2017 ullum
883 1959 914 2017 in
925 1977 963 2016 eo
975 1955 1102 2017 Suetoui
1114 1977 1200 2017 usum
1211 1979 1302 2038 posse
1315 1959 1366 2019 de·

228 2059 389 2141 prehendi.
406 2059 515 2142 quodsi
531 2059 590 2118 hoc
613 2067 666 2118 aut
682 2059 813 2118 Pontaui
832 2067 885 2118 aut
899 2058 1115 2119 Patavinorum
1129 2061 1193 2119 eius
1210 2069 1366 2121 anctorum

229 2171 431 2222 commentum
443 2171 500 2235 est,
515 2161 552 2220 de
563 2180 636 2220 vero
649 2179 710 2218 non
722 2158 906 2232 aberremus,
920 2160 945 2219 si
957 2161 1032 2220 nihil
1044 2162 1188 2241 antiquae
1202 2163 1367 2224 memoriae

227 2265 259 2324 in
269 2267 443 2325 narratione
459 2264 530 2324 Itali
547 2264 650 2322 inesse
665 2247 832 2322 statuamus
847 2263 906 2322 nisi
921 2263 1018 2322 solam
1032 2263 1265 2344 Hieronymiani
1283 2264 1367 2325 illius

227 2365 287 2425 loci
304 2366 561 2426 recordationem:
585 2365 617 2424 in
639 2363 769 2442 simplici
794 2373 896 2424 autem
917 2366 1093 2424 coniectura
1110 2385 1189 2446 quae
1204 2387 1278 2426 sane
1297 2387 1365 2445 prc-

228 2469 315 2528 clivis
331 2477 397 2527 erat
412 2469 543 2548 positum
559 2487 642 2539 esse,
662 2464 743 2545 quod
758 2465 933 2540 tradiderit,
949 2475 1066 2546 partem
1081 2467 1281 2549 interceptam
1294 2489 1366 2548 poe·

228 2579 325 2629 tarum
347 2578 379 2629 et
399 2578 551 2628 oratorum
570 2569 650 2628 vitas
669 2567 851 2646 conplexam
873 2587 951 2627 esse.
995 2589 1095 2648 neque
1114 2577 1216 2629 tomen
1231 2589 1365 2648 negave-

228 2674 300 2745 rim,
320 2673 379 2731 iam
396 2680 458 2730 tum
473 2666 664 2730 intellectum
685 2689 768 2742 esse,
793 2689 853 2728 non
870 2669 979 2730 deesse
999 2671 1114 2732 indicia
1130 2671 1240 2752 quibus
1254 2673 1365 2730 Hiero·

227 2774 312 2853 nymi
338 2774 503 2833 auctoritas
531 2771 763 2831 confirmaretur.
807 2773 918 2831 etenim
945 2772 1005 2832 ianr
1034 2775 1066 2832 in
1095 2773 1195 2834 lucem
1221 2775 1367 2852 protracti

229 2883 315 2935 erant
342 2875 460 2954 antiqui
479 2874 606 2934 Terenti
632 2881 663 2932 et
684 2874 794 2932 Horati
814 2874 1016 2953 interpretes,
1044 2876 1095 2956 qni
1121 2873 1298 2934 Suetonium
1326 2875 1365 2934 de

228 2977 293 3036 vita
313 2977 420 3036 horum
438 2983 596 3054 poetarum
618 2975 779 3054 scripsisse
796 2973 909 3034 diserte
930 2978 1035 3035 testati
1059 2986 1139 3036 sunt.
1183 2985 1276 3056 atque
1290 2978 1365 3036 viris

229 3079 328 3138 doctis
350 3080 413 3138 eius
430 3075 539 3137 aetatis
560 3077 735 3136 nofissimus
756 3084 823 3135 erat
843 3076 921 3136 alius
941 3079 1029 3136 testis
1051 3079 1171 3137 maioris
1186 3077 1365 3138 Suetoniani

228 3179 306 3242 libri.
353 3181 384 3240 in
401 3179 556 3260 plerisque
578 3181 657 3238 enim
676 3176 896 3238 recentioribus
916 3179 1063 3238 naturalis
1085 3180 1231 3240 historiae
1250 3177 1365 3239 Plinia-

227 3301 285 3342 nne
302 3281 456 3342 codicibus
473 3281 539 3341 vita
552 3280 709 3360 scriptoris
726 3287 827 3353 extat,
853 3299 943 3359 quam
961 3283 1027 3360 ipse
1042 3281 1148 3342 titulus
1167 3301 1204 3341 ex
1228 3280 1305 3341 libro
1320 3283 1365 3340 iu·

226 3383 365 3442 lustrium
380 3384 513 3443 virorum
539 3381 728 3461 desumptam
752 3398 821 3439 esse
844 3381 946 3442 tradit.
989 3383 1045 3442 sed
1066 3383 1178 3474 uthoc
1193 3384 1365 3444 testimonio

226 3505 287 3543 non
305 3493 368 3545 tam
381 3495 540 3563 poetarum
556 3491 587 3542 et
597 3493 750 3542 oratorum
764 3501 856 3563 quam
870 3481 1082 3544 historicorum
1096 3487 1177 3545 ritas
1189 3485 1366 3546 Suetonium

228 3587 387 3665 scripsisse
407 3586 473 3646 iure
497 3585 629 3658 efficias,
659 3583 702 3644 itu
725 3591 758 3642 ut
779 3583 901 3642 maioris
930 3585 1000 3644 libri
1020 3596 1125 3666 partae
1149 3586 1270 3646 libellas
1291 3586 1365 3646 istos

227 3687 398 3746 iudicarent
420 3696 451 3747 et
468 3687 552 3748 facili
569 3688 744 3746 coniectura
760 3669 964 3761 grammaticis
978 3695 1087 3766 poetas
1107 3698 1242 3748 oratores
1263 3688 1364 3748 rheto-

227 3788 309 3848 ribus
337 3798 542 3867 oppenerent,
569 3788 653 3846 salus
679 3790 887 3868 Hieronymus
917 3799 1025 3850 auctor
1049 3792 1207 3863 movebat,
1237 3811 1256 3849 a
1280 3791 1365 3851 cuiue

229 3891 306 3950 adeo
330 3891 475 3950 memoria
495 3891 561 3969 ipse
581 3891 738 3951 Pantanus
760 3892 792 3950 in
821 3891 907 3950 initio
929 3891 1133 3952 adnotationis
1160 3913 1251 3972 quam
1273 3911 1366 3972 supra

227 3994 383 4072 posuimus
395 3991 530 4072 pendere
546 4010 579 4051 se
596 3992 753 4050 consessus
768 4001 825 4052 est.

312 4093 422 4154 Eidem
445 4093 575 4165 auctori,
605 4091 637 4152 id
658 4091 739 4173 quod
760 4094 920 4174 praeclaro
944 4095 1068 4155 invento
1094 4098 1282 4176 patefactum
1308 4103 1364 4168 est,

228 4192 406 4256 distinctum
419 4193 571 4275 deperditi
585 4194 657 4255 libri
674 4195 836 4273 imaginem
852 4195 1010 4258 debemus.
1048 4198 1197 4278 Iosephus
1218 4198 1299 4258 euim
1313 4197 1363 4257 Iu·

228 4305 292 4356 stus
314 4295 454 4375 Scaliger
468 4297 689 4378 Hieronymum
712 4300 742 4357 in
764 4299 979 4359 additamentis
1003 4299 1043 4359 ad
1064 4299 1180 4360 Eusebi
1201 4299 1364 4358 chronicon

229 4397 356 4458 Suetoni
370 4397 448 4458 libro
463 4399 502 4460 de
515 4398 591 4458 viris
605 4399 784 4461 inlustribus
799 4421 886 4461 usum
902 4421 971 4460 esse
987 4401 1150 4464 intellexit.
1185 4409 1365 4478 argumenta
