3162 5058
245 385 306 451 368
587 405 811 454 ovansmonss
827 406 1054 450 svnuouranas

246 557 374 618 Suetoni
386 557 536 617 rationem
549 556 722 635 significare
738 565 822 635 puto.
849 577 940 637 quani
956 557 1128 638 opinionem
1144 556 1295 618 adiuverit
1310 557 1382 619 alte-

244 677 310 718 rum
326 658 716 740 testimeniumHieronymi
732 659 764 718 in
784 659 921 740 epistulis
935 665 1062 720 imitatus
1079 661 1277 734 Tranquillum
1295 664 1385 720 Grue-

243 777 364 833 cumque
378 763 573 834 Apollonium,
586 781 646 842 quo
665 760 829 820 Suetonius
846 780 907 820 non
921 764 987 822 sine
1002 768 1126 820 austere
1138 761 1291 824 diversam
1304 763 1383 822 mam

244 861 337 920 inisse
366 859 526 922 indioatur'.
564 881 655 942 quam
676 861 824 940 Apolloni
845 862 958 923 Rhodii
987 864 1163 922 memoriam
1184 861 1237 941 (of.
1254 863 1385 924 Ritsehl.

245 961 349 1022 uoroli.
371 961 410 1021 de
435 962 508 1024 bibl.
524 963 615 1024 Alex.
631 984 662 1043 p.
680 971 715 1026 23
728 962 866 1023 Mlttzell.
887 963 926 1023 de
947 963 1066 1024 emend.
1087 963 1190 1042 theog.
1206 965 1335 1026 Hesiod.
1355 985 1385 1046 p.

243 1061 308 1142 288)
329 1063 429 1124 eidem
444 1065 559 1124 auctori
575 1065 764 1142 Hieronymo
780 1063 901 1126 debeat.
930 1074 1026 1126 restat
1042 1075 1251 1143 argumentum
1268 1087 1307 1126 ex
1323 1075 1383 1126 tee-

242 1165 366 1224 timonio
379 1167 558 1244 repetitum,
573 1163 655 1244 qnod
673 1168 852 1246 cumprime
871 1167 1019 1248 adspectu
1040 1175 1134 1226 totam
1151 1166 1386 1248 disputationem

243 1275 382 1327 evertere
402 1266 558 1340 videatur,
587 1265 626 1325 ad
646 1285 714 1326 eam
734 1268 969 1330 confirmandam
992 1271 1093 1349 potius
1115 1277 1145 1328 et
1164 1269 1384 1329 inlustrandam

244 1368 432 1446 aptissimum
445 1387 513 1428 esse
523 1367 653 1446 patebit.
677 1367 856 1430 Suetonium
873 1372 952 1430 enim
966 1371 1005 1430 de
1016 1369 1139 1448 regibus
1153 1369 1246 1430 libros
1257 1379 1320 1430 tres
1333 1370 1384 1429 de-

243 1469 325 1530 disse
341 1471 495 1532 Ausouius
515 1469 648 1550 epistula
666 1471 796 1533 XVIIII
812 1471 934 1550 (fragm.
949 1473 1011 1551 177)
1032 1471 1151 1546 scribit,
1170 1491 1247 1554 quos
1266 1480 1384 1552 partem

241 1571 412 1632 inlustrium
432 1574 564 1632 virorum
580 1591 635 1632 nos
656 1571 771 1634 babere
790 1593 847 1653 per
867 1593 902 1632 se
928 1575 1003 1634 nibil
1024 1583 1130 1636 vetare
1152 1575 1283 1636 videtur.
1327 1571 1384 1632 sed

243 1671 281 1732 ab
305 1672 412 1732 eodem
436 1681 560 1732 auctore
590 1672 734 1736 doeemur
760 1675 938 1736 Suetonium
964 1697 1027 1738 uon
1055 1677 1153 1738 solum
1180 1677 1384 1736 Romanorum

241 1795 348 1852 regum
370 1774 425 1835 sed
448 1776 540 1834 etiam
555 1774 743 1837 Graecorum
766 1785 798 1838 et
818 1777 1016 1838 barbarorum
1029 1779 1187 1838 historiam
1205 1776 1380 1848 tradidisse,

242 1875 325 1955 quod
339 1897 358 1936 a
373 1877 498 1936 oonsilio
516 1876 586 1936 libri
603 1877 642 1938 de
659 1879 733 1937 viris
751 1877 928 1939 inlustribus
944 1879 1076 1938 alienum
1093 1898 1161 1939 esse
1178 1877 1314 1958 adparet
1352 1887 1383 1936 at

243 1979 321 2038 enim
339 1998 400 2038 uon
420 1978 587 2040 subvereor
608 2000 648 2040 ne
669 1981 737 2060 quis
753 1981 825 2040 mibi
844 1980 1017 2060 exemplum
1032 1980 1162 2060 Nepotis
1182 1978 1311 2052 obioiat,
1331 1979 1383 2058 qui

242 2081 333 2140 etiam
356 2080 544 2142 Graecorum
563 2083 735 2142 inlustrium
756 2084 890 2143 virorum
909 2082 1004 2141 vitam
1023 2082 1239 2142 inlustraverit.
1267 2101 1337 2142 uam
1350 2089 1384 2139 ut

242 2185 378 2244 omittam
392 2183 477 2244 nulla
491 2185 623 2261 vestigia
635 2203 703 2244 esse
718 2182 829 2264 quibus
850 2184 1036 2244 adducamur
1049 2193 1083 2244 ut
1098 2183 1277 2243 Suetonium
1293 2182 1383 2240 etiarn

240 2305 369 2362 graecos
391 2287 555 2365 scriptores
576 2305 771 2347 enumerasse
789 2293 973 2359 statuamus,
1001 2285 1078 2349 adeo
1102 2293 1208 2346 auctor
1228 2281 1316 2342 nobis
1337 2291 1384 2341 est

240 2387 408 2464 neglegens
419 2387 472 2448 ille
484 2387 607 2468 quidem
620 2395 651 2446 et
661 2387 888 2465 neglegendus,
904 2408 995 2467 quem
1006 2397 1108 2448 tamen
1120 2388 1179 2446 boe
1190 2387 1257 2446 loeo
1271 2386 1383 2466 optime

241 2488 398 2550 adhibeas.
434 2488 545 2548 Suidas
561 2489 640 2548 enim
661 2489 693 2548 in
715 2488 855 2566 catalogo
881 2488 1025 2550 librorum
1046 2489 1316 2562 Suetonianorum,
1344 2486 1383 2546 de

241 2592 325 2650 euius
341 2592 458 2668 origine
475 2601 506 2651 et
525 2591 707 2650 austeritate
721 2589 801 2649 inira
819 2588 943 2650 dieendi
957 2591 1043 2651 loeus
1061 2591 1134 2664 erit,
1161 2590 1242 2650 hune
1263 2588 1383 2650 titulum

240 2689 334 2750 habet
365 2687 477 2768 στέμμα
499 2680 649 2768 Ῥωμαίων
676 2680 797 2768 ilique
825 2685 984 2768 ἐπισήμων.
1028 2712 1212 2772 quamquem
1241 2710 1280 2750 ne
1305 2691 1383 2750 haee

241 2791 364 2872 quidem
384 2795 529 2854 memoria
545 2814 564 2853 a
578 2793 674 2854 Suida
689 2793 742 2854 vel
757 2795 822 2856 eius
838 2802 961 2855 auetore
977 2815 1037 2853 non
1052 2793 1216 2853 obscurata
1230 2800 1293 2866 est,
1316 2810 1382 2851 eum

240 2893 333 2952 talem
348 2895 468 2954 titulum
483 2895 629 2956 Suetonio
645 2894 779 2956 tribuere
795 2917 883 2957 nemo
899 2895 1022 2956 audeat.

325 2995 389 3056 Sed
399 2995 459 3056 iam
471 2995 561 3056 video
572 3017 620 3056 me
633 2995 792 3076 delapsum
805 3019 873 3059 esse
883 2998 916 3058 in
928 2999 1019 3058 aliam
1032 2996 1243 3077 disputationis
1255 3003 1383 3075 partem,

240 3097 354 3178 quade
370 3098 439 3178 ipsa
452 3095 522 3158 libri
537 3099 732 3178 inscriptione
749 3098 899 3178 agendum
915 3110 971 3160 est.
997 3099 1074 3158 libro
1090 3098 1170 3158 enim
1191 3097 1299 3157 finibus
1321 3099 1384 3157 suis

241 3201 469 3278 circumscripto
481 3201 580 3278 ipsum
591 3200 726 3274 titulum,
743 3220 833 3280 quem
849 3202 914 3262 siue
930 3201 994 3262 ulla
1015 3199 1211 3260 dubitationis
1231 3199 1383 3277 signifiea-

240 3301 323 3362 tione
338 3305 373 3360 de
388 3306 461 3360 uiris
474 3307 642 3362 inlustribus
658 3301 737 3375 dixi,
752 3303 902 3364 incertum
916 3303 1068 3364 redditum
1084 3321 1152 3362 esse
1168 3300 1269 3362 video.
1290 3308 1383 3380 atque

240 3402 441 3464 Casaubonus
456 3405 487 3464 in
504 3405 695 3485 praefatione
712 3404 751 3466 ud
767 3425 872 3465 oomm.
888 3405 958 3466 libri
974 3406 1012 3465 de
1029 3424 1154 3484 gramm.
1174 3410 1205 3462 et
1221 3401 1299 3463 rhet.
1316 3421 1382 3460 sus-

239 3507 337 3586 picari
365 3527 399 3568 se
421 3506 494 3566 dioit
515 3509 616 3586 operis
637 3507 816 3568 Suetoniani
837 3508 969 3568 indicem
994 3509 1092 3567 minue
1111 3505 1183 3566 laxe
1204 3513 1384 3584 conseptum

239 3608 335 3668 inisse
355 3608 417 3680 hoe¹
433 3609 485 3670 vel
508 3609 600 3668 simili
615 3609 704 3668 modo
725 3612 851 3668 deutris
874 3614 904 3668 ia
923 3614 1025 3670 litteris
1039 3610 1221 3684 inlustribus,
1250 3626 1311 3666 non
1330 3605 1383 3664 ob·

240 3728 329 3770 saure
343 3711 462 3788 praeire
478 3708 535 3770 sibi
546 3709 586 3770 ad
600 3711 681 3770 bane
694 3711 877 3771 sententiam
888 3712 1125 3792 Hieronymum,
1140 3708 1192 3789 qui
1206 3708 1383 3768 Suetonium
1458 3758 1462 3764 .

156 3829 163 3846 ’
241 3829 434 3870 enumerasse
453 3811 566 3872 scribat
584 3833 647 3872 non
666 3812 845 3892 simpliciter
864 3816 948 3874 viros
970 3813 1113 3874 inlustres
1137 3809 1194 3870 sed
1214 3809 1383 3868 litterarum

239 3914 322 3971 viros
338 3912 490 3972 inlustres.
519 3921 653 3974 attamen
669 3915 861 3976 eonieetnrae
881 3915 1020 3996 quamvis
1036 3914 1193 3993 spesiosae
1209 3911 1277 3989 ipsa
1292 3929 1381 3990 quam
1423 3918 1426 3924 '

238 4014 364 4092 protulit
383 4013 564 4094 Hieronymi
586 4015 751 4077 auotoritas
772 4018 959 4095 refragatur,
986 4016 1038 4094 qui
1061 4034 1128 4074 oum
1154 4012 1225 4074 libri
1249 4012 1287 4072 de
1309 4012 1383 4071 viris

238 4115 415 4175 inlustribus
440 4116 597 4176 eonsilium
622 4117 661 4176 sit
680 4117 814 4178 imitatus
836 4118 928 4178 etiam
947 4111 1135 4176 inseribendi
1157 4116 1305 4175 rationem
1321 4132 1382 4173 ser·

239 4237 329 4276 rasse
351 4216 504 4297 putandus
525 4216 572 4278 sit.
610 4217 722 4278 deiude
736 4219 829 4280 vitani
844 4220 926 4280 Plini
941 4237 980 4277 ex
993 4221 1066 4277 libro
1081 4222 1211 4276 uirorum
1229 4220 1382 4275 illustrium

243 4321 403 4394 Tranquilli
425 4327 600 4399 excerptam
622 4339 691 4380 esse
706 4320 774 4400 ipse
789 4322 854 4380 eius
870 4320 961 4382 index
977 4317 1127 4398 perhibet.
1152 4317 1308 4400 inquibus
1326 4319 1383 4378 etsi

239 4417 395 4498 inscriptio
410 4421 567 4500 paululum
581 4421 704 4482 diversa
719 4421 758 4481 ab
773 4422 1014 4501 Hieronymiana
1027 4420 1173 4500 adparet,
1195 4429 1297 4481 umen
1312 4421 1382 4480 sim-
