3190 5098
704 397 809 438 carus
834 397 845 438 1
1278 379 1339 442 tos

198 551 266 630 glus
293 550 480 610 declamator
507 549 677 624 diceretur,
703 569 764 608 nou
790 547 944 608 debebant
964 550 1066 610 statim
1087 549 1281 638 Hepmaunus
1310 558 1341 611 et

198 653 404 714 Mommsonus
421 651 459 712 de
473 652 651 712 confusions
667 650 844 713 Gallionum
865 651 1007 729 patriast
1023 643 1079 712 filii
1100 653 1251 730 cogitare,
1272 671 1339 710 cum

199 755 292 817 etiam
308 755 389 822 tilius
404 755 435 814 in
451 765 517 814 arto
533 753 726 814 declamandi
743 773 804 814 non
819 753 977 814 obscuram
998 771 1124 834 operam
1140 753 1278 832 posuisse
1296 754 1340 814 vi·

199 857 316 918 dentur.
348 857 387 917 cl.
404 854 612 934 Quintilianus
627 855 676 946 111Ι
692 868 722 931 1,
742 865 786 918 st.
816 856 915 916 eidem
939 857 1020 916 vitae
1038 866 1214 916 accuratam
1229 853 1268 915 de
1284 856 1340 916 Se·

197 979 277 1019 neca
290 959 445 1032 notitiam,
457 977 548 1039 quam
560 958 675 1020 Probus
686 958 852 1020 scholiasta
860 957 1015 1018 Iuvenalis
1028 956 1113 1019 dedit
1126 957 1247 1036 (fragm.
1262 955 1339 1036 87²³),

198 1063 264 1122 iure
279 1062 451 1121 restituisse
464 1059 585 1134 videor,
601 1060 683 1142 quod
698 1061 791 1120 iubis
806 1059 929 1120 scholiis
944 1059 1004 1121 iam
1025 1060 1143 1122 duobus
1161 1060 1236 1121 locis
1254 1080 1340 1120 usum

199 1163 380 1224 Suetoniani
395 1163 465 1222 libri
481 1161 778 1242 deprehenderimus.
851 1221 858 1236 .

282 1265 483 1329 Pervenimus
504 1263 544 1323 ad
561 1283 628 1324 eam
643 1274 775 1343 partem,
799 1285 879 1344 quae
895 1266 1015 1343 integra
1030 1265 1096 1324 fere
1114 1273 1247 1326 aetatem
1260 1265 1340 1326 tulit.

198 1369 277 1428 liber
301 1368 379 1428 enim
401 1364 439 1426 ds
460 1365 663 1444 grammaticis
682 1375 713 1426 ct
734 1366 905 1428 rhetoribus
931 1369 990 1426 iam
1018 1367 1143 1446 antiquo
1163 1375 1299 1446 tempore
1321 1386 1340 1427 a

197 1453 316 1530 relicua
343 1477 432 1549 parte
458 1475 618 1547 separatus
646 1467 767 1528 videtur
798 1471 903 1530 nescio
932 1489 990 1549 quo
1018 1467 1156 1529 coneilio.
1202 1469 1255 1549 qui
1279 1489 1340 1550 quo

198 1570 288 1632 modo
298 1572 441 1632 inventas
458 1570 506 1644 sit,
520 1569 663 1630 traditum
679 1579 727 1630 est
745 1591 764 1630 a
779 1572 904 1632 Ioviano
917 1571 1056 1630 Pontano
1069 1571 1100 1628 in
1117 1569 1339 1650 subscriptione

199 1673 313 1734 codicis
331 1672 509 1744 Leidenais,
532 1692 622 1754 quarn
639 1693 732 1753 supra
748 1693 777 1752 p.
793 1683 845 1738 363
859 1695 905 1755 sq.
925 1672 1166 1754 perscripsimus.
1200 1683 1340 1734 narratur

197 1776 255 1850 ibi,
274 1783 428 1855 repertum
452 1795 519 1834 esse
544 1774 582 1834 ab
603 1775 691 1834 Enoc
706 1775 877 1849 Asculano,
900 1776 953 1856 qui
969 1773 1156 1854 temporibus
1174 1775 1294 1836 Nicolai
1314 1775 1339 1836 V

199 1877 241 1956 (a.
267 1871 457 1955 rmntios)
483 1879 513 1936 in
538 1877 673 1938 Galliam
700 1886 731 1937 et
751 1877 823 1952 inde
843 1878 874 1938 in
899 1877 1094 1938 Germaniam
1116 1877 1338 1959 conquirendo·

196 2001 263 2040 rum
289 1980 433 2038 librorum
459 1979 558 2058 gratia
582 1980 738 2058 profectus
767 1989 867 2052 essct,
897 1980 929 2040 in
956 1981 1055 2041 lucem
1083 1988 1184 2040 autem
1212 1979 1340 2042 rediisse

197 2095 267 2162 poet
287 2090 412 2141 mortem
428 2081 636 2142 Bartholomoi
659 2081 750 2154 Feci,
776 2083 829 2161 qui
852 2081 1053 2142 Tiraboscbiu
1075 2083 1168 2140 steria
1189 2081 1274 2142 della
1290 2083 1338 2142 lit·

198 2193 287 2244 terat.
320 2183 390 2242 Ital.
414 2183 459 2242 VI
482 2191 535 2246 734
555 2201 600 2262 sq.
628 2190 753 2242 auctora
773 2203 801 2242 a.
831 2191 896 2246 1457
925 2183 1010 2244 obiit.
1058 2184 1143 2248 cuius
1174 2183 1341 2244 testimonii

198 2287 245 2346 vis
264 2305 301 2346 so
317 2285 456 2365 profecto
476 2305 536 2344 non
553 2285 720 2344 infirmatur
735 2282 815 2365 qaod
832 2285 862 2342 in
881 2271 967 2344 brevi
986 2285 1050 2343 vita
1067 2284 1225 2357 Henochi,
1248 2303 1339 2363 quam

198 2388 408 2467 Vespasianus
430 2386 624 2446 Placentinus
646 2386 677 2444 iu
697 2387 774 2446 libro
796 2385 835 2445 de
863 2387 936 2446 viris
958 2385 1126 2446 illustribus
1147 2405 1173 2444 c.
1194 2393 1229 2449 92
1247 2385 1339 2462 (Mai.

198 2489 298 2570 spicil.
315 2489 384 2548 Vat.
400 2489 415 2547 1
434 2507 463 2566 p.
478 2487 548 2566 665)
569 2477 687 2566 volgari
708 2507 849 2548 sermono
870 2489 984 2567 scripto
1006 2487 1105 2558 dedit,
1127 2507 1196 2548 sum
1218 2497 1339 2566 praeter

197 2591 441 2673 Porphyrionem
462 2591 493 2648 in
512 2590 672 2650 Horatium
696 2598 726 2648 et
745 2589 888 2669 Apicium
911 2589 949 2649 de
969 2591 1073 2650 caenis
1093 2590 1170 2650 nihil
1192 2609 1338 2650 memora·

199 2693 261 2754 bile
277 2713 314 2754 ex
333 2692 499 2753 Germania
514 2693 670 2752 rettulisse
688 2691 827 2768 legimus.
864 2711 921 2750 nec
938 2692 1087 2768 gravioris
1105 2693 1248 2752 momenti
1268 2701 1340 2752 sunt

197 2795 296 2874 Poggi
310 2796 360 2876 qui
373 2791 478 2854 auctor
489 2794 674 2874 Vespasiani
686 2792 807 2853 videtur
820 2813 887 2854 csse
899 2793 995 2853 verba
1006 2795 1037 2854 in
1049 2794 1179 2877 epistula
1194 2793 1233 2854 ad
1243 2795 1339 2854 Fran·

199 2899 311 2958 eiacum
328 2897 496 2977 Coppinum
510 2897 626 2974 posita:
652 2898 795 2956 nouissime
808 2917 826 2954 o
841 2914 946 2956 summo
955 2901 1086 2972 pontifice
1099 2894 1259 2975 (Nicolao)
1276 2901 1339 2956 mra-

196 3017 245 3058 aas
260 2999 301 3058 ‘eat
317 3003 356 3057 ad
372 3015 418 3058 coa
433 3001 516 3058 libros
538 2996 634 3077 (Livi)
646 3001 866 3076 perscrutandos
879 3001 994 3059 Henoob
1015 3003 1181 3074 morienna,
1201 3005 1250 3075 qm·
1270 3004 1340 3060 odeo

197 3105 312 3178 dilipena
331 3104 400 3176 suit,
421 3109 450 3158 nt
469 3104 538 3160 nihil
556 3107 611 3160 tom
630 3105 736 3161 hominio
759 3107 893 3162 invenerit
912 3105 1022 3178 dignam
1039 3107 1119 3162 etiam
1134 3106 1236 3161 indocti
1253 3105 1340 3162 homi·

197 3208 241 3261 ata
254 3207 373 3262 bettone.
410 3201 448 3260 ad
464 3221 544 3283 qnae
557 3203 747 3264 inlustranda
763 3205 843 3268 inira
856 3203 1047 3264 redeundum
1062 3204 1128 3263 erit.

283 3305 354 3366 Non
377 3299 602 3376 contemnenda
622 3323 696 3366 saue
717 3325 776 3366 nec
797 3305 951 3366 doctorum
977 3305 1068 3366 etiam
1091 3305 1242 3366 bominum
1267 3323 1340 3364 cura

200 3407 327 3486 indigna
351 3407 481 3466 Henocb
500 3406 675 3486 repperisse
697 3406 845 3466 dicendus
868 3417 929 3480 eat,
951 3409 1004 3486 qui
1024 3411 1145 3486 praeter
1161 3403 1339 3466 Suetonium

199 3529 239 3570 ex
261 3509 369 3569 eodem
394 3510 519 3588 antiquo
538 3508 615 3568 libro
637 3497 696 3568 duo
712 3509 815 3567 Taciti
837 3509 950 3589 scripta
972 3507 1167 3568 Germaniam
1192 3515 1223 3565 et
1243 3506 1339 3568 dialc-

198 3609 314 3688 gamin
330 3611 428 3672 lucem
444 3610 653 3690 protraxisset.
684 3611 770 3670 cuius
788 3611 832 3668 roi
843 3609 933 3670 iidem
946 3611 1064 3670 iaciunt
1078 3608 1256 3689 apographa
1271 3608 1341 3669 libri

198 3712 393 3772 Henochiani
405 3713 553 3793 quinque,
567 3711 686 3772 scilicet
694 3711 836 3772 Vaticani
848 3721 923 3776 1862.
935 3721 1010 3775 1518.
1017 3720 1095 3784 4498,
1105 3711 1339 3791 Neapolitanus,

199 3815 251 3894 qui
265 3816 358 3892 vulgo
370 3816 576 3874 Farnesianus
592 3812 711 3886 dicitur,
728 3813 860 3894 denique
870 3814 967 3892 ipsum
979 3813 1112 3872 Pontani
1121 3814 1339 3895 apographum,

199 3914 405 3997 quodLeidae
417 3916 604 3989 adservatur,
616 3917 729 3996 quippe
742 3917 851 3996 quibus
859 3917 918 3975 tria
929 3914 984 3976 illa
994 3916 1108 3996 scripta
1118 3919 1340 3978 contineantur.

198 4018 229 4078 in
248 4018 371 4078 relicuis
391 4037 466 4078 vcro
487 4037 565 4078 unns
587 4019 694 4079 saltem
715 4019 817 4078 'Facili
839 4018 917 4078 liber
933 4016 1080 4079 Suetonio
1095 4018 1285 4098 adiungitur,
1308 4023 1340 4080 in

188 4131 258 4180 'uno
275 4119 417 4180 Gudiano
434 4119 516 4182 aolus
533 4120 698 4182 Suetonius
712 4130 808 4182 extat.
846 4119 981 4182 codicem
1002 4129 1104 4180 autem
1125 4121 1156 4180 in
1173 4121 1340 4182 Germania

198 4222 354 4282 inventum
370 4241 437 4282 esse
465 4223 598 4282 Pontaui
612 4222 709 4282 verba
729 4221 864 4282 indicare
886 4221 1044 4283 videntur:
1071 4221 1126 4283 aed
1147 4243 1208 4283 non
1231 4223 1340 4286 desunt

198 4323 261 4384 alia
275 4323 585 4396 certissimaiudicia,
609 4323 718 4403 quibua
742 4325 838 4403 ipsum
854 4324 933 4384 adeo
949 4327 1178 4400 monasterium,
1201 4327 1232 4386 in
1254 4328 1339 4388 cuius

106 4431 109 4436 '
198 4423 384 4484 bibliotheca
409 4423 464 4484 ille
491 4425 629 4500 latuerit,
663 4427 827 4505 aperiatur.
873 4427 1009 4506 Poggius
1036 4428 1173 4488 enimin
1200 4429 1340 4509 epistulis
