3138 5100
262 375 323 438 518
678 395 710 436 ru
725 395 823 438 vrran
839 393 987 437 susurru

264 555 310 608 est
326 547 377 608 vel
397 555 486 606 nutem
507 547 559 607 vel
578 546 644 606 ulla
663 546 829 627 particula,
855 547 946 606 etiam
966 545 1193 624 transponendo
1211 548 1313 606 sanari
1332 563 1401 606 ver·

263 671 328 710 sum
347 668 438 730 posse
461 648 668 708 Bneohelerus
691 651 821 709 monuit:
846 651 924 726 [ecit.
953 658 982 708 ut
1001 665 1102 742 nouem
1123 653 1207 707 semel
1225 647 1276 708 vel
1297 647 1403 730 paullo

262 751 382 830 longius
398 772 416 810 a
429 750 515 810 libris
527 753 604 826 facit.
635 753 680 810 obi
695 769 795 811 nouam
807 755 900 810 semel.

347 851 423 931 Peg.
437 851 494 925 32,
510 851 548 914 18
570 861 753 914 memoratus
770 855 918 914 Cosconius
938 872 999 912 non
1014 851 1138 914 videtur
1153 851 1232 912 ahos
1255 871 1323 914 esse
1344 854 1404 914 nisi

263 955 310 1014 bis
326 975 344 1014 a
358 955 496 1016 Varrone
513 953 551 1014 de
573 953 595 1015 l.
622 954 676 1016 lat.
700 955 855 1036 prolatus,
880 957 911 1014 in
935 956 1114 1035 quaestione
1140 956 1337 1033 grammatica
1363 955 1404 1015 ad

264 1056 437 1135 analogiam
456 1065 617 1136 spectante
642 1057 694 1117 lib.
713 1068 764 1128 vl,
783 1067 832 1130 36,
857 1055 895 1117 de
916 1073 1052 1116 asemona
1073 1057 1160 1118 verbi
1181 1049 1404 1136 significatione

149 1201 151 1214 .
263 1169 308 1235 vl,
325 1166 369 1222 89.
399 1157 441 1215 Et
454 1159 624 1237 posteriore
639 1159 763 1239 quidem
776 1160 843 1219 loeo
859 1179 928 1220 eum
943 1161 1102 1220 ‘Cosconius
1124 1165 1152 1218 io
1172 1155 1335 1219 actionibas’
1358 1159 1403 1219 di·

264 1267 360 1333 catur,
378 1260 502 1320 fuerunt
517 1261 569 1342 qui
586 1260 624 1320 do
642 1261 707 1321 Icto
721 1263 822 1342 potins
837 1261 888 1322 vel
903 1261 941 1320 da
957 1270 1076 1322 oratore
1092 1262 1276 1340 cogitarent:
1300 1263 1404 1322 imme·

264 1363 331 1422 rito.
369 1361 450 1422 Nam
471 1361 527 1422 ‘de
542 1362 726 1422 actionibus'
743 1360 879 1426 scribare
894 1363 1109 1442 grammatibus
1126 1361 1292 1424 Cosconius
1306 1365 1406 1444 potuit

266 1462 372 1524 eodem
391 1474 484 1546 atque
503 1466 570 1544 ipse
586 1466 684 1527 Varro
700 1467 854 1540 instituto,
881 1466 965 1525 cuius
981 1465 1035 1526 ‘de
1049 1465 1220 1528 actionibus
1237 1467 1403 1526 scaenicis'

263 1564 357 1626 libros
371 1567 466 1628 fnisse
482 1587 549 1626 oum
564 1569 637 1627 satis
654 1577 773 1628 constat
788 1576 850 1628 tum
867 1568 1006 1649 pluribus
1021 1587 1040 1627 a
1053 1549 1142 1628 nobis
1157 1567 1343 1648 disputatum
1360 1577 1407 1630 est

226 1735 231 1748 Ι
265 1669 365 1728 Musei
384 1669 483 1730 Rhen.
500 1677 521 1728 t.
539 1681 574 1727 vl
589 1691 620 1750 p.
637 1680 689 1734 516
705 1691 789 1753 sqq.:
813 1670 852 1731 de
873 1670 995 1730 notione
1013 1679 1115 1730 autem
1130 1671 1294 1744 Boeotiae,
1318 1671 1406 1730 cuius

264 1770 389 1830 fabulae
404 1777 602 1832 controversa
622 1773 706 1850 origo
726 1768 824 1847 esset,
852 1774 896 1832 ita
918 1771 1000 1832 idem
1018 1774 1215 1833 commentari
1236 1774 1350 1854 potuit,
1373 1781 1407 1832 ut

265 1891 321 1953 par
340 1872 472 1952 aliquam
491 1873 682 1934 ooaasionem
701 1895 768 1934 enm
784 1895 921 1950 versum,
943 1895 1034 1956 quern
1050 1895 1089 1935 ex
1107 1875 1162 1936 illa
1178 1877 1275 1936 Varro
1290 1876 1407 1955 profert

266 1973 329 2033 ‘nbi
342 1974 470 2055 primum
485 1991 622 2034 necemus
636 1976 784 2038 clamarat
799 1977 976 2050 meridiem,
992 1977 1244 2058 interpretaretur
1262 1978 1314 2057 (ef.
1331 1977 1405 2036 Par-

266 2097 328 2155 erg.
349 2099 379 2158 p.
395 2075 470 2154 208).
499 2075 551 2138 Ad
567 2075 691 2137 eosdem
706 2080 797 2158 igitur
816 2080 986 2140 ‘actionum'
1003 2079 1098 2139 libros
1116 2079 1196 2139 haud
1211 2081 1274 2140 seio
1291 2099 1330 2139 an
1344 2099 1406 2138 non

265 2177 455 2240 incommode
472 2181 564 2240 etiam
579 2177 718 2240 Suetonii
733 2183 909 2242 memoriam
923 2181 1057 2256 reseras,
1080 2201 1160 2265 quae
1179 2190 1225 2242 est
1240 2182 1278 2243 da
1293 2180 1407 2241 fabulis

266 2281 406 2342 Terentii
426 2303 487 2342 non
508 2284 584 2342 actis
608 2282 708 2366 deque
731 2293 826 2344 morte
847 2292 958 2364 poetae
984 2283 1069 2344 euius
1095 2293 1184 2344 actae
1211 2283 1334 2344 fabulae
1359 2291 1409 2344 sat

266 2383 382 2463 largam
398 2385 574 2466 disputandi
593 2387 751 2446 materiam
772 2385 994 2466 praebuerunt3
1019 2405 1072 2446 our
1089 2385 1170 2446 enlm
1191 2387 1408 2448 anecessariis

267 2485 307 2546 ad
332 2495 461 2566 cognata
481 2485 606 2546 liberius
635 2489 838 2568 exspatiatum
863 2488 1031 2566 negemus?
1060 2521 1098 2532 --
1127 2488 1269 2550 Ceterum
1295 2487 1408 2548 Cosco-

266 2591 363 2662 nium,
382 2591 539 2662 Porcium,
560 2589 748 2667 *Sedigitum
766 2591 941 2650 Memmium
964 2599 1064 2650 utrum
1087 2591 1253 2652 Suetonius
1280 2593 1353 2650 item
1378 2597 1410 2650 ut

267 2691 433 2771 Nepotem,
451 2691 660 2754 Fenestellam
681 2695 764 2774 ipsos
782 2693 920 2753 manibus
941 2693 1077 2754 tractarit
1097 2714 1136 2752 an
1155 2713 1258 2754 eorum
1273 2693 1408 2751 testimo·

268 2793 320 2852 nia
334 2793 403 2852 aliis
419 2803 547 2872 accepta
561 2794 690 2868 referat,
711 2794 804 2856 valde
818 2815 909 2874 posse
925 2794 1058 2854 dubitari
1068 2794 1173 2854 uideo.
1207 2795 1340 2874 Varroni
1353 2813 1410 2874 po·

269 2896 415 2954 tissimum
437 2893 535 2974 (euius
551 2895 640 2956 modo
655 2899 839 2958 mentionem
855 2895 1008 2956 faciebam
1023 2895 1063 2956 ad
1079 2907 1119 2976 p.
1129 2905 1173 2970 32,
1188 2895 1219 2974 5)
1234 2917 1295 2957 non
1309 2915 1412 2976 panca
1508 2883 1512 2893 ⁴

270 3016 339 3057 eum
354 2997 468 3058 debere
486 2999 546 3057 iam
563 2997 635 3058 olim
648 3001 820 3080 suspicatus
839 2990 906 3060 snr'n
922 3000 1050 3078 Parerg.
1064 3018 1094 3078 p.
1109 3007 1170 3061 244.
1186 3007 1236 3062 621
1253 3017 1336 3080 sqq.:
1357 3017 1409 3058 eu·

268 3100 316 3160 ins
335 3098 391 3160 ‘de
405 3099 519 3180 poetis’
541 3099 635 3162 libros
650 3103 813 3180 permimm
828 3102 905 3162 sitsi
922 3100 1059 3160 eiusdem
1075 3100 1244 3178 argumenti
1260 3119 1410 3160 commen·

269 3202 356 3262 tariis
371 3203 433 3262 suis
448 3222 509 3262 non
525 3201 708 3264 adhibuerit.
747 3205 940 3286 Quamquam
960 3211 1124 3283 potuerunt
1140 3204 1169 3263 ei
1190 3203 1282 3262 etiam
1297 3203 1411 3280 Imagi-

269 3324 340 3364 nnm
361 3301 433 3364 libri
449 3305 539 3364 alieni
555 3306 625 3365 usui
641 3323 720 3367 esse.
758 3307 826 3386 Quo
850 3316 953 3366 tamen
974 3325 1034 3364 uno
1054 3305 1121 3364 loeo
1138 3305 1285 3366 Varronis
1300 3323 1413 3365 nomen

270 3409 336 3488 ipse
351 3408 454 3487 posuit
466 3395 496 3487 p'·
514 3417 558 3482 30,
578 3418 606 3482 1,
624 3407 665 3468 ibi
683 3411 825 3490 quoniam
839 3410 936 3468 virtus
951 3409 1073 3488 poetiea
1090 3407 1229 3468 Terentii
1247 3406 1410 3480 indicatur,

271 3511 401 3570 fortasse
416 3509 523 3570 nesab
535 3510 596 3572 illis
611 3531 669 3570 neo
681 3511 719 3570 ab
733 3513 780 3572 his
796 3519 843 3571 est
853 3511 1018 3590 profectus,
1033 3508 1088 3570 sed
1101 3507 1212 3569 talibus
1225 3507 1325 3588 potius
1338 3527 1412 3568 usus

269 3613 378 3695 quales
407 3612 531 3673 fuerunt
557 3613 612 3674 ‘de
634 3615 798 3692 poematis‘
819 3614 891 3674 libri
914 3612 967 3672 vel
989 3611 1043 3672 ‘de
1066 3610 1336 3692 descriptionibus'
1367 3611 1414 3670 iu·

272 3715 391 3796 scripti:
410 3715 447 3774 de
458 3715 655 3797 quibusMus.
671 3715 729 3776 Rh.
745 3716 764 3776 l.
781 3737 806 3776 s.
819 3695 842 3775 si
856 3715 968 3775 dietum
985 3723 1041 3774 est.
1066 3714 1146 3774 Nam
1161 3713 1240 3774 ultra
1256 3714 1413 3772 coniectu-

272 3836 322 3876 ras
345 3837 460 3900 easque
483 3819 558 3879 satis
576 3820 726 3898 ancipites
746 3816 896 3878 nonlicet
914 3817 1037 3877 sanein
1054 3817 1111 3876 hoo
1130 3835 1242 3894 genere
1256 3813 1412 3896 progredi.

355 3918 476 3979 Ibidem
496 3921 607 3981 omisso
631 3941 698 3980 eum
720 3925 746 3980 A
772 3917 866 3979 verbo
890 3917 975 3978 finito
1001 3919 1168 3978 orationem
1192 3924 1294 3978 nostro
1319 3935 1414 3976 sensu

270 4019 402 4082 Rothius
419 4042 558 4102 asperam
578 4031 610 4082 et
629 4023 761 4083 hiulcam
777 4021 851 4082 feeit
872 4042 908 4081 ae
924 4021 977 4080 vix
994 4019 1115 4098 dignam
1131 4018 1288 4079 Suetonio.
1328 4019 1414 4078 Fieri

270 4131 374 4202 potest
394 4143 468 4185 sane
486 4133 534 4202 ut,
557 4145 625 4184 oum
645 4125 684 4184 ab
701 4125 759 4185 hoe
780 4123 864 4184 aliud
884 4121 1010 4184 verbum
1025 4122 1157 4201 positum
1176 4121 1302 4192 fuisset,
1325 4120 1415 4181 velut

269 4227 377 4298 antid,
407 4227 497 4286 simili
523 4227 746 4308 interpolatoris
776 4235 968 4288 comesturus
996 4227 1060 4284 dicit
1089 4223 1237 4284 debeatur
1264 4231 1356 4301 atqua
1381 4243 1414 4302 p.

271 4335 321 4400 3⁰,
344 4337 376 4391 15
397 4333 451 4390 ost:
475 4338 507 4389 at
526 4329 622 4414 nihilo
642 4338 743 4390 tamen
760 4329 819 4390 hoo
839 4329 951 4390 certius
973 4313 1064 4408 quarn
1084 4345 1157 4386 casu
1178 4325 1249 4384 inA
1270 4325 1414 4384 omissam

195 4461 205 4522 ⁸.
271 4449 377 4492 vocem
399 4438 517 4494 ceteros
533 4431 626 4494 libros
646 4451 786 4493 semesae
808 4440 841 4492 ut
854 4450 885 4512 p.
900 4437 944 4503 aa,
961 4437 978 4492 9
993 4448 1039 4510 sq.
1080 4428 1148 4488 Nee
1168 4425 1207 4487 ab
1228 4445 1285 4518 usu
1300 4425 1412 4486 Sueto·
