3078 5072
255 381 295 442 6'2
621 401 663 440 ns
687 399 774 442 vrurs
797 401 1011 442 rnnvsrurnvs

254 546 421 629 recitauit,
461 544 639 610 secundnm
676 553 826 632 quartum
860 555 1004 630 sextum,
1046 547 1103 612 sed
1137 547 1223 612 hunc
1249 545 1395 612 notabili

255 647 414 712 Octauiae
435 646 636 729 adfectione,
656 669 738 733 quae
760 669 831 710 eum
852 649 1035 712 recitationi
1058 649 1231 712 interesset
1256 649 1297 712 ad
1320 647 1396 712 illos

255 749 296 813 de
324 749 391 813 filio
421 755 637 812 suo'uersus:
681 753 735 810 ‘tn
770 747 944 812 Marcellus
977 750 1057 813 eris’
1094 749 1254 814 defecisse
1291 749 1395 813 fertur

254 861 351 936 atque
377 871 474 932 aegre
502 847 649 913 focillate
668 858 727 912 est.
778 837 930 913 recitauit
952 858 984 912 et
1012 849 1176 936 pluribus,
1204 851 1261 914 sed
1288 871 1392 936 neque

254 953 441 1040 frequenter
469 958 502 1013 et
528 949 664 1014 calere
692 949 733 1013 de
756 950 874 1036 quibus
897 951 1099 1036 ambigebat,
1128 973 1191 1037 quo
1214 939 1318 1037 magis
1345 953 1418 1016 ina

254 1054 375 1117 dicium
397 1051 562 1116 hominum
590 1053 802 1138 experiretur.
835 1051 967 1116 Erotem
994 1051 1163 1116 librarium
1186 1062 1217 1116 et
1243 1053 1392 1117 libertum

254 1155 324 1218 eius
354 1161 490 1217 exactae
516 1153 581 1216 iam
607 1155 783 1216 senectutis
806 1153 940 1217 tradunt
965 1153 1087 1218 referre
1118 1154 1265 1236 solitum,
1293 1175 1392 1239 quon·

159 1297 166 1314 .
254 1255 328 1319 dam
352 1277 425 1318 eum
447 1257 484 1318 in
508 1253 675 1318 recitando
702 1254 782 1318 duos
806 1254 993 1319 dimidiatos
1013 1277 1128 1318 uersus
1151 1256 1329 1340 complesse
1352 1277 1392 1317 ex

252 1367 413 1441 tempore:
432 1377 509 1420 nam
529 1377 601 1419 eum
630 1354 786 1420 haetenus
813 1355 962 1420 haberet:
1006 1355 1185 1420 ‘Misenum
1213 1354 1392 1420 Aeoliden’

253 1459 428 1523 adiecisse:
474 1466 556 1543 ‘quo
579 1451 643 1522 n'on
671 1457 888 1542 praestantior
915 1456 1032 1539 al‘ter’3
1071 1459 1148 1520 item
1176 1457 1267 1520 huie:
1298 1465 1432 1523 ‘serere

253 1561 341 1624 ciere
368 1559 472 1623 uiros’
500 1558 598 1621 simili
621 1557 733 1622 calore'
760 1556 879 1620 elatum
909 1557 1133 1622 subiunxisse:
1173 1558 1392 1646 ‘Martemque

252 1660 433 1725 accendere
445 1668 543 1724 cantu
552 1667 578 1738 ³,
594 1661 768 1744 statimque
784 1658 847 1730 sibi
860 1660 1057 1746 imperasse,
1070 1670 1106 1723 ut
1118 1669 1289 1748 utnrmque
1301 1661 1392 1724 uoln-

253 1763 332 1828 mini
351 1761 562 1826 adscriberet.
595 1762 692 1824 Anno
709 1762 825 1823 aetatis
842 1762 1112 1847 quinquagesimo
1134 1761 1276 1826 secundo
1291 1761 1391 1847 impo-

253 1863 521 1930 siturusAeneidi
535 1884 692 1926 summam
704 1883 833 1924 manum
846 1863 958 1926 statuit
971 1866 1002 1926 in
1011 1861 1181 1926 Graeciam
1195 1877 1226 1926 et
1238 1863 1392 1926 inAsiam

253 1965 404 2031 secedere
426 1966 629 2050 triennioque
655 1965 808 2027 continuo
831 1963 912 2026 nihil
932 1961 1071 2050 amplius
1088 1987 1184 2050 quam
1207 1963 1430 2047 emendarem

253 2076 289 2131 ut
318 2066 444 2154 reliqua¹
469 2067 539 2130 uita
560 2069 689 2129 §autum
717 2049 941 2150 philosophiae
970 2075 1119 2129 uacaret:
1162 2065 1218 2129 sed
1249 2088 1321 2128 eum
1345 2068 1392 2128 in-

252 2190 382 2254 gressus
405 2169 467 2231 iter
487 2167 625 2231 Athenis
649 2166 843 2230 occurrisset
864 2165 1015 2251 Auguste
1044 2165 1085 2230 ab
1108 2169 1232 2230 oriente
1255 2167 1392 2230 Romam

246 2270 427 2346 reuertenti
456 2269 698 2354 destinaretque
728 2290 792 2331 non
826 2267 984 2330 absistere
1014 2278 1111 2353 atque
1139 2270 1234 2331 etiam
1256 2289 1322 2331 una
1343 2291 1391 2331 re·

253 2373 339 2454 dire,
388 2371 464 2436 dum
493 2356 628 2455 Megara
666 2369 808 2432 uicinum
846 2369 1001 2454 oppidum
1041 2369 1283 2448 feruentissimo
1323 2369 1392 2433 sole

337 2627 348 2678 l
368 2645 428 2695 sqq.
458 2628 569 2679 Servius
581 2627 649 2676 Aen.
662 2627 700 2675 VI
712 2625 776 2676 802:
809 2627 844 2675 ‘et
858 2631 967 2676 constat
980 2626 1051 2676 hune
1064 2625 1163 2676 librum
1177 2633 1256 2676 tanta
1273 2643 1390 2692 prenun-

250 2699 365 2748 tistione
384 2700 507 2760 Anguste
526 2703 554 2745 et
572 2695 707 2744 Octaviae
728 2711 787 2744 esse
807 2696 967 2756 recitatum,
995 2699 1026 2742 ut
1038 2695 1103 2742 fletu
1122 2696 1205 2744 nimio
1225 2697 1392 2760 imperarent

250 2766 403 2828 silentium,
422 2766 476 2813 nisi
491 2763 622 2828 Virgilius
641 2763 720 2812 linem
740 2777 800 2812 esse
819 2763 942 2824 dixisset,
962 2763 1008 2826 qui
1027 2779 1075 2827 pre
1094 2763 1144 2811 hee
1164 2778 1227 2812 aere
1247 2764 1325 2826 grurui
1345 2763 1402 2812 do-·

175 2883 180 2897 ,
249 2839 331 2882 natus
351 2831 411 2881 est.’

334 2900 348 2948 7
362 2915 420 2963 sqq.
445 2897 688 2948 serviuntur]
703 2897 763 2946 los:
789 2899 959 2962 Martemque
972 2893 1125 2947 irccendere
1144 2897 1237 2964 carita]
1258 2899 1389 2948 ‘hemisti-

251 2967 340 3016 chium
359 2965 410 3016 hoe.
429 2967 529 3016 dicitur
548 2965 685 3014 addidisse
705 2967 766 3014 dum
780 2966 902 3030 Augusto
921 2967 992 3014 hunc
1008 2971 1113 3016 sextum
1133 2967 1230 3016 librum
1244 2969 1391 3026 recitarem

249 3052 312 3086 num
331 3041 395 3084 ante
414 3033 616 3082 hemistichium
636 3034 756 3094 lecerat,
781 3035 911 3084 dicendo:
935 3035 1005 3082 Aere
1030 3035 1103 3083 ciere
1126 3035 1214 3094 riros;
1242 3041 1338 3099 postea
1362 3037 1389 3084 in

250 3103 408 3168 praeseutia
421 3102 536 3166 Augusti
556 3117 589 3150 cx
607 3101 778 3151 abundantia
796 3101 954 3150 intellectus
972 3102 1078 3151 addidit
1096 3103 1199 3152 subito:
1219 3104 1389 3167 Martemque

250 3171 401 3221 accendere
421 3173 523 3219 οιιιιῐιι.ι

337 3405 343 3454 1
371 3391 537 3452 secundnm
556 3390 702 3450 uidelicet
719 3386 763 3473 ςΗ
778 3392 857 3449 hune
884 3392 1047 3470 praecipue
1071 3391 1108 3448 eh
1131 3393 1289 3452 (letaniam
1307 3391 1349 3472 ςΗ
1370 3401 1387 3454 ‘l

248 3479 408 3538 affectione
438 3481 464 3534 B
484 3472 497 3559 Η
519 3476 690 3536 elucidata
714 3481 740 3534 B
762 3477 887 3534 focilata
909 3479 933 3533 a
957 3477 1130 3535 refocillata
1157 3473 1200 3560 ςΗ
1217 3479 1390 3538 refocillata
1414 3543 1422 3552 ,

195 3613 202 3626 .
248 3565 327 3623 dena
342 3562 547 3640 sestertiapro
563 3561 681 3638 singulo
702 3581 793 3620 uersu
811 3561 936 3637 Virgilio
953 3560 1018 3619 dari
1043 3563 1160 3631 tussire
1178 3561 1191 3644 ΗΗ
1213 3575 1228 3622 ὁ
1246 3574 1275 3621 et
1291 3565 1387 3622 ferme

247 3651 300 3708 illa
317 3643 359 3728 ςΗ
375 3656 389 3710 7
408 3648 560 3728 quondam
579 3649 625 3715 Ης
645 3647 766 3725 quando
782 3642 868 3726 11Ηῆ
885 3647 914 3703 in
930 3646 1086 3704 recitando
1104 3667 1171 3706 erun
1189 3669 1206 3716 ς
1221 3645 1233 3728 ΗΗ
1249 3658 1264 3710 11
1279 3651 1387 3706 misse·

248 3755 316 3792 num
334 3737 360 3791 R
382 3727 395 3814 ΗΗ
414 3731 574 3791 Aeolidem
591 3735 618 3788 B
638 3731 650 3812 Η
676 3745 707 3796 10
722 3752 787 3805 ere¹
806 3744 914 3810 erpere
934 3731 1028 3806 (sicstt
1049 3728 1062 3812 ΗΗ
1086 3743 1113 3794 ll
1140 3733 1253 3790 elatum
1267 3738 1374 3807 scripsi
1381 3759 1390 3792 :

247 3821 394 3877 laetatum
409 3821 463 3875 BR
474 3817 615 3876 iactatum
634 3827 792 3890 gactntunr
803 3819 992 3874 Burmannus
1008 3813 1020 3900 Η
1037 3828 1069 3879 13
1082 3816 1247 3876 ascriberet
1265 3821 1291 3875 R
1307 3813 1319 3898 Η
1336 3819 1388 3888 arl-

247 3903 402 3963 scriberet.
415 3903 559 3960 Bucolica
574 3903 786 3981 Georgicaqne
802 3899 986 3960 emendabit.
1010 3923 1088 3960 anno
1104 3921 1176 3960 uero
1196 3898 1237 3983 ςΗ
1254 3904 1389 3962 seeundo

247 3997 279 4046 ut
295 3989 430 4046 ultimam
443 4007 563 4046 manum
580 3987 710 4047 Aeneidi
726 3989 894 4064 imponeret
911 3981 952 4064 ςΗ
970 3997 1003 4048 11
1018 4007 1133 4044 summa
1149 4007 1239 4057 marm
1260 3991 1312 4046 BR
1329 3985 1341 4068 ΗΗ
1358 3999 1389 4046 et

246 4074 351 4131 Asiam
370 4069 413 4154 ςΗ
431 4085 460 4135 15
478 4073 669 4152 triennioque
686 4073 826 4130 continuo
845 4091 963 4130 ornnem
980 4091 1102 4152 operam
1120 4071 1266 4130 limatieni
1282 4073 1356 4132 dare
1374 4095 1392 4143 ς

247 4153 251 4238 Η
277 4158 405 4216 triennio
423 4177 543 4237 quoque
560 4159 585 4214 R
601 4153 613 4237 Η
630 4157 757 4235 amplius
776 4177 828 4214 οιιι.
848 4151 900 4236 ΙέΗ
920 4165 951 4218 16
962 4159 992 4214 in
1008 4157 1125 4237 reliqua
1138 4179 1155 4226 ς
1167 4152 1180 4238 Η
1196 4157 1391 4237 philosophia

248 4247 274 4300 B
290 4239 302 4323 Η
321 4253 352 4304 rs
374 4243 537 4316 reuertenti
559 4261 620 4298 una
637 4261 704 4300 curn
723 4240 856 4298 Caesare
872 4241 971 4300 redire
988 4241 1161 4300 ‹testinanit
1197 4251 1228 4300 at
1244 4262 1308 4300 curn
1325 4245 1389 4302 Me·

246 4347 320 4404 gara
342 4329 473 4386 uicinum
495 4325 624 4384 Athenis
651 4325 793 4405 oppidum
817 4325 934 4384 uisendi
957 4329 1055 4402 gratia
1077 4328 1300 4386 feruentissimo
1324 4330 1389 4388 sole

246 4421 381 4492 peteret,
400 4412 578 4489 languerem
595 4419 702 4471 nactus
722 4419 769 4470 est
785 4429 873 4490 quem
898 4431 915 4480 ς
