3162 5058
720 261 824 303 carvr
848 263 859 304 1
1299 248 1360 312 373

221 425 254 474 ut
271 414 447 492 eclogarum
467 411 657 472 differentiae
679 413 893 487 inlustremur,
911 433 949 473 ea
964 415 1127 476 Suetonius
1142 417 1172 476 in
1187 418 1361 478 universum

222 517 259 576 ad
271 515 419 596 poematis
433 534 548 593 genera
558 515 717 590 transfert3
742 515 893 594 siquidem
904 525 1033 595 excepto
1045 537 1105 576 uno
1117 518 1186 577 loco
1198 537 1257 597 quo
1269 518 1360 579 buco·

220 618 280 678 lico
302 618 440 695 exemplo
465 637 538 676 usus
564 624 612 675 est
636 636 756 696 semper
778 615 818 675 ad
839 616 1001 694 generales
1024 620 1128 697 poesis
1152 619 1361 682 distinctiones

219 719 353 798 respicit.
389 719 517 797 primum
539 719 631 796 igitur
645 737 742 796 genus
759 717 869 776 dicitur
883 718 1082 782 dramaticum
1100 721 1229 782 alterum
1250 741 1361 800 exege-

220 823 312 884 ticum
327 821 449 880 tertium
465 821 600 879 mixtum.
633 818 744 880 deinde
762 820 843 900 apud
857 821 1040 882 Diomedem
1056 823 1195 900 singulae
1215 825 1361 904 cuiusque

220 923 341 1000 generis
364 922 484 1001 species
505 921 715 1000 proferuntur:
738 923 865 1001 primum
891 921 1049 983 dramatici
1069 927 1218 1002 poematis
1241 925 1362 1004 species

220 1024 400 1104 simpliciter
426 1033 654 1082 enumerantur:
685 1025 821 1104 sequitur
845 1027 1108 1086 commentariolus
1134 1025 1172 1086 de
1201 1028 1363 1104 exegetica

220 1127 325 1206 poesi,
341 1126 371 1184 iu
387 1143 446 1205 quo
463 1125 603 1204 exempla
617 1126 707 1184 unius
723 1125 868 1206 cuiusque
883 1127 997 1207 speciei
1010 1126 1131 1188 Graeca
1146 1137 1177 1188 et
1188 1129 1300 1192 Latina
1313 1149 1360 1188 re·

221 1227 359 1287 feruntur
376 1225 488 1285 additis
507 1236 664 1286 auctorum
678 1226 857 1287 nominibus.
899 1228 1009 1288 deinde
1024 1230 1109 1289 mixti
1126 1231 1275 1308 poematis
1292 1250 1361 1309 spe-

222 1328 283 1387 cies
306 1327 435 1406 scriptor
453 1327 545 1407 plene
567 1329 741 1408 exequitur:
763 1349 821 1410 quo
837 1332 919 1390 facto
936 1331 975 1391 ad
992 1329 1190 1390 dramaticum
1203 1350 1299 1408 genus
1315 1333 1359 1390 in·
1376 1329 1383 1343 '

219 1427 409 1489 lustrandum
429 1429 543 1489 ordinis
565 1432 652 1509 quasi
674 1432 829 1492 immemor
850 1435 1020 1492 revertitur.
1056 1432 1135 1492 hanc
1151 1432 1360 1492 confusionem

220 1531 355 1592 Keilium
383 1550 443 1590 non
472 1531 724 1594 animadvertisse
752 1536 859 1608 miror,
887 1555 977 1615 quam
1007 1531 1152 1594 Rabauus
1181 1533 1361 1594 Maurusia

221 1653 288 1694 exc.
307 1632 344 1692 de
363 1641 429 1692 arte
447 1652 571 1710 gramm.
595 1635 746 1696 Prisciani
768 1638 801 1697 II
812 1659 842 1716 p.
855 1647 889 1701 46
901 1637 949 1698 ed.
963 1634 1068 1695 Oolon.
1094 1655 1161 1694 cum
1178 1631 1360 1694 Didmcdem

220 1733 408 1794 exscriberet
431 1734 539 1794 tollere
561 1755 615 1814 pro
635 1737 751 1798 viribus
773 1759 834 1798 non
854 1737 1014 1798 dubitavit.
1056 1757 1144 1817 quem
1161 1755 1221 1796 non
1238 1737 1359 1816 puriore

220 1835 304 1896 fonte
318 1855 405 1895 usum
419 1854 488 1894 csse
503 1847 619 1896 certum
634 1849 695 1916 est;
712 1839 849 1900 adhibuit
865 1841 945 1900 enirn
959 1838 1095 1898 codicem
1109 1837 1269 1898 Diomedis
1286 1838 1359 1896 Ful-

220 1938 345 1998 densem
366 1945 475 2016 postea
495 1959 514 1998 a
531 1939 634 1999 Medio
656 1940 807 2000 conlatum
827 1963 908 2002 nunc
930 1941 1053 2021 quidem
1077 1939 1282 2019 deperditum,
1304 1938 1360 1998 sed

220 2042 271 2120 qni
292 2061 310 2100 a
329 2039 414 2098 libris
431 2041 482 2118 qui
498 2048 629 2100 aetatem
646 2041 781 2100 tulerunt
796 2043 861 2102 sere
876 2063 937 2100 non
953 2041 1152 2120 discreparet.
1183 2042 1222 2101 cf.
1243 2041 1360 2100 Keilius

219 2143 315 2222 praes.
337 2161 366 2220 p.
382 2141 515 2204 XXXII
534 2163 580 2223 sq.
616 2163 674 2202 nco
694 2152 795 2222 potest
810 2145 930 2202 omnino
950 2141 1079 2202 librariis
1094 2141 1251 2202 Diomedis
1269 2141 1360 2220 culpa

220 2243 373 2302 turbarum
384 2241 486 2314 tribui,
502 2231 568 2302 cnm
580 2245 649 2303 talis
662 2245 855 2323 corruptelae
869 2245 953 2303 nulle
968 2246 1063 2323 possit
1077 2245 1130 2302 via
1142 2251 1173 2302 et
1183 2245 1261 2302 ratio
1273 2242 1358 2302 inda-

219 2346 294 2423 gari.
321 2346 412 2422 igitur
427 2351 551 2422 stupore
567 2353 597 2402 et
612 2347 720 2424 supina
740 2345 936 2423 neglegentia
956 2347 1143 2424 excerptoris
1161 2345 1276 2404 factum
1291 2365 1359 2405 esse

220 2447 364 2519 arbitror,
382 2455 416 2504 ut
432 2444 505 2504 ordo
525 2466 614 2526 quem
631 2446 794 2506 Suetonius
809 2449 939 2508 instituit
953 2449 1165 2506 inverteretur.
1196 2446 1359 2506 Suetonius

220 2550 299 2607 enim
321 2569 358 2607 ex
374 2549 518 2606 universa
532 2549 682 2628 poematis
697 2547 895 2628 discriptione
911 2550 1121 2630 quaestionem
1138 2549 1235 2628 ipsam
1252 2548 1358 2627 triper-

219 2651 305 2710 titam
324 2671 392 2710 esse
412 2649 523 2722 voluit,
550 2659 584 2708 nt
605 2652 702 2730 prima
722 2660 809 2729 parte
830 2650 868 2710 de
890 2651 1059 2710 dramatico
1079 2651 1165 2729 poesi
1189 2649 1301 2710 deinde
1320 2649 1359 2710 ds

220 2753 381 2828 exegetica
399 2759 550 2829 postremo
576 2752 614 2810 de
637 2754 786 2812 communi
803 2771 892 2832 quam
907 2753 1031 2812 vocavit
1047 2759 1160 2828 ageret.
1191 2751 1359 2810 Diomedes

220 2863 320 2914 autem
343 2873 410 2913 curu
431 2853 547 2912 initium
569 2856 684 2934 primae
700 2853 795 2932 partis
808 2845 1052 2933 perscripsisset‚
1074 2874 1134 2935 quo
1150 2853 1270 2932 species
1290 2852 1358 2912 dra·

218 2956 319 3015 matici
341 2953 463 3031 generis
491 2965 719 3029 enumerantur,
751 2963 842 3034 caput
870 2954 1015 3027 alterius,
1049 2975 1108 3033 quo
1138 2955 1257 3034 speeies
1287 2975 1358 3017 exe·

172 3051 175 3056 ’
219 3059 338 3137 geticae
360 3059 462 3136 poesis
484 3060 690 3132 nominantur,
712 3058 864 3118 adiunxit:
887 3055 942 3116 sed
959 3050 1046 3115 simul
1065 3056 1162 3134 ipsam
1178 3055 1216 3115 de
1234 3056 1282 3115 his
1298 3056 1358 3116 dis-

220 3160 408 3238 putationem
423 3179 501 3238 quae
523 3169 632 3220 natura
657 3181 712 3223 sua
727 3159 907 3219 brevissima
922 3168 1004 3217 essct
1022 3178 1083 3216 non
1098 3157 1249 3218 dubitavit
1265 3167 1359 3218 totam

221 3261 405 3324 exscribere.
431 3263 474 3320 sic
490 3260 530 3320 ad
545 3262 665 3320 tertiam
679 3270 797 3341 partem
814 3260 933 3319 delatus
949 3259 1099 3318 distinctis
1114 3260 1178 3318 eius
1195 3258 1359 3336 generibus

219 3385 279 3424 non
297 3382 439 3424 reversus
456 3371 519 3436 est,
541 3374 574 3423 ut
593 3383 650 3440 par
669 3371 749 3434 erat,
769 3361 807 3421 ad
827 3361 1024 3420 dramaticum
1040 3379 1163 3439 poema,
1185 3358 1241 3418 sed
1257 3359 1296 3418 de
1311 3379 1357 3419 or·

221 3465 290 3526 dine
314 3485 439 3526 securus
460 3464 622 3544 descripsit
643 3483 722 3545 qnae
742 3462 823 3542 apud
838 3463 1015 3522 Suetonium
1036 3479 1182 3538 generum
1203 3480 1358 3520 enumera-

219 3569 333 3628 tionem
345 3568 559 3647 sequebantur.
588 3587 648 3647 quo
660 3565 782 3640 negotio
795 3563 926 3623 feliciter
938 3563 962 3622 si
976 3563 1022 3622 dis
1033 3561 1136 3640 placet
1151 3561 1359 3621 administrato

220 3671 355 3730 meminit
383 3687 485 3728 eorum
510 3689 589 3749 qnae
616 3675 686 3727 ante
716 3665 860 3724 omiserat
879 3685 936 3724 nec
956 3664 1066 3744 puduit
1087 3682 1155 3723 eum
1176 3662 1257 3742 quod
1279 3683 1359 3722 nunc

219 3773 318 3851 prima
331 3791 403 3850 pars
414 3779 484 3850 post
498 3772 618 3830 tertiam
635 3765 776 3848 ponenda
791 3776 865 3826 erat.
893 3787 954 3846 qna
963 3765 1081 3826 ratione
1094 3764 1238 3826 facillime
1252 3763 1359 3824 turbae

220 3873 425 3952 explicantem
451 3891 512 3930 non
543 3872 622 3931 enim
651 3867 743 3928 credo
770 3888 950 3950 quemqnam
970 3867 1129 3928 Diomedis
1157 3867 1360 3944 patrocinium

218 3983 440 4056 suscepturum.
460 3972 541 4054 quod
556 3973 688 4032 officium
699 3992 738 4032 ne
751 3973 820 4054 quis
832 3971 889 4032 sibi
901 3972 1087 4048 iniungeret,
1105 3970 1170 4047 ipse
1186 3967 1357 4030 Diomedes

221 4077 320 4154 egisse
341 4075 478 4151 videtur,
501 4095 568 4134 cunr
586 4093 643 4134 nec
660 4075 691 4132 in
707 4073 834 4149 singulis
851 4073 952 4132 desint
967 4071 1162 4143 documenta,
1188 4069 1297 4150 quibus
1313 4071 1357 4128 in-

219 4178 315 4255 signis
331 4178 397 4237 eins
409 4178 439 4236 in
455 4175 647 4254 excerpendo
662 4176 859 4253 neglegentia
872 4173 1025 4254 probetur.

305 4282 409 4340 Prima
436 4279 516 4336 enim
541 4287 626 4356 parte
649 4277 812 4336 Suetonius
841 4276 1039 4336 dramaticum
1063 4295 1161 4353 genus
1185 4273 1356 4354 descripsit,
