3190 5098
676 415 779 456 usur'r
798 415 834 454 111
1264 397 1322 456 tut

185 585 285 646 neque
306 575 408 626 tamen
431 565 482 624 vel
506 585 574 624 eum
597 565 650 644 qui
676 565 840 624 chronicon
866 563 1002 624 condidit
1026 565 1123 644 ipsum
1137 561 1326 644 {Suetonium

186 666 300 726 adiisse
315 677 397 746 puto.
429 668 624 726 consentiunt
642 667 721 725 onim
739 666 805 724 eius
823 674 969 744 excerpta
991 684 1059 723 cum
1074 665 1211 743 plurimis
1229 665 1325 724 Grae·

187 788 290 826 corum
307 769 604 848 chronographorum
623 768 712 840 locis,
729 777 762 825 ut
778 767 926 845 adpareat
940 765 995 826 hos
1012 787 1073 826 non
1086 767 1182 826 solum
1196 765 1327 826 eundem

187 889 255 928 cum
268 889 303 928 co
315 879 470 928 auctorem
482 869 536 928 scd
550 879 580 928 et
592 867 722 928 eundem
737 868 818 928 illius
832 871 1061 946 epitomatorem
1073 868 1168 948 sequi.
1186 869 1245 926 iam
1258 887 1326 926 eum

188 979 306 1030 constet
321 971 441 1030 illorum
454 990 641 1030 communem
659 971 773 1030 fontem
786 971 928 1030 Africani
951 971 1223 1050 chronographiam
1247 989 1325 1043 csse,

188 1074 280 1130 etiam
291 1073 434 1132 Latinum
450 1073 614 1132 chronicon
630 1093 668 1132 ox
681 1073 739 1132 hoc
752 1083 896 1152 excerpta
906 1093 962 1134 sua
973 1073 1162 1134 Suetouiana
1174 1073 1327 1151 recepisse

187 1183 281 1252 patet.

275 1274 399 1353 Quibus
423 1278 454 1336 in
476 1277 615 1356 reliquiis
640 1277 751 1356 optime
777 1277 876 1355 qualis
899 1279 977 1336 ratio
1002 1275 1132 1336 Sueteni
1154 1277 1328 1356 antiquaria

188 1379 282 1437 fuerit
297 1379 445 1438 cernitur:
461 1399 523 1456 qua
539 1387 572 1436 ut
589 1379 678 1438 Serri
695 1379 778 1438 Aen.
794 1379 841 1436 Xl
858 1386 908 1441 tut
926 1377 1037 1437 iudicio
1053 1378 1091 1438 dc
1099 1378 1237 1438 Varrone
1252 1397 1325 1456 pau·

189 1481 250 1540 lum
272 1480 419 1539 inmutato
441 1489 509 1539 utar
532 1489 774 1558 expugnatorem
799 1479 913 1559 ulrique
942 1499 1048 1538 sacrae
1077 1481 1239 1538 memoriae
1265 1479 1325 1538 lle·

189 1602 344 1642 manorum
359 1601 392 1640 se
408 1590 557 1658 praestat,
579 1601 670 1662 quam
690 1582 799 1640 misere
815 1582 845 1639 in
865 1580 1094 1642 similitudinem
1114 1582 1328 1642 vilissimarum

190 1682 485 1742 rrarratiunculorum
509 1685 653 1762 corrupit.
696 1683 804 1742 lanum
830 1693 859 1742 et
884 1681 1047 1742 Saturnum
1070 1692 1103 1741 ut
1122 1683 1196 1744 deos
1219 1684 1328 1758 omisit,

190 1786 269 1846 nihil
284 1793 421 1844 sanctum
436 1785 522 1844 illum
538 1784 744 1865 septenarium
762 1805 918 1845 numerum
934 1805 1037 1861 regum
1053 1785 1256 1844 Romanorum
1276 1807 1326 1846 cu·

188 1897 254 1959 rat,
273 1907 341 1946 cum
354 1887 457 1946 'ritum
474 1887 597 1946 'latium
617 1887 744 1946 inserat:
776 1897 807 1945 at
825 1887 967 1964 vulgares
986 1888 1055 1946 illas
1075 1889 1193 1946 fabulas
1212 1889 1250 1946 de
1266 1889 1326 1946 lto·

189 1989 261 2048 muli
277 1999 308 2048 ot
320 1989 469 2068 Tarquini
485 2009 561 2048 nece
579 2001 608 2048 ct
625 1988 663 2049 dc
678 1991 796 2049 Numae
809 1999 840 2048 et
851 1990 1000 2069 'l'arquini
1018 1991 1151 2048 inventis
1162 1992 1329 2068 praecipua

193 2110 265 2150 cura
280 2100 458 2169 persecutus
476 2102 532 2150 est.
565 2103 597 2150 ut
617 2091 761 2150 iudicium
780 2089 860 2170 quod
876 2093 1080 2150 llourmscnus
1095 2091 1117 2148 l.
1135 2111 1206 2170 op·
1222 2101 1274 2154 titlt
1290 2092 1327 2150 de

189 2193 247 2252 hac
265 2195 382 2252 ratione
400 2193 489 2252 lacit:
516 2197 587 2250 cuch
600 2205 678 2266 passt
696 2197 739 2252 dic
752 2199 877 2267 ptdstlosc
891 2196 1077 2266 Beerhcitrmp
1092 2197 1140 2249 des
1156 2199 1329 2267 Saqrrrstoffs

192 2307 272 2352 auter
289 2301 360 2352 otlca
383 2298 538 2354 rtimisclren
555 2297 772 2369 Sclrrr'ststettcrrr
796 2315 840 2351 cra
856 2295 947 2352 beaten
967 2303 1021 2367 sur
1044 2299 1145 2352 Straton
1166 2299 1218 2350 den
1239 2297 1327 2374 Murra

190 2401 240 2454 der
256 2399 451 2454 Auticlrcmhrc
466 2400 523 2454 trad
538 2399 756 2454 ceraseorum
771 2395 1135 2454 iustissimuurvideatur.
1155 2397 1199 2453 sic
1215 2396 1328 2454 factum

191 2507 236 2558 est
250 2508 283 2558 ut
294 2519 407 2558 summo
419 2499 524 2558 favore
537 2518 555 2556 a
568 2497 748 2558 Christianis
761 2498 822 2558 illis
836 2497 1072 2575 chronographis
1083 2499 1271 2558 Suetouiaua
1283 2519 1327 2558 ro·

190 2620 259 2676 gum
275 2601 481 2660 Romanorum
498 2599 623 2660 historia
638 2602 846 2678 exciperetur,
862 2602 974 2680 quippe
991 2600 1100 2678 quibus
1116 2601 1193 2658 tales
1206 2600 1328 2658 fabulae

191 2701 229 2761 de
244 2703 409 2779 originibus
421 2702 527 2784 populi
539 2703 668 2762 Romani
681 2702 840 2762 admodum
854 2701 1019 2781 placerent.
1033 2703 1072 2761 cf.
1084 2703 1261 2761 Mommsen.
1276 2703 1329 2760 l.c.

190 2825 218 2884 p.
228 2817 288 2870 599.
305 2805 568 2864 ubihlommsenus
584 2805 714 2864 sibinen
729 2807 901 2864 constitisse
916 2804 1045 2876 videtur,
1061 2825 1127 2863 curn
1140 2805 1329 2864 Christianos

190 2910 273 2987 ipsos
286 2908 340 2968 has
348 2907 467 2967 fabulas
475 2909 683 2985 confingentes
692 2908 795 2966 faciat.
809 2927 878 2966 nam
888 2906 1107 2986 phtoeasdem
1116 2907 1194 2966 falsa
1207 2906 1329 2988 quidem

192 3013 454 3090 argumentatione
466 3011 520 3070 sed
532 3021 616 3071 recto
632 3023 734 3071 tamen
748 3011 801 3070 illc
816 3011 929 3070 iudicio
942 3030 1014 3070 usus
1031 3013 1178 3072 Suetonio
1194 3013 1307 3105 tribqit.

278 3115 373 3194 Sequi
388 3113 479 3172 iubeo
490 3118 626 3172 ludicram
636 3118 777 3172 historiam
789 3113 820 3172 id
836 3125 882 3172 est
898 3111 1037 3172 ludorum
1048 3114 1211 3189 historiam,
1228 3115 1258 3172 in
1270 3133 1330 3194 qua

192 3217 390 3295 inscriptione
402 3215 483 3275 idem
496 3237 568 3275 usus
580 3215 725 3274 adiectivi
739 3216 923 3294 conspicitur
937 3226 1029 3293 atquc
1041 3215 1071 3273 in
1083 3215 1170 3274 titulo
1181 3217 1329 3274 naturalis

193 3317 339 3378 historiae
351 3319 504 3378 Pliniana.
524 3339 610 3397 porro
628 3317 782 3376 simillima
796 3315 972 3376 ostGrecca
984 3315 1079 3374 Iubae
1093 3317 1328 3395 inscriptiotlrc-

192 3413 279 3495 τρικὴ
292 3419 413 3499 ἱστορία.
423 3419 559 3479 ludicrae
572 3421 664 3497 igitur
676 3419 821 3477 historiae
834 3417 946 3478 diserte
956 3419 1083 3496 primum
1091 3419 1197 3476 librum
1207 3415 1329 3478 Gellius

193 3523 350 3596 v1117,s
370 3523 491 3600 (fragm.
509 3522 571 3599 181)
588 3522 710 3580 citavit:
738 3531 841 3600 partes
858 3521 922 3579 eius
939 3519 1087 3578 indicavit
1103 3519 1225 3592 Suidas,
1240 3541 1331 3600 quem

193 3628 284 3686 etiam
300 3625 436 3684 hocloco
459 3633 562 3706 partes
578 3623 700 3703 quidem
717 3643 774 3682 nee
792 3632 891 3680 tamen
911 3622 1019 3682 librum
1037 3641 1097 3700 quo
1113 3622 1185 3682 illae
1204 3643 1329 3701 conpre-

193 3728 399 3788 henderentur
414 3748 504 3787 nosse
523 3726 661 3808 adparet.
691 3725 746 3784 sed
764 3745 803 3783 ne
819 3734 922 3805 partes
939 3723 1061 3804 quidem
1082 3745 1184 3784 omnes
1201 3727 1229 3784 ei
1245 3726 1329 3784 inno·

194 3833 289 3890 tuisse
307 3830 466 3902 videntur,
498 3829 649 3908 siquidem
670 3828 786 3888 ludicra
808 3829 934 3888 historia
954 3847 972 3886 a
990 3827 1171 3907 Tranquillo
1192 3827 1332 3885 absoluta

194 3944 249 3994 est.
284 3933 472 3992 habotehim
488 3933 565 3991 hacc
595 3934 625 3991 in
651 3931 751 4009 capite
781 3931 928 4008 catalogi:
959 3927 1071 4007 ἔγραψε
1093 3925 1158 4004 περὶ
1182 3932 1239 3986 τῶν
1259 3919 1329 4006 παρ’

182 4006 306 4111 Ἕλλήσι
318 4033 448 4109 παιδιῶν
459 4034 577 4111 βιβλίον
587 4027 629 4090 α’·
646 4029 712 4107 περὶ
726 4032 784 4090 τῶν
796 4021 875 4110 παρὰ
884 4023 1033 4108 Ῥωμαίοις
1044 4031 1181 4108 θεωριῶν
1193 4027 1243 4089 καὶ
1256 4021 1332 4109 ripoi-

194 4159 254 4195 νων
262 4137 365 4214 βιβλία
376 4129 424 4214 β’;
442 4137 653 4198 desiderantur
665 4137 784 4196 scilicet
795 4125 907 4214 ἀγῶνες
920 4137 1115 4209 Graecorum,
1127 4135 1332 4193 Romanorum

193 4237 320 4297 παιδιαί.
355 4249 448 4320 atque
462 4239 582 4298 illorum
596 4241 708 4298 mentio
725 4241 903 4319 nescioquo
920 4259 993 4298 casu
1011 4240 1042 4296 iu
1054 4235 1174 4298 titulum
1192 4235 1332 4295 diversae

194 4343 289 4418 partis
301 4361 382 4420 quae
394 4341 432 4400 de
445 4342 627 4419 spectaculis
639 4342 842 4401 Romanorum
854 4342 968 4420 scripta
980 4349 1045 4400 erat
1055 4341 1197 4418 inrepsit,
1214 4348 1247 4399 ut
1263 4339 1331 4399 Sui·-

195 4443 250 4502 das
263 4445 376 4503 invitus
388 4446 454 4522 ipse
468 4454 639 4522 corruptam
654 4445 988 4522 memoriamcorrigere
999 4443 1149 4504 videatur.
1163 4442 1201 4502 de
1217 4443 1332 4503 lusibus
