3072 5064
462 681 590 742 LIBER
618 683 676 744 DE
701 681 830 743 Vl‘PlIS
855 683 1179 746 CORPORALIBVS

148 833 218 905 170
341 847 470 894 snvtus
492 831 613 917 pingue
641 831 757 896 durum
764 882 774 915 ‚
803 833 889 918 quod
910 845 960 897 εει
979 835 1065 898 inter
1085 843 1191 898 cutem
1214 843 1246 897 et
1265 833 1391 897 uiscus.

256 931 313 994 alii
335 933 470 996 aruinae
491 934 620 998 nomine
643 933 782 998 laridum
802 935 924 1000 dicunt.

148 1129 212 1200 171
339 1151 462 1212 111qu
485 1135 650 1201 oculorum
672 1137 794 1224 anguli.

146 1341 216 1414 172
339 1355 432 1402 vaus
456 1341 634 1404 seeundum
661 1342 744 1406 alios
769 1342 937 1430 utriusque
959 1365 1073 1408 munus
1098 1341 1246 1406 extensio
1269 1350 1319 1406 est
1341 1363 1393 1406 se-

253 1439 394 1506 cundum
415 1441 497 1506 alios
518 1443 662 1507 cubitus:
705 1444 793 1531 quod
813 1446 917 1528 magis
939 1466 1052 1508 uerum
1076 1455 1140 1522 εει,
1163 1446 1240 1530 quia
1262 1443 1413 1510 Graecus

254 1531 361 1626 ὠλένη
382 1541 502 1607 dicitur
523 1545 666 1622 cubitus,
689 1545 776 1610 unde
797 1554 829 1609 et
850 1539 1056 1619 λευκώλενος
1067 1536 1165 1628 Ἥρη.

341 1745 388 1800 tlt
412 1749 524 1802 Servius
542 1751 609 1799 hen.
628 1751 681 1801 v11
698 1751 761 1801 6⁴27:
785 1750 952 1802 ‘Secundum
971 1751 1128 1802 Suetonium
1151 1753 1179 1802 in
1201 1751 1271 1802 libro
1295 1752 1329 1802 de
1347 1753 1391 1802 ui-

254 1817 301 1866 tiis
321 1818 508 1884 corporalibus
527 1820 648 1868 uruina
667 1826 709 1870 est
726 1825 852 1908 pingue
871 1819 1000 1870 durum*
1021 1837 1045 1870 ε.
1064 1837 1089 1885 q.
1108 1835 1130 1868 s.
1161 1820 1282 1870 Isidorus
1300 1820 1390 1936 origg.

253 1885 292 1934 XI
313 1885 323 1934 Ι
344 1885 399 1947 (‘de
416 1885 525 1936 homine
545 1892 573 1936 ει
590 1889 714 1954 partibus
733 1889 791 1937 eius
804 1889 823 1950 l,
841 1887 887 1937 Sl:
917 1889 1029 1938 ‘Aruina
1048 1893 1090 1938 est
1107 1888 1245 1954 pinguedo
1265 1890 1322 1938 cuti
1341 1904 1359 1937 a

223 1965 227 1972 ·
252 1952 389 2003 haerens!
406 1978 441 1988 -
469 1953 572 2005 Paulus
589 1955 667 2004 Festi
686 1973 711 2022 p.
731 1955 776 2005 20:
801 1955 916 2006 ‘Arbillu
935 1958 1047 2018 arniba,
1067 1955 1093 2005 id
1112 1963 1155 2006 est
1172 1956 1311 2022 pinguedo
1330 1971 1390 2005 cor-

252 2021 346 2088 poris!
381 2021 511 2072 Placidus
533 2023 616 2089 gloss.
638 2041 664 2090 p.
688 2022 738 2073 428
761 2025 840 2073 Mai:
865 2024 975 2075 ‘arbilla
999 2021 1153 2090 pinguedo’
1190 2023 1279 2074 Gloss.
1298 2023 1390 2074 stb.

252 2105 278 2156 p.
297 2089 361 2140 201:
382 2091 489 2141 ‘aruina
507 2091 589 2150 λίπος
611 2079 683 2141 ἄνευ
705 2085 822 2156 σαρκός,
846 2082 998 2158 ὀξύγγιοε.1
1037 2109 1064 2158 p.
1088 2091 1150 2142 200:
1178 2091 1287 2141 ‘arbina
1306 2081 1390 2156 ὀξύγ-

252 2171 325 2224 ysosr.
344 2185 376 2194 -
394 2159 564 2223 Hesychius:
587 2150 727 2226 cipplvvq·
745 2155 840 2224 κρέας,
859 2159 983 2212 Σικελοί.

339 2224 383 2280 ΠΙ
410 2228 520 2277 Servius
549 2227 637 2294 eclog.
661 2229 703 2278 111
726 2227 755 2279 8:
796 2229 968 2278 'l'rsusuersa
995 2229 1135 2278 tuentibus
1162 2224 1256 2292 hircis]
1282 2227 1390 2278 ‘hircos

253 2295 270 2345 i.
292 2311 314 2345 ε.
334 2311 432 2362 capros
450 2295 600 2346 libidinosa
624 2303 736 2346 constat
758 2312 818 2346 osse
843 2297 983 2347 animalia.
1025 2295 1096 2346 uude
1115 2297 1262 2346 Horatius:
1276 2296 1389 2345 Libidi-

251 2378 334 2414 nosus
356 2365 541 2414 immolabitur
564 2380 647 2430 caper
671 2371 698 2414 ct
721 2380 794 2430 agna
817 2365 1037 2431 tempestatibus.
1079 2365 1148 2430 quud
1173 2365 1257 2414 etiam
1281 2363 1391 2414 Plinius

251 2433 393 2482 Secundus
411 2433 494 2482 dicit:
517 2433 597 2482 Hirci
615 2434 638 2482 si
658 2449 724 2482 casu
747 2433 840 2498 aliquo
859 2439 989 2482 coetrutes
1013 2432 1121 2494 uident,
1148 2433 1217 2482 adeo
1241 2431 1389 2496 indignan-

251 2505 308 2562 tur,
332 2507 361 2550 ut
379 2501 408 2550 iu
426 2516 472 2550 eos
490 2517 578 2565 paene
597 2501 727 2568 impetum
746 2501 862 2550 faciunt.
902 2501 965 2551 hinc
984 2507 1039 2550 est:
1058 2501 1230 2551 Trnnsuersa
1247 2501 1390 2550 tuentibus

251 2567 335 2618 hircis
358 2569 377 2617 i.
403 2583 426 2618 e.
449 2576 568 2618 uestram
592 2570 788 2634 turpitudinem
815 2569 1032 2636 indignantibus.
1078 2569 1127 2618 alii
1154 2568 1204 2618 hoe
1232 2569 1391 2634 improbant

252 2641 280 2686 et
304 2635 400 2701 legunt
422 2636 535 2701 hirquis.
575 2637 690 2702 hirqui
714 2641 806 2688 autem
825 2643 888 2686 sunt
906 2637 1077 2688 oculorum
1101 2636 1219 2702 anguli
1238 2637 1390 2686 secundum

251 2703 411 2753 Suetonium
429 2703 619 2768 Tranquillum
643 2708 670 2754 in
694 2706 771 2754 uitiis
790 2705 992 2770 corporalibus,
1017 2713 1047 2754 ut
1064 2706 1102 2754 sit
1119 2719 1228 2754 sensus:
1256 2705 1390 2754 Nouimus

253 2773 299 2836 qui
322 2777 349 2822 ιε
369 2773 520 2836 corruperit
543 2772 647 2837 hirquis
671 2779 830 2822 transuersa
854 2773 1007 2832 tuentibus;
1036 2778 1064 2822 et
1087 2779 1130 2822 est
1152 2772 1302 2838 hypallage
1326 2789 1390 2838 pro:

252 2839 340 2888 oculis
359 2840 387 2888 iu
405 2839 516 2904 hirquos
534 2841 655 2903 retortis,
675 2855 755 2905 quam
774 2857 831 2890 reru
849 2841 919 2891 solet
937 2841 1022 2890 libido
1041 2841 1180 2906 perlicere.
1217 2841 1288 2890 unde
1307 2841 1390 2890 lune-

252 2906 338 2956 nalis:
361 2907 516 2972 Oculosque
541 2909 569 2956 in
593 2907 645 2958 line
669 2911 821 2960 trementis.
862 2909 985 2960 Persius:
1009 2910 1136 2959 Pstrauti
1155 2910 1259 2958 fractus
1278 2907 1389 2958 ocello.'

251 2973 371 3024 Isidorus
390 2976 476 3040 origg.
497 2975 549 3024 llll
571 2975 598 3038 1,
620 2975 663 3026 ll:
683 2976 793 3027 ‘Hircus
811 2978 943 3028 lasciuum
963 2978 1064 3028 animal
1084 2984 1111 3028 ot
1129 2977 1267 3042 petulcum
1287 2985 1316 3026 et
1335 2978 1390 3026 ier·

250 3057 319 3092 neus
342 3057 451 3108 semper
469 3044 504 3092 ad
522 3044 636 3094 coitum:
661 3045 738 3094 cuius
757 3046 830 3095 oculi
849 3046 883 3095 sd
902 3045 1045 3095 libidinem
1064 3047 1091 3094 in
1110 3051 1295 3094 transuersum
1315 3045 1390 3110 aspi·

252 3111 342 3171 ciunt,
371 3109 442 3160 unde
467 3117 495 3161 ει
512 3127 610 3162 nornen
634 3113 726 3161 traxit.
768 3129 831 3162 nam
858 3113 948 3164 hirci
975 3119 1038 3164 sunt
1065 3114 1238 3163 oculorum
1267 3113 1391 3178 anguli

250 3177 399 3230 secundum
422 3179 590 3229 Suetonium.
627 3180 705 3230 euius
722 3186 822 3231 natura
845 3183 914 3232 adeo
933 3182 1105 3231 calidissima
1128 3187 1179 3242 est,
1202 3188 1231 3230 ut
1255 3181 1391 3230 arlamsu·

250 3253 306 3296 tem
328 3247 461 3312 lapidem,
488 3263 567 3313 quem
591 3263 642 3298 nec
667 3249 740 3314 ignis
764 3265 816 3300 nec
840 3251 906 3300 terri
929 3249 1006 3300 ualet
1029 3249 1139 3300 domare
1163 3249 1294 3308 materia,
1313 3249 1392 3300 solus

249 3313 329 3365 huius
349 3330 428 3365 cruor
445 3315 587 3367 dissoluat.
623 3318 741 3366 maiores
759 3317 828 3368 hirei
843 3318 972 3384 Cinyphii
990 3318 1119 3367 dicuntur
1136 3333 1152 3366 a
1165 3318 1247 3367 fluuio
1260 3317 1391 3383 Cinyphe

249 3383 278 3433 in
296 3383 395 3446 Libya,
414 3383 461 3433 ubi
479 3386 598 3449 grandes
616 3385 784 3436 naseuntur)

335 3449 383 3504 ill
401 3451 512 3502 Servius
531 3467 624 3518 georg.
644 3453 760 3503 111355:
790 3453 902 3520 Septem
920 3455 1040 3519 assurgit
1063 3455 1091 3502 in
1110 3450 1201 3517 ulnas]
1221 3453 1342 3503 ‘arescit
1361 3455 1390 3504 in

248 3525 353 3586 septem
383 3519 469 3570 ulnas.
509 3521 589 3570 ulna
614 3528 704 3570 utitem
728 3529 757 3571 ut
780 3521 897 3572 diximus
925 3521 1108 3572 secumdum
1137 3520 1239 3572 alios’
1264 3537 1289 3570 e.
1313 3537 1341 3586 q.
1367 3537 1390 3572 s.

249 3587 361 3638 Servius
385 3587 473 3654 eclog.
492 3589 535 3639 III
555 3588 614 3640 105:
642 3591 705 3640 Tris
727 3595 825 3654 pateat
848 3590 918 3641 coeli
942 3592 1061 3655 spatium
1083 3605 1137 3640 non
1160 3589 1277 3655 amplius
1296 3589 1390 3656 ulnas]

251 3655 325 3706 ‘ulna
348 3658 456 3722 proprio
476 3663 518 3706 est
536 3659 663 3722 spatium,
683 3659 711 3707 in
729 3663 859 3722 quantum
872 3663 987 3724 utraque
1001 3659 1157 3708 extenditur
1168 3673 1273 3708 manus.
1311 3658 1393 3708 dicta

248 3725 313 3774 ulna
331 3718 390 3775 oirrd
408 3723 463 3774 sois
480 3715 592 3776 dravus
614 3725 680 3776 i.‘e.
706 3742 722 3776 a
741 3726 874 3788 brachiis,
902 3727 972 3776 unde
992 3730 1020 3776 et
1042 3719 1214 3784 λευκώλενος
1224 3715 1299 3790 Ἥρη
1318 3725 1391 3775 dici·

248 3799 300 3842 tur.
330 3792 398 3843 licet
419 3795 564 3844 Suetonius
587 3793 698 3844 ulnam
722 3793 814 3856 (unum
835 3797 935 3858 Daniel)
960 3795 1111 3845 cubitum
1134 3793 1202 3844 uelit
1221 3809 1296 3844 esse
1315 3801 1392 3844 tan-

248 3859 432 3910 tummodo’
456 3862 577 3912 isidorus
594 3864 681 3928 origg.
701 3863 739 3910 xl
760 3861 782 3924 l,
801 3861 847 3912 bl:
873 3863 953 3912 ‘Vlua
970 3863 1118 3913 secuudum
1137 3863 1267 3928 quosdam
1286 3863 1390 3911 utrius-

249 3943 300 3994 que
320 3943 415 3978 manus
434 3931 558 3980 extensio
572 3935 623 3991 εει,
643 3931 790 3980 secundum
809 3931 879 3982 alios
898 3932 1015 3993 cubitus,
1035 3931 1106 3996 qnod
1120 3931 1208 3997 magis
1220 3945 1315 3981 uerum
1335 3937 1391 3994 est,

250 3998 314 4062 quis
327 3997 435 4048 Graece
452 3987 555 4056 ὦλενος
574 3998 683 4050 cubitus
701 3997 819 4048 dicitur!

334 4249 346 4300 l
362 4195 464 4297 uisiiis
477 4239 555 4312 Lips.
570 4231 584 4320 Η
600 4237 731 4315 danguli
744 4239 897 4298 oculorum
913 4241 1014 4315 Regin.
1031 4247 1105 4300 1495
1120 4235 1133 4324 il
1148 4249 1165 4304 6
1178 4229 1284 4319 ὠλένη]
1298 4245 1389 4298 olsoc

249 4323 343 4381 Poris.
356 4329 429 4382 7959
441 4323 546 4382 olenos
570 4325 631 4382 Vel.
644 4330 718 4382 3317
733 4343 755 4382 a.
767 4327 817 4384 XI
827 4320 842 4406 ss
857 4333 887 4384 et
902 4331 1021 4400 scripsi:
1037 4337 1083 4385 est
1095 4331 1162 4384 libri
1174 4319 1187 4404 Η
1204 4317 1388 4398 λεικώλενες.

248 4407 277 4466 h.
295 4429 323 4486 p.
340 4407 367 4466 h.
383 4410 479 4466 Parit.
498 4415 572 4467 7959
587 4416 766 4481 aeykaaesoc
783 4409 855 4489 hph.
876 4413 938 4469 Vas.
956 4417 1032 4470 3317
