3190 5098
249 345 312 408 472
584 363 808 416 ovunsrrouos
826 361 1050 408 svnrourauan

253 521 410 593 Tranquilli
424 521 602 577 monumentis
618 534 690 594 pune
705 519 900 576 minuantur
917 533 991 578 suae
1004 516 1147 578 Caesaris
1157 513 1283 578 editioni
1296 535 1386 596 prae·

250 621 395 684 mitteret.
434 619 473 678 cf.
490 619 621 680 Rothius
636 640 667 698 p.
684 618 727 680 ct
741 640 797 700 sq..

336 719 435 782 Vnum
461 722 663 800 fragmentum
689 720 771 802 quod
797 720 927 782 fortasse
949 720 1016 802 quis
1042 740 1082 782 ex
1107 721 1164 782 hoc
1186 719 1263 782 libro
1281 741 1386 803 recep·

251 832 313 884 tum
334 831 443 902 putare
461 823 555 902 possit
577 824 715 884 consulto
735 823 832 886 omisi.
870 823 1002 884 refertor
1019 844 1039 886 a
1056 823 1164 886 Servio
1186 823 1266 884 Aen.
1288 823 1304 883 Ι
1321 833 1386 888 tour

250 930 369 986 ndulons
382 929 502 1004 populus
517 928 660 988 Romanus
678 929 826 988 Octauiano
842 931 896 986 trin
911 931 937 984 ei
949 929 1040 986 notatu
1058 929 1182 999 nummo,
1206 936 1299 986 utrum
1310 930 1388 986 uellet

163 1041 171 1068 ·
251 1029 387 1102 erirrious
402 1047 440 1086 on
458 1031 564 1088 Goesnr
584 1048 622 1088 uu
636 1033 774 1106 Augustus
792 1034 897 1088 uocari.
925 1031 969 1090 iile
987 1047 1023 1088 ne
1037 1047 1122 1088 unum
1139 1031 1259 1104 aimundo
1275 1038 1387 1104 purtem

251 1132 372 1190 taederet
382 1147 453 1206 quoe
467 1133 544 1188 atiud
556 1134 662 1206 offerre
683 1134 808 1208 comebat
824 1135 934 1190 diuerso
954 1140 1075 1206 tempore
1092 1133 1215 1193 omnibm
1230 1149 1297 1190 usus
1310 1141 1351 1190 est
1363 1141 1389 1192 et

246 1236 341 1306 primo
358 1233 490 1302 Quirinus
510 1236 597 1292 dictus
617 1243 657 1294 est
677 1238 741 1294 inde
757 1235 862 1292 Caesus
875 1243 901 1292 et
914 1242 979 1307 post
991 1236 1067 1309 quod
1080 1244 1105 1292 et
1118 1236 1229 1292 obtinuit
1241 1237 1386 1308 Aupustus.

236 1339 320 1436 'sicut
333 1336 479 1394 Suetonius
497 1337 605 1410 probat.
635 1336 759 1416 respicit
779 1333 818 1394 ad
839 1335 920 1394 hunc
937 1335 1036 1394 locum
1058 1345 1089 1394 et
1109 1334 1238 1396 eandem
1261 1333 1388 1396 Snatnui

251 1436 427 1496 memoriam
439 1437 550 1516 repetit
569 1436 649 1497 idem
665 1457 768 1518 georg.
785 1437 834 1496 111
845 1445 894 1500 ut:
920 1447 950 1496 ut
962 1442 1043 1495 etium
1057 1441 1085 1495 in
1094 1441 1186 1512 primo
1197 1441 1387 1498 Aeneidos'rii·

251 1543 358 1608 nunus.
373 1541 518 1599 Suetonius
530 1541 706 1616 Tranquillis
720 1542 772 1600 ltoo
786 1543 820 1598 de
833 1542 953 1614 Augusto
968 1550 1173 1614 commemorat,
1189 1543 1307 1616 quendam
1323 1549 1388 1600 unr-

247 1659 319 1718 pore
335 1649 391 1700 tres
402 1651 500 1716 portes
509 1646 610 1718 popuii
621 1647 803 1702 consentiente
821 1645 919 1716 sepn'tu
935 1644 1060 1700 obtulisse
1079 1645 1105 1698 ei
1125 1645 1179 1700 triu
1198 1647 1308 1702 nomino
1324 1645 1388 1714 (lui-

251 1747 308 1802 rini
326 1745 442 1818 Aupusti
461 1747 598 1804 Caesaris.
628 1748 672 1804 iile
686 1761 721 1804 ne
735 1763 788 1804 uuo
801 1747 922 1820 elipensis
935 1747 1005 1802 oiim
1021 1745 1173 1818 offenderet
1184 1754 1283 1820 portes
1299 1749 1389 1819 primo

253 1847 541 1918 Quirinusestdietus
557 1849 740 1906 moneamur
754 1855 819 1922 pnst
839 1851 867 1905 in
886 1851 994 1904 nomine
1012 1851 1165 1920 permansit
1179 1850 1300 1922 Aupusti.
1332 1867 1389 1908 neo

251 1948 357 2026 inopte
375 1947 531 2008 cunienses
546 1948 625 2008 hanc
640 1949 816 2010 memoriam
835 1950 933 2028 ipsam
947 1947 1017 2008 libri
1030 1946 1210 2008 Suetouiani
1223 1948 1389 2010 clausulam

253 2050 406 2124 effecisse,
421 2049 529 2111 eodem
544 2051 664 2114 scilicet
683 2051 771 2112 modo
792 2071 850 2131 quo
865 2051 973 2111 Florus
989 2051 1148 2130 epitomum
1162 2050 1202 2111 'dc
1212 2051 1285 2110 Tito
1300 2052 1388 2111 Livio

252 2152 403 2214 bellorum
419 2155 551 2214 omnium
570 2173 714 2216 annorum
735 2152 820 2214 DCC
842 2149 1008 2214 conclusit:
1034 2161 1181 2212 tructotum
1199 2157 1280 2212 etism
1298 2159 1326 2214 in
1345 2171 1388 2214 se·

249 2265 318 2316 notu
329 2276 367 2314 on
378 2261 443 2333 puio
453 2261 618 2316 condidisset
627 2261 773 2332 imperium
788 2260 923 2316 Romulus
936 2262 1100 2320 oromatum
1113 2257 1164 2313 sesi
1173 2260 1295 2314 sanctius
1306 2268 1332 2315 et
1344 2273 1389 2316 re·

251 2365 390 2419 cerentius
405 2364 493 2418 uisum
510 2369 550 2418 est
570 2375 669 2420 nomon
683 2363 811 2436 Aupusti,
826 2368 857 2420 ut
872 2363 975 2418 seilicet
993 2362 1048 2414 inm
1064 2366 1118 2414 tum
1138 2361 1204 2416 dum
1218 2361 1281 2416 solit
1299 2367 1391 2418 terras

251 2465 311 2537 ipso
331 2466 439 2520 nomine
460 2470 486 2520 et
504 2466 577 2520 tituto
602 2472 823 2522 consecraretur.
857 2470 890 2521 at
911 2460 988 2520 vidit
1008 2458 1136 2520 Rothius
1158 2479 1189 2538 p.
1212 2467 1265 2524 286
1284 2459 1388 2520 absor-

255 2563 325 2624 dam
349 2564 434 2624 illam
455 2561 545 2624 Servi
572 2565 775 2624 narrationem
802 2563 881 2624 male
908 2582 924 2621 o
953 2563 1017 2622 vita
1042 2561 1174 2639 Augusti
1201 2563 1390 2624 Suetoniana

251 2677 267 2732 7
284 2665 412 2726 adferri:
440 2668 543 2742 insonti
555 2685 702 2742 cognomen
720 2669 842 2726 Titurius
856 2669 968 2723 tnotnm
983 2675 1045 2726 est.
1065 2708 1072 2722 .
1090 2706 1097 2719 .
1111 2675 1206 2739 posteo
1222 2668 1275 2724 Gai
1289 2668 1389 2726 Ouess-

252 2775 292 2828 ris
313 2779 340 2829 et
360 2772 456 2830 deiude
473 2772 590 2846 Aupusti
607 2787 753 2846 noynomon
776 2772 939 2842 assumpsit,
963 2771 1079 2826 atterum
1099 2775 1256 2826 testamento
1278 2773 1391 2826 maioris

253 2875 384 2932 auunculi
408 2877 527 2932 alterum
549 2875 660 2932 Mrtnoti
686 2875 787 2930 Planci
808 2876 956 2938 sententiis,
981 2889 1045 2928 eum
1067 2872 1234 2945 quibusdum
1257 2874 1390 2930 renunti-
1437 2927 1441 2936 ,

253 2971 303 3033 bus
330 2972 476 3028 Romulum
500 2972 641 3044 oppetiori
666 2978 795 3042 oportere
826 2977 908 3046 mensi
935 2982 971 3046 et,
993 2977 1085 3046 ipsum
1112 2975 1279 3031 conditorem
1311 2975 1393 3031 orbr's

250 3074 458 3150 praeualuisset
473 3081 503 3132 nt
524 3077 661 3148 Aspustus
678 3078 770 3146 potius
791 3084 948 3137 uocaretur.
999 3083 1091 3155 atque
1108 3072 1282 3152 infringitur
1300 3072 1390 3134 Servi

253 3173 330 3236 fides
346 3175 439 3234 etiam
455 3193 491 3234 eo
507 3173 589 3254 quotl
604 3173 711 3256 Lydus
729 3173 795 3234 fara
816 3174 924 3236 eadem
946 3175 984 3235 sle
1000 3177 1130 3254 Augusti
1149 3173 1320 3236 nominibus
1336 3176 1389 3234 ha-

253 3278 314 3350 bet,
331 3277 390 3338 nisi
406 3276 486 3357 qood
498 3252 682 3339 Suetonium
687 3286 843 3338 auctorem
858 3299 920 3338 nou
936 3281 1070 3338 nominat
1086 3277 1137 3357 (de
1153 3277 1308 3338 mensibus
1323 3277 1390 3336 1111

252 3379 316 3458 tu):
329 3368 520 3458 Ὀκταβιονὸς
535 3372 597 3450 υἱὸς
607 3369 764 3458 Ὀκταβίου
776 3377 861 3451 νίκας
871 3371 1041 3457 πεποιηκώς
1052 3370 1178 3459 peruius
1188 3377 1308 3451 πολλοῖς
1322 3368 1389 3438 ὀνό-

252 3499 342 3561 μασιν
360 3479 491 3560 ἐτιμᾶτο·
517 3480 551 3540 oi
564 3477 618 3558 piu
632 3471 689 3559 peip
703 3470 795 3540 αὐτὸν
811 3470 964 3558 ὠνόμαζον
980 3483 1114 3562 Κυρῖνον
1128 3479 1221 3544 nicusi
1232 3473 1389 3559 ‘Puipoiotn

252 3576 337 3644 istu
352 3584 500 3666 Καίσαρα,
517 3577 613 3665 ψήφῳ
629 3581 662 3645 δὲ
683 3583 771 3666 κοινῇ
791 3583 849 3644 τῶν
865 3575 1025 3664 ἀρχιερέων
1046 3581 1097 3644 uui
1120 3584 1173 3660 τῆς
1194 3583 1309 3662 βουλῆς
1326 3574 1389 3644 Ai-

252 3705 379 3770 γουστος
394 3681 559 3764 ἐπεκλήθη.
587 3707 677 3768 quam
694 3696 766 3768 apte
782 3695 883 3748 autem
899 3687 1051 3748 interdum
1066 3689 1156 3750 Servi
1169 3689 1342 3748 testimonia
1359 3695 1392 3748 et

254 3811 353 3870 nugas
367 3792 607 3872 Byzantinorum
623 3773 808 3853 cohaereant
822 3790 938 3850 monuit
949 3791 1152 3852 Mommsenus
1168 3790 1207 3850 de
1221 3787 1301 3850 Gaio
1314 3787 1390 3850 loto

254 3893 287 3954 in
303 3913 374 3954 ann.
390 3893 491 3954 Bekk.
507 3903 538 3953 ct
553 3893 649 3953 Muto.
665 3904 736 3954 tom.
752 3892 802 3952 III
816 3913 847 3972 p.
862 3901 880 3954 2
894 3913 925 3954 n.
940 3891 993 3956 sb.

339 3993 494 4056 Conlectis
508 3996 600 4074 igitur
615 4005 646 4056 et
658 3995 814 4074 dispositis
831 3995 958 4056 Suetoni
976 3993 1153 4073 fragmentis
1170 4013 1262 4075 snper
1279 4001 1342 4066 est,
1358 3999 1392 4052 ut

255 4097 327 4160 iutle
341 4099 467 4160 rationis
484 4106 516 4158 et
532 4098 721 4160 auctoritatis
731 4099 796 4159 eins
806 4099 967 4176 imaginem
980 4095 1200 4156 adumbremus.
1226 4093 1390 4175 Tranquil-

255 4201 303 4262 lus
319 4201 409 4280 igitur
425 4201 580 4262 aminutis
591 4201 652 4262 illis
666 4219 742 4281 quus
758 4209 849 4259 vocat
859 4197 1101 4281 quaestiunculis
1117 4199 1158 4257 M.
1177 4197 1284 4258 Valeri
1299 4193 1390 4256 Probi

255 4303 517 4382 grammaticorum
532 4313 603 4364 ante
618 4303 796 4364 Suetonium
811 4301 904 4362 facile
917 4302 1063 4382 principis
1078 4319 1205 4362 aversus
1219 4319 1323 4360 rursus
1337 4317 1389 4358 an·

256 4405 386 4485 tiqunria
400 4403 502 4466 studia
520 4406 723 4466 resuscitavit.
751 4405 783 4465 in
799 4403 845 4466 his
862 4424 936 4464 vero
955 4403 986 4464 itl
1001 4403 1083 4484 qood
1100 4384 1192 4464 facile
1206 4401 1389 4482 perspicitur
1449 4403 1453 4414 '
1485 4419 1489 4432 ’
