3138 5100
497 369 525 410 r.
541 367 721 412 arrscsscrr
737 349 982 410 conueurrclvs
1241 347 1302 410 497

165 529 224 580 cat
269 520 434 580 Terentius
452 540 468 579 e
484 521 653 580 contrario:
669 539 754 594 quam
771 537 823 579 uos
834 521 972 594 facillime
986 516 1093 595 epitia’,
1113 538 1193 600 quae
1208 519 1303 580 verba

165 631 238 682 sunt
252 620 388 702 Adelph.
404 641 434 680 v.
450 633 518 684 501:
541 629 686 701 recteque
707 621 766 680 hoc
781 641 879 700 genus
901 621 1050 702 loquendi
1071 621 1132 680 iam
1145 622 1303 682 Adrianus

166 723 333 784 Turnebus
350 723 517 805 explicavit
532 723 699 782 Adversar.
715 735 778 796 xx,
793 733 837 786 33.

251 825 384 886 Versu?
404 827 511 884 mirum
534 834 579 885 est
600 825 808 904 planissimam
829 826 1014 886 sententiam
1036 827 1191 904 negotium
1206 826 1303 886 faces·

166 945 236 986 sere
259 927 416 1006 Scaligero
438 927 561 1006 Guyeto
577 927 707 987 Heinsio
731 927 908 988 Burmannc
929 928 1081 1006 ponticae,
1102 928 1304 988 inutilissimis

168 1028 351 1090 coniecturis
377 1029 521 1090 librorum
546 1029 725 1108 scripturam
752 1029 997 1090 sollicitantibus.
1047 1030 1173 1108 Iosephi
1204 1039 1305 1090 autem

130 1183 132 1188 ,
168 1129 331 1216 Scaligcri,
355 1131 408 1211 qui
422 1131 524 1190 Porcii
539 1149 645 1190 versus
662 1151 680 1190 a
695 1139 776 1190 seut
792 1132 834 1190 ait
849 1132 1013 1209 castigatos
1029 1130 1305 1192 animadversioni·

167 1231 224 1292 bus
249 1233 282 1292 in
304 1231 432 1292 Eusebii
455 1231 682 1310 Chronologica
701 1234 763 1292 suis
789 1233 918 1292 inseruit
941 1253 969 1312 p.
990 1241 1037 1295 itt
1059 1231 1108 1295 ed.
1132 1234 1193 1308 alt,
1222 1233 1305 1314 quod

169 1334 293 1394 omnino
310 1335 424 1392 nullam
447 1335 480 1392 in
495 1334 553 1394 hac
573 1343 638 1394 tota
660 1333 869 1413 disputatione
894 1336 1082 1394 mentionem
1104 1335 1179 1394 feci:
1206 1337 1305 1395 faton-

170 1435 242 1494 dum
258 1443 305 1494 cst
320 1443 444 1514 praeter
457 1456 551 1496 unum
566 1455 687 1496 versum
702 1445 835 1512 sextum,
856 1435 908 1496 ubi
929 1439 987 1496 ubit
1002 1441 1032 1494 ia
1052 1439 1203 1496 Graeciam
1221 1446 1305 1497 recto

169 1535 281 1596 iudicio
299 1537 411 1612 edidit,
434 1538 466 1596 in
483 1538 609 1618 reliquis
625 1557 704 1618 quae
720 1559 775 1598 sua
789 1558 860 1598 usus
876 1539 1052 1598 coniectura
1067 1539 1227 1618 proposuit
1243 1559 1304 1598 orn·

170 1637 259 1698 nibus
275 1659 315 1700 ne
330 1659 422 1699 unam
438 1637 562 1720 quidem
579 1659 657 1719 quac
678 1640 802 1720 probari
824 1640 924 1720 possit
942 1640 1076 1699 litteram
1092 1655 1168 1700 esset
1213 1639 1305 1720 Quod
1359 1637 1367 1662 '¹

171 1760 237 1800 cum
251 1739 348 1800 libere
364 1741 525 1821 profiteor,
548 1761 612 1800 non
634 1761 701 1802 esse
720 1741 891 1800 verendum
910 1750 984 1822 puto
1007 1761 1047 1802 ne
1069 1741 1108 1804 de
1130 1744 1233 1821 magni
1249 1742 1306 1803 viri

170 1844 265 1922 plane
282 1842 388 1903 divina
403 1843 514 1902 virtute
531 1843 693 1923 quicquam
709 1843 872 1904 detrahere
889 1844 1116 1912 inreverentiae
1132 1843 1249 1904 videar.

254 1945 330 2023 Peg.
346 1945 402 2017 28,
424 1945 443 2004 9
468 1945 540 2025 quin
562 1955 645 2005 recte
662 1945 783 2004 Caecilio
798 1965 910 2006 nomen
932 1945 1021 2022 (item
1035 1955 1070 2005 at
1089 1966 1120 2026 p.
1137 1955 1184 2020 29,
1201 1957 1218 2010 3
1238 1949 1307 2006 Cae·

171 2043 240 2122 citii)
258 2047 368 2106 Petrus
385 2047 519 2106 Crinitus
535 2047 694 2130 Liliusquc
708 2047 864 2126 Gyraldus
880 2048 1080 2120 restituerint,
1097 2067 1173 2126 quos
1185 2059 1309 2128 praeter

171 2148 312 2226 I'ighium
328 2156 358 2206 ct
373 2148 515 2208 Vossiurn
531 2167 636 2208 omnes
652 2149 747 2208 secuti
763 2158 849 2223 sunt,
872 2148 1003 2208 dubitari
1025 2169 1088 2208 non
1104 2149 1219 2227 patitur
1233 2151 1307 2210 Hie·

171 2251 293 2330 ronymi
308 2250 481 2312 auctoritas.
505 2252 619 2312 Verum
633 2249 718 2310 idem
731 2269 799 2310 cum
811 2249 977 2310 Caecilium
993 2249 1149 2308 ‘mortuam
1160 2269 1221 2310 cccc
1233 2271 1309 2312 uano

167 2361 375 2427 postmortem
400 2356 490 2410 Ennii
515 2363 542 2410 et
568 2357 652 2411 iuxta
676 2354 839 2411 Ianiculum
870 2349 1026 2426 sepultam'
1053 2351 1169 2426 tradat,
1204 2355 1307 2432 gravis

172 2456 266 2533 longo
283 2475 323 2515 ex
337 2465 475 2533 ternpore
492 2455 702 2514 controversia
717 2463 783 2514 orta
799 2461 859 2526 est,
884 2453 1036 2514 Caecilius
1052 2455 1105 2534 qui
1121 2454 1227 2516 audire
1242 2457 1307 2514 An-

173 2555 270 2616 driam
291 2556 522 2635 praelegentcm
544 2556 725 2616 'Parentium
749 2555 898 2634 potuerit:
926 2555 1051 2638 quando
1075 2555 1226 2616 Andriam
1245 2577 1308 2616 non

173 2659 271 2716 minna
294 2666 407 2716 certum
433 2667 480 2716 cst
500 2677 581 2717 anno
604 2666 656 2722 588
676 2666 774 2716 actam
796 2677 887 2737 quarn
901 2658 1036 2716 Ennium
1056 2665 1204 2718 mortuum
1225 2679 1307 2718 anno

173 2767 235 2822 585.
272 2759 335 2818 Aut
350 2760 442 2838 igitur
457 2759 573 2839 duplex
588 2759 645 2818 fuit
666 2759 705 2819 de
728 2768 825 2818 morte
842 2758 970 2819 Caecilii
989 2761 1150 2837 memoria,
1174 2769 1225 2820 aut
1245 2781 1309 2820 cor·

174 2862 294 2940 ruptela
310 2861 433 2920 lutetia
448 2861 551 2921 verbis
566 2861 761 2940 Hieronymi.
787 2861 854 2920 Nec
870 2863 952 2920 cuim
966 2862 1019 2920 vel
1034 2861 1073 2921 de
1088 2863 1191 2942 priore
1207 2863 1311 2943 aliqua

175 2960 297 3022 actione
313 2961 452 3022 Andriae
468 2971 551 3024 recte
567 2963 732 3042 cogitatur,
751 2983 809 3022 nec
826 2962 865 3022 de
882 2983 1030 3024 annorum
1045 2964 1210 3024 intervallo
1226 2963 1309 3045 quod

174 3066 257 3124 inter
271 3065 510 3144 praelectionem
527 3066 591 3124 cius
607 3065 729 3125 fabulae
746 3075 777 3124 et
790 3065 942 3124 actionem
957 3066 1180 3124 intercesserit:
1197 3065 1236 3124 de
1251 3085 1310 3146 quo

175 3166 378 3247 praelegendi
394 3167 522 3226 oonsilio
539 3166 676 3246 pluribus
694 3151 881 3245 disputatum
898 3176 945 3226 eat
959 3168 1086 3244 Parerg.
1102 3188 1133 3246 p.
1150 3177 1211 3231 329.
1249 3169 1311 3226 Ita·

176 3288 236 3348 que
253 3289 318 3327 cum
335 3267 438 3349 aliqua
459 3269 569 3328 lacuna
591 3267 730 3328 laborare
747 3268 838 3328 etiarn
859 3268 998 3347 proxima
1012 3268 1196 3346 Hieronymi
1218 3267 1313 3326 verba

177 3369 212 3430 C.
227 3371 264 3429 F.
280 3370 476 3428 Hermannus
498 3370 664 3428 coniecerit
685 3371 942 3430 commentatione
964 3369 1004 3428 de
1026 3369 1223 3448 scriptoribus
1245 3370 1312 3429 illu·

175 3469 287 3532 utribus
309 3470 391 3551 apud
412 3471 635 3551 Hieronymum
650 3472 830 3542 memoratis
852 3471 1070 3548 Goettingensi
1096 3471 1171 3528 anni
1195 3479 1261 3533 1848
1281 3491 1312 3550 p.

175 3585 264 3654 seq,
288 3573 368 3634 haud
392 3573 454 3632 scio
471 3593 511 3632 an
533 3574 565 3632 in
582 3573 691 3632 eadem
706 3573 756 3632 via
778 3572 882 3651 paullo
904 3573 944 3632 sit
969 3572 1090 3650 longius
1112 3571 1313 3651 progredien-

178 3673 249 3734 dum
275 3675 526 3755 librariorumque
547 3695 654 3734 manus
675 3675 715 3734 ad
738 3676 800 3734 tale
822 3675 887 3734 iere
910 3674 1081 3754 exemplum
1102 3672 1313 3734 emendanda:

176 3795 321 3838 uoarvvs
344 3795 402 3837 asr
424 3795 505 3837 asso
528 3795 606 3837 rosr
628 3795 755 3836 neuram
769 3795 856 3836 auru
877 3793 917 3835 111
929 3795 970 3836 nr
990 3795 1085 3836 1vxra
1100 3791 1170 3834 arm
1182 3791 1218 3833 1u
1235 3793 1314 3835 raur-

178 3897 256 3940 cvco
276 3896 448 3940 snrvnrvs:
478 3877 603 3960 quando
631 3899 730 3939 annus
752 3885 971 3958 postmortem
991 3877 1087 3936 Ennii
1113 3878 1219 3937 tertius
1246 3879 1313 3956 ipse

177 3989 231 4044 588
245 3981 311 4042 fuit.
355 3981 441 4040 Nihil
457 3981 553 4056 enim,
579 4001 639 4060 qno
662 3991 833 4060 temporum
853 3979 1092 4058 discrepantiam
1113 3979 1198 4038 illam
1220 3997 1313 4057 erpe-

179 4083 274 4156 diret,
298 4083 485 4161 disputando
501 4085 697 4144 Hermannus
713 4083 860 4162 profecit,
885 4101 951 4140 eum
973 4079 1012 4140 de
1027 4081 1131 4140 mortis
1153 4101 1235 4140 anno
1250 4079 1315 4139 En-

179 4185 293 4246 nianae
314 4184 425 4244 leviter
445 4194 554 4268 turpans
572 4184 731 4244 Ciceronis
750 4184 958 4243 testimouium
979 4182 1074 4262 idque
1097 4182 1213 4261 duplex
1227 4181 1314 4252 Bruti

180 4307 205 4344 c.
221 4295 270 4360 20,
286 4294 322 4349 78
344 4295 374 4344 et
390 4286 500 4346 Caton.
517 4298 547 4359 o,
567 4297 613 4358 ll,
630 4287 681 4344 vel
697 4285 776 4344 adeo
793 4286 907 4364 triplex
923 4285 1002 4344 conl.
1018 4284 1103 4344 Brut.
1120 4292 1166 4356 18,
1183 4290 1231 4356 72,
1253 4291 1316 4341 turn

181 4386 220 4446 de
243 4387 410 4462 aedilibus,
434 4389 484 4467 qui
507 4389 681 4467 praelectae
697 4385 836 4446 Andriae
858 4386 1068 4460 interfuerint,
1091 4383 1183 4444 valdo
1206 4385 1315 4463 impro-

232 4519 351 4556 svarour
371 4519 434 4556 aar..
1075 4485 1114 4546 32
