3162 5058
252 387 314 450 326
533 401 728 442 σετταοενιι
751 399 917 442 ταοκοακκ
941 401 1115 450 nummu

252 549 465 631 παρετείνετο
489 547 528 612 δέ
551 561 635 631 φησι
659 541 702 611 δι’
732 538 844 612 αύτών
866 541 921 610 καλ
946 545 1030 630 μέση
1051 542 1203 630 γραμμή,
1231 538 1274 631 ἣν
1302 539 1399 630 ίεράν

252 640 443 732 ω’νόμαζον,
464 638 508 723 ώς
526 641 683 729 ἀνωτέρω
702 647 878 732 δηλοῦται,
896 645 966 711 ε’πελ
982 639 1001 713 ὁ
1017 643 1202 730 νικώμενος
1222 647 1279 712 ἐπ’
1299 643 1399 731 ἐσχά-

253 771 314 833 την
336 742 443 832 αύτήυ
464 750 559 814 ἵεται.
604 744 689 814 ὅθεν
711 746 767 814 καὶ
789 752 965 832 παροιμία·
1002 761 1109 814 κιυπν
1131 743 1190 815 τὸν
1212 741 1273 832 ἀφ’
1296 750 1398 834 ίεράς,

253 853 355 916 λίθον
377 850 522 935 δηλαδή,
546 848 598 915 έπλ
621 850 689 930 τών
711 843 982 934 ἀπεγνωσμένων
1002 847 1058 915 καὶ
1080 846 1217 934 ἐσχάτης
1236 854 1399 935 βοηθείας

254 951 435 1036 δεομένων.
477 949 653 1036 Σώφρων·
1408 979 1420 1018 ι

407 1055 533 1138 κινήσω
556 1047 587 1119 δ’
608 1046 672 1140 ήδη
695 1050 750 1118 καλ
773 1045 832 1118 τὸν
855 1044 914 1136 ἀφ’
936 1053 1043 1135 ίεράς·

250 1147 401 1231 Ἀλκαῑος
426 1156 465 1221 δέ
484 1173 589 1239 φησιν
611 1153 647 1221 ἐκ
667 1152 832 1239 πλήρους·

674 1259 740 1320 νύν
762 1248 796 1321 δ’
821 1241 920 1331 οὗτος
942 1255 1110 1340 έπικρετεῐ

407 1353 546 1442 κινήσας
568 1351 628 1423 τὸν
650 1351 707 1422 ἀπ’
730 1364 804 1439 ίρας
826 1351 973 1422 πυκινὸν
993 1361 1106 1422 λίθον.

254 1461 411 1525 τοιούτου
431 1457 468 1525 δέ
489 1457 545 1525 καί
568 1453 658 1544 παρά
681 1461 851 1546 Θεοκρίτφ
867 1455 919 1524 τύ·
1410 1485 1435 1525 ιι

407 1555 467 1626 τὸν
488 1554 555 1626 ἀπὸ
577 1561 730 1646 γραμμάς
751 1559 878 1645 κινήσω
898 1565 1010 1626 λίθου.

255 1659 436 1746 Διοδώρου
463 1663 501 1728 δέ
526 1679 610 1747 φησι
637 1664 699 1726 τοῦ
727 1663 928 1747 Μεγαρικοῦ
954 1661 1134 1748 ἐνάγοντος
1160 1655 1220 1728 τὸν
1242 1663 1401 1730 τοιοῦτον

255 1768 358 1828 λίθον
380 1767 425 1840 είς
448 1757 627 1848 ὁμοιότητα
646 1765 702 1848 τής
726 1764 792 1828 τών
814 1757 949 1848 ἀστρωυ
969 1769 1116 1848 χορείας,
1140 1765 1310 1848 Κλέαρχος
1331 1779 1402 1841 τοῖς

256 1865 353 1931 πέντε
376 1863 459 1950 φησὶ
480 1865 648 1950 πλάνησιν
670 1860 861 1950 ἀναλογεῖν.
906 1867 995 1949 λέγει
1017 1863 1053 1931 δὲ
1073 1864 1129 1932 καὶ
1149 1859 1229 1942 τούς
1252 1860 1401 1943 ἀστρα-

256 1965 428 2051 γάλους,
453 1971 487 2033 οἳ
501 1967 556 2032 καλ
572 1961 705 2050 άστριες
720 1966 775 2034 καλ
791 1962 940 2052 ἀστριχοι
956 1967 1115 2052 λέγονταί
1132 1985 1231 2053 φησι,
1258 1967 1401 2045 πτώσεις
1413 2006 1435 2045 ,,·,

340 2089 354 2141 1
375 2107 433 2156 sqq.
452 2091 614 2142 Εοελαιλιίαε
634 2091 665 2140 11.
685 2093 723 2140 VI
745 2089 804 2141 160:
824 2084 941 2174 γράμμα
959 2083 1084 2158 γραμμή,
1104 2081 1140 2142 ού
1157 2083 1248 2156 μόνον
1266 2082 1283 2156 ή
1304 2083 1335 2142 έν
1347 2107 1401 2157 μα-

256 2151 399 2224 θήμασιν,
425 2151 497 2210 ἀλλὰ
520 2157 569 2210 καλ
593 2151 708 2217 ὁποίαις
732 2153 849 2220 ἔπαιζον
873 2175 900 2210 οι
919 2153 1102 2225 κυβεύοντες,
1129 2149 1169 2210 dv
1192 2159 1245 2226 μία
1264 2176 1306 2218 τις
1327 2155 1400 2226 μέση

256 2221 372 2314 γραμμή
391 2217 552 2294 ώνομάζετο
571 2220 648 2288 ίερά,
673 2219 774 2302 έπειδή
793 2221 808 2277 ὁ
827 2218 987 2310 ήττώμενος
1006 2219 1054 2278 ἐπ’
1079 2219 1202 2295 έσχάτην
1220 2219 1313 2294 αύτήν
1332 2227 1401 2278 fito·

256 2295 331 2346 σθεν
348 2292 397 2346 καί
416 2311 503 2360 παροι
527 2295 558 2346 ία
577 2297 669 2346 κινεῖν
686 2289 736 2344 τὸν
753 2287 810 2360 αφ’
834 2295 914 2359 ιεράς
934 2287 980 2346 έπλ
999 2294 1054 2344 τῶν
1073 2287 1105 2347 έν
1122 2286 1281 2360 ἀπογνώσει
1301 2291 1402 2362 δεομέἷ

257 2379 314 2414 νων
337 2362 479 2429 βοηθείας
503 2312 631 2430 λογάτης.
669 2355 771 2440 γρήσις
796 2358 828 2414 δὲ
852 2360 957 2429 ταύτης
976 2361 1025 2414 καὶ
1043 2357 1121 2428 παρά
1141 2363 1279 2432 Σώφρονι
1298 2357 1329 2416 έν
1347 2363 1400 2431 τῷ·

256 2424 363 2497 κινήσω
386 2421 496 2551 δ’,ἧδή
515 2428 565 2482 καλ
589 2425 639 2483 τὸν
657 2423 713 2550 αφ
738 2425 826 2509 ἱεράς,
865 2425 940 2482 ἔνθα
964 2431 1055 2483 λείπει
1074 2427 1113 2483 τό·
1139 2427 1242 2483 πεσσόν
1258 2423 1285 2510 ,η’
1303 2433 1398 2484 λίθον.

255 2492 378 2558 Ἀλκαῖος
401 2515 454 2550 ουν
493 2517 509 2549 κ
533 2492 658 2566 πλήρους
722 2515 807 2572 η’το·
833 2493 952 2565 κινήσας
974 2494 1027 2572 τδγ
1051 2494 1144 2566 πήρας
1162 2515 1285 2552 ποκινον
1303 2502 1400 2560 λίθον,

256 2562 505 2633 κωμικευσάμενος
530 2560 638 2626 ἐκεῖνος
662 2515 718 2618 κάλ)
734 2565 800 2619 αντλ
824 2567 874 2618 τού
896 2562 976 2632 ἱεράς
994 2585 1031 2627 ως
1051 2561 1082 2620 έν
1100 2562 1218 2636 παρόδῳ
1237 2563 1351 2635 γράψας
1369 2565 1402 2619 τὸ

257 2629 360 2700 πήρας.
397 2628 550 2699 Θεόκριτος
569 2629 600 2686 δὲ
620 2627 650 2687 έν
668 2635 720 2703 τώ·
745 2634 794 2686 καί
812 2629 861 2686 τὸν
879 2627 937 2687 ἀπὸ
955 2637 1087 2703 γραμμαῖς
1106 2640 1183 2688 κινεῖ
1199 2635 1299 2696 λίθον,
1320 2633 1402 2696 ίδίως

256 2701 290 2768 τή
310 2695 435 2762 ἐλλείψει
455 2701 571 2768 χρήται,
596 2699 807 2770 παραπέμψας,
832 2705 935 2768 φασίν,
959 2695 1050 2770 ἤγουν
1074 2698 1217 2770 σιωπήσας
1236 2700 1289 2786 τήν
1306 2698 1400 2769 ἷεράν.

258 2769 342 2822 δοκεῖ
358 2765 389 2822 δέ
409 2769 486 2835 παρὰ
509 2765 540 2821 τὸ
558 2767 674 2850 γράμμα
692 2769 741 2822 καὶ
761 2766 838 2854 όήμα
862 2765 938 2822 εἷναι
957 2772 1140 2838 γραμμίζειν,
1163 2763 1214 2850 ἀφ’
1234 2789 1269 2825 ου
1294 2767 1401 2825 παιδιά

258 2855 300 2895 τις
318 2831 333 2888 ὁ
354 2837 592 2904 διαγραμμισμος.
629 2823 738 2905 έγίνετο
764 2839 806 2902 δε,
826 2855 924 2906 φασιν,
944 2834 1018 2908 αύτη
1037 2841 1155 2907 κυβείας
1168 2856 1241 2891 ουσα
1254 2839 1332 2900 εἶδος
1351 2837 1401 2893 διὰ

258 2905 314 2956 τών
334 2897 364 2956 έν
382 2905 532 2964 πλινθίοις
550 2900 660 2973 ψήφων
678 2900 817 2974 ἑξήκοντα
836 2907 944 2958 λεοκών
962 2925 991 2960 τε
1010 2899 1070 2974 άμα
1086 2905 1135 2960 καλ
1148 2909 1298 2974 μελαινῶν.
1335 2910 1402 2976 χρή-

259 2987 302 3032 οις
325 2973 376 3024 τοῦ
399 2974 536 3040 παιγνίου
559 2975 645 3026 τοῦδε
669 2971 746 3039 παρά
772 2970 910 3042 Φιλήμονι
935 2968 966 3028 έν
989 2976 1042 3043 τρί’
1068 2970 1173 3044 μεθύει
1199 2977 1402 3044 διαγραμμίζει

258 3033 382 3107 κυβεύει.
420 3045 455 3092 cf.
474 3043 572 3092 Pollux
590 3043 672 3093 VIIII
689 3041 732 3106 99.

329 3109 425 3174 λλεηη.
446 3111 537 3160 Schol.
557 3111 791 3176 1‘1at.Lys.115‚
812 3113 827 3162 5
847 3130 872 3178 p.
892 3111 988 3178 319sq.
1008 3113 1113 3163 Bm:
1131 3104 1352 3178 Ἀστραγαλίζειν
1370 3108 1403 3164 τὸ

258 3168 447 3242 ἀστραγάλοις
466 3179 587 3298 παίήειν,
606 3167 676 3243 ὅπερ
695 3171 904 3246 καὶψάοτρίζειν
924 3175 1034 3246 ἔλεγον,
1060 3173 1122 3232 ἐπεὶ
1145 3179 1195 3233 καλ
1213 3177 1279 3241 τούς
1297 3177 1401 3248 α’στρα-

258 3235 498 3312 γάλουςάστριας
532 3238 648 3297 κάλουν.
684 3249 876 3315 Καλλίμαχος

427 3309 527 3379 ζορκός
545 3331 603 3378 τοι,
629 3317 695 3380 φίλε
713 3317 814 3394 κοῦρε,
839 3308 1009 3394 ήιβύστιδος
1028 3307 1133 3368 αύτίκα
1153 3311 1233 3369 δώσω

529 3404 545 3434 κ
564 3403 580 3433 ιι
597 3404 613 3434 κ
632 3400 823 3452 υεοσμηκτους
841 3399 968 3448 αστριας.

259 3444 330 3502 ένιοι
356 3445 388 3502 δὲ
411 3441 564 3532 άστρίχους
587 3453 685 3520 φασίν.
731 3453 861 3514 παίζεται
892 3451 924 3503 δὲ
952 3444 1141 3519 ἀστραγάλοις
1165 3449 1328 3520 τέσσαρσιν,
1352 3451 1403 3506 καλ
1458 3500 1460 3508 ,

258 3515 301 3578 είς
320 3513 436 3576 ἕκαστος
454 3514 632 3586 ἀστράγαλος
650 3515 768 3579 πτώσεις
788 3516 844 3586 ἔχει
863 3515 1000 3585 τέσσαρας
1014 3515 1043 3584 έξ
1057 3514 1219 3588 ἑβδομάδος
1231 3517 1303 3573 κατά
1322 3515 1402 3572 α’νιί-

259 3587 348 3638 θετον
377 3587 564 3654 συγκειμένας
586 3579 679 3654 ώσπερ
703 3581 718 3639 ὁ
742 3583 842 3656 κύβος·
872 3583 929 3668 ἔχει
954 3584 986 3640 δὲ
1008 3581 1192 3656 ἀντικείμενα
1236 3585 1329 3642 ονάδα
1352 3589 1402 3641 καλ

259 3647 359 3718 ἑξάδα.
379 3650 442 3706 εἶτα
461 3651 565 3720 τριάδα
584 3655 633 3708 καλ
651 3649 788 3720 τετράδα·
812 3648 831 3720 ἡ
856 3673 910 3722 γαρ
930 3651 1003 3716 δυάς
1020 3655 1070 3709 καλ
1089 3653 1194 3718 πεντάς
1214 3609 1260 3710 λαὶ
1278 3659 1335 3710 τών
1352 3653 1401 3708 κύ-

258 3723 316 3791 βων
334 3715 430 3782 μόνων
446 3719 704 3792 παραλαμβάνεται
719 3718 769 3774 διά
787 3719 818 3774 τὸ
837 3717 965 3784 έκείνους
985 3719 1158 3792 έπιφανείας
1177 3723 1253 3793 ἔχειν
1271 3721 1311 3790 ἓξ.
1347 3723 1403 3779 scal

260 3786 292 3864 δέ
311 3787 345 3842 αι’
360 3784 507 3857 σύμπασαι
526 3793 582 3843 τών
604 3785 790 3857 ἀστραγάλων
813 3787 931 3850 πτώσεις
954 3785 1028 3859 ὁμοί
1054 3791 1197 3860 τεσσάρων
1214 3793 1401 3862 παραλαμβαι

259 3855 747 3994 λλμύῖλᾏίίῗεαλαλέρλλλῗῖἕίί
775 3856 882 3981 23⁵¹?ss
894 3855 1238 3993 ffass'gfoe‘ffss'ssssssss‘lss‘?
1246 3855 1402 3996 λῖλῖἓῗξί

466 3966 473 3989 τ
755 3967 762 3992 τ
1160 3969 1167 3992 ι
1393 3959 1403 3968 ”

344 4077 359 4125 ὁ
376 4056 528 4144 Σώφρων]
547 4069 584 4122 98
598 4067 720 4124 Amans.
736 4055 995 4160 117Ἀλκαίος]βί
1010 4071 1118 4143 Βσνρλ.
1134 4061 1180 4150 118
1197 4067 1254 4126 νῦν
1269 4059 1311 4149 δ’]
1328 4067 1402 4145 ‘son

260 4161 337 4208 tasse
363 4152 546 4208 scribendum
567 4149 625 4207 νύν
640 4143 698 4226 γάρ
725 4155 769 4210 ντί
790 4149 848 4210 νῦν
868 4140 897 4208 δ’
921 4145 1014 4227 ποθ’,
1039 4165 1070 4212 ut
1091 4159 1202 4228 ιἰιίερτν
1223 4160 1260 4214 αλ
1284 4158 1402 4213 νινεαε’

264 4237 406 4308 Βινρλίαε
421 4229 434 4314 ΙΙ
449 4228 595 4308 ε’ττικρετεὶ
606 4235 768 4310 Βονρλίυικ
780 4232 927 4310 ε’πικρέκει
939 4241 1019 4313 υιιλρο
1036 4233 1048 4319 Η
1063 4249 1080 4300 9
1093 4226 1146 4296 ἀπ’
1162 4237 1229 4316 ἴρας
1245 4242 1404 4312 διορίσατε

259 4315 363 4392 πείρας
381 4323 461 4392 υιιλρο
476 4315 490 4400 ΙΙ
504 4313 642 4398 πυκινόν]
661 4322 804 4394 ‘fortasse
821 4317 978 4398 πύματον’
995 4326 1141 4397 Βιτρλίαε
1156 4319 1170 4405 ΙΙ
1188 4335 1220 4386 10
1237 4321 1402 4405 Θεοκρίτῳ]

267 4405 310 4460 VI
325 4410 357 4462 IS
373 4406 412 4477 cf.
429 4405 589 4462 Μοίπιλὶαε
600 4425 633 4478 γι.
650 4412 708 4464 213
1316 4401 1320 4410 ’
