3174 5068
412 367 454 415 ba
478 371 700 420 oasunnrrers
724 373 764 414 ar
787 369 992 414 aaaroarsvs
1046 377 1048 382 ·
1210 345 1269 410 1²3

131 519 354 607 appellatione
383 519 510 584 Graeco
545 521 694 606 syntaxis
719 518 895 600 uocabant3
923 537 1000 581 mox
1031 517 1270 580 eonnouersias

131 621 284 708 quidem,
309 621 366 685 sed
389 631 445 686 aut
466 622 557 684 lictus
578 631 634 684 aut
655 620 834 686 iudiciales.

219 722 370 788 Illustres
402 723 603 808 professores
632 731 664 788 et
690 742 827 809 quorum
860 723 1015 786 memoria
1046 718 1156 808 aliqua
1182 725 1272 783 extet

132 847 198 890 non
222 833 346 888 temere
367 824 422 888 alii
443 826 647 910 reperientur
669 847 765 912 quam
788 825 828 888 do
850 823 968 910 quibus
990 821 1126 887 tradam.
1162 881 1165 888 .

109 945 122 982 ι
220 943 253 989 u.
276 943 421 990 PuoTrt's
446 942 592 990 ostova.
638 925 678 990 (le
704 925 763 988 ho'c
791 925 905 990 Cicero
932 926 964 988 in
996 922 1132 1010 epistola
1160 921 1201 986 ad
1225 921 1321 985 lll.‘26

132 1026 318 1091 Titinnium
342 1030 389 1092 sio
409 1028 526 1092 refert:
553 1026 716 1114 ‘equidem
739 1028 893 1091 memoria
919 1037 1028 1107 teneo,
1051 1024 1161 1112 pueris
1179 1023 1322 1102 nobistt)

132 1130 275 1216 primum
294 1129 412 1194 Latine
434 1129 549 1194 docere
575 1131 720 1216 coepisse
740 1128 882 1193 Plotium
897 1126 1068 1216 quendam.
1112 1125 1154 1189 ad
1176 1147 1270 1211 quem

113 1251 207 1308 ,curu
229 1229 324 1296 lieret
341 1253 528 1312 concursus,
548 1231 635 1318 quod
652 1231 909 1296 studiosissimus
931 1230 1069 1318 quisque
1091 1226 1177 1317 apud
1198 1249 1271 1292 eum

133 1341 360 1414 exerceretur,
384 1332 533 1398 dolebam
556 1331 634 1396 mibi
665 1331 750 1418 idem
774 1332 961 1396 noalieere.
1006 1329 1196 1396 continebar
1216 1353 1270 1394 au-

98 1443 200 1496 retam
232 1432 494 1498 doctissimorum
521 1434 685 1498 bominum
718 1434 925 1512 auctoritate,
957 1433 1011 1520 qui
1043 1431 1273 1496 existimabant
1326 1480 1328 1485 ·

132 1536 272 1598 Graecis
289 1535 576 1600 exercitationibus
600 1534 643 1599 ali
662 1533 776 1598 melius
793 1528 924 1620 ingenia
939 1542 1058 1622 posse’
1075 1534 1175 1598 hunc
1195 1557 1271 1598 eun-

133 1635 209 1701 dem
224 1659 354 1702 ·-nam
374 1638 555 1702 diutissime
572 1638 656 1701 uixit
675 1673 716 1684 -
731 1635 774 1702 M.
800 1634 931 1701 Caelius
951 1639 984 1699 in
1004 1637 1158 1718 oratione,
1175 1657 1272 1724 quam

133 1760 192 1826 pro
218 1759 254 1802 ac
282 1739 323 1804 ds
345 1740 379 1803 ui
406 1739 533 1820 habuit,
563 1739 727 1824 significat
750 1738 890 1802 dictasse
912 1739 1063 1803 Atratino
1090 1739 1270 1824 accusatori

133 1863 192 1904 suo
219 1841 399 1922 actionem3
433 1840 664 1927 subtractoque
688 1841 817 1906 nornine
841 1839 1047 1904 lrordcarium
1075 1862 1149 1903 eum
1167 1838 1271 1902 rheto-

99 1958 202 2008 ¹⁵rem
222 1942 365 2029 appellat
392 1942 543 2008 deridens
566 1953 602 2006 ut
624 1940 771 2006 inflatum
794 1963 833 2006 ac
853 1942 957 2008 leuem
982 1941 1211 2046 etxsordidum.
1269 1993 1272 2000 .
1361 1931 1366 1944 '

133 2149 232 2214 quales
255 2156 320 2200 ante
344 2149 505 2210 Ciceronem
529 2149 707 2212 dicebantur,
732 2164 799 2214 quas
822 2150 909 2200 thesis
936 2151 1083 2206 uocabant.
1124 2149 1270 2200 hoe'cnim

133 2233 222 2282 genas
242 2217 375 2268 materiae
396 2219 464 2268 adeo
483 2234 581 2268 nouum
601 2226 652 2279 est,
671 2223 701 2266 ut
713 2233 811 2268 nomen
825 2233 930 2283 quoqne
944 2219 1002 2268 eius
1015 2234 1113 2269 neurim
1132 2219 1177 2268 sit.
1208 2235 1270 2268 eon-

133 2285 286 2336 troncrsias
309 2301 358 2336 noa
383 2285 513 2336 dicimus:
538 2286 635 2336 Cicero
655 2301 754 2336 causas
772 2287 900 2336 uocabat.
937 2287 988 2336 hoc
1007 2302 1072 2337 uero
1092 2286 1206 2336 alterum
1225 2302 1271 2336 uo-

133 2369 195 2402 men
216 2352 353 2402 Graecum
372 2353 478 2418 qrridem
497 2353 545 2403 sed
565 2355 593 2403 in
605 2353 735 2402 Latinum
749 2354 788 2402 ita
807 2353 978 2414 translatum,
998 2360 1028 2403 ut
1046 2370 1094 2418 pro
1107 2355 1207 2404 Latino
1225 2355 1271 2414 sit,

132 2421 318 2482 scholastica3
339 2423 527 2472 controuersia
540 2421 624 2472 multo
643 2422 843 2482 recentissimi,
862 2423 936 2471 sicut
948 2423 1009 2486 ipsa
1021 2422 1188 2472 declamatio
1201 2421 1272 2487 apud

133 2489 240 2538 nullum
259 2490 400 2554 antiquum
420 2495 559 2540 auctorem
579 2497 643 2539 ante
663 2487 824 2538 Ciceronem
843 2495 870 2538 ct
889 2489 1004 2539 Caluum
1023 2489 1142 2540 inueniri
1161 2487 1279 2553 potest’·

218 2557 235 2606 5
253 2573 313 2622 sqq.
330 2557 513 2620 Hieronymus
532 2557 575 2606 01.
599 2555 654 2618 173,
677 2555 687 2604 l
707 2555 743 2619 (a.
764 2557 836 2618 fidoi:
857 2557 972 2618 ‘Plotius
986 2557 1081 2608 Gallus
1108 2559 1201 2608 rrimus
1219 2557 1279 2606 Ro·-

133 2640 195 2674 mae
214 2624 330 2674 latinam
353 2625 517 2676 rhetoricam
540 2625 647 2684 docuit;
672 2624 703 2674 de
729 2639 781 2689 quo
805 2623 903 2674 Cicero
925 2627 966 2674 sie
990 2627 1074 2676 refert
1114 2627 1200 2676 refret
1220 2625 1272 2689 B):

133 2695 266 2742 mensoria
295 2699 375 2742 tenco
405 2695 497 2758 pneris
522 2693 602 2743 nobis
631 2693 745 2758 primum
773 2692 859 2742 latine
882 2693 981 2743 docere
1006 2695 1130 2760 coepisse
1154 2695 1271 2744 Plotium
1346 2739 1349 2746 .

133 2758 295 2824 quendam'
336 2761 444 2810 Seneca
472 2768 593 2812 controv.
622 2761 650 2809 11
676 2758 693 2809 8
720 2777 748 2824 p.
774 2759 835 2822 llo,
863 2759 906 2810 18:
954 2761 1065 2811 ‘habuit
1089 2767 1116 2811 et
1139 2761 1272 2812 Blandum

134 2827 270 2877 rhetorem
293 2835 500 2894 praeceptorem
524 2830 569 2894 qui
593 2843 676 2894 eques
700 2829 838 2878 Romanus
857 2829 959 2880 Romae
978 2829 1084 2880 docuit:
1110 2837 1173 2880 ante
1197 2830 1273 2880 illum

134 2897 208 2945 intra
232 2895 376 2946 libertinos
401 2904 596 2963 praeceptores
619 2897 800 2963 pulcerrimae
825 2896 991 2962 discipliuae
1015 2899 1227 2948 continebantur
1246 2903 1274 2949 et

133 2964 246 3014 minim
264 2963 402 3028 probabili
420 2981 493 3015 more
512 2975 590 3030 turpe
610 2969 671 3014 erat
688 2963 801 3021 docere.
826 2964 895 3028 qrrod
914 2965 1057 3015 honestum
1078 2971 1138 3015 erat
1156 2967 1273 3016 discere.

134 3047 198 3080 narn
217 3033 318 3096 primus
337 3033 454 3082 omnium
472 3033 590 3084 Latinus
608 3031 700 3082 rhetor
713 3033 815 3082 Ronrae
834 3033 887 3082 suit
905 3049 988 3098 puero
1002 3033 1135 3085 Cicerone
1148 3034 1272 3084 Plotius.’

134 3099 323 3160 Quintilianus
347 3100 375 3149 ll
397 3101 427 3162 4,
440 3101 497 3164 ¹42:
524 3101 653 3150 ‘Latinos
671 3116 735 3149 uero
754 3100 864 3149 dicendi
882 3107 1075 3166 praeceptores
1095 3104 1223 3152 extremis
1242 3103 1273 3152 li.

134 3167 228 3216 Crassi
239 3169 404 3232 temporibus
416 3171 539 3234 coepisse
548 3169 645 3218 Cicero
659 3173 755 3218 arrctor
768 3172 822 3228 cst;
834 3183 945 3232 ipsiorum
959 3169 1075 3232 insignia
1088 3171 1204 3220 maxime
1213 3171 1272 3219 I'lo·

133 3236 188 3284 tius
202 3234 273 3284 fuit!
282 3261 316 3271 —
327 3237 515 3298 Quintilianus
528 3237 566 3286 xl
582 3235 604 3296 l,
621 3233 681 3286 143:
696 3235 786 3299 ‘idque
797 3241 826 3284 nt
839 3235 897 3298 liat,
912 3239 956 3300 qni
970 3237 1003 3286 de
1016 3241 1095 3300 gestu
1108 3237 1275 3304 seripserunt

134 3303 210 3352 eirca
232 3308 357 3368 tempora
375 3302 425 3354 illa
443 3306 569 3366 (salmam
587 3303 733 3366 oratorian)
756 3303 862 3354 Plotius
880 3305 1059 3370 Nigidiusque
1079 3303 1273 3371 praecipiunt.’

221 3501 231 3552 1
258 3490 463 3570 appellatione
495 3491 616 3552 Graeca
638 3455 680 3551 er
705 3495 853 3552 Sclrctlas:
883 3493 1103 3571 appellationes
1133 3511 1224 3570 grece
1253 3495 1279 3550 V

133 3576 357 3656 appellationes
368 3577 448 3668 grpei
468 3579 518 3637 NG
530 3580 641 3655 graece
658 3599 710 3636 eas
723 3568 954 3657 appellationes'
971 3579 993 3634 L
1009 3573 1021 3660 l}
1037 3579 1176 3656 syntaxis
1199 3581 1274 3641 VNG

602 3685 628 3714 ΩΧ

133 3729 261 3788 sintaxis
279 3729 298 3786 Ι
311 3729 445 3808 syntasis
465 3733 487 3788 0
504 3730 659 3896 apothecis
677 3733 699 3788 L
717 3731 890 3804 (Pantanus)
908 3725 921 3811 ll
937 3740 953 3792 2
969 3729 1057 3788 fictus
1077 3725 1121 3812 Ill
1137 3744 1153 3794 5
1168 3731 1275 3792 Latius

134 3817 156 3872 L
172 3811 185 3894 Η
199 3814 229 3873 ἰιι
243 3813 372 3893 epistola
389 3835 442 3872 om.
458 3818 501 3874 01
511 3811 516 3896 Ι
540 3818 676 3875 Marcum
694 3817 721 3872 N
734 3809 747 3896 ΙΙ
762 3815 955 3880 artensium
975 3817 1075 3874 VNGL
1089 3816 1235 3876 Titinium
1253 3822 1275 3876 0

132 3901 284 3960 'sicinium
306 3901 322 3956 l
333 3893 346 3976 ll
362 3903 480 3972 epistola
501 3903 644 3960 Ciceronis
660 3921 715 3960 non
730 3910 812 3958 catat
827 3897 840 3982 ll
855 3909 869 3964 7
884 3903 1002 3979 cepisse
1026 3903 1048 3957 l'
1063 3895 1076 3981 {l
1091 3903 1126 3958 L.
1143 3901 1274 3962 Plotium

133 3989 184 4045 ΝΟ
200 3981 213 4066 ΙΙ
228 3995 245 4046 a
265 3985 354 4042 michi
379 3981 427 4068 Vll
443 3985 522 4044 idem
542 3986 613 4044 milri
630 3987 652 4042 L
668 3989 682 4064 ll
698 3995 730 4048 12
744 3985 867 4045 Caelius
887 3986 960 4045 NGI
975 3985 1076 4045 (lelius
1092 3987 1138 4046 VO
1153 3985 1275 4047 Coelius

132 4073 155 4128 L
171 4067 185 4153 H
200 4068 297 4156 quidsi
320 4067 370 4150 Vll
388 4081 418 4133 13
434 4072 583 4148 signifieat
601 4073 749 4130 Muretus:
768 4070 959 4148 significabat
974 4076 1041 4130 libri
1059 4067 1072 4150 ll
1092 4073 1237 4132 Atraciuo
1252 4077 1274 4132 L

132 4167 144 4254 ll
162 4175 348 4233 acusatoril
365 4171 378 4254 Ι]
404 4183 433 4234 tt
450 4193 504 4232 suo
522 4194 561 4232 sa
577 4177 598 4232 G
616 4167 630 4255 ll
651 4175 854 4232 auctioneml
870 4171 883 4253 ll
905 4159 1123 4252 subiractoque
1141 4167 1191 4254 Gll
1207 4173 1274 4233 hor-

90 4281 99 4294 ·
132 4259 267 4377 densium
286 4261 313 4316 N
326 4257 488 4318 ordiatium
506 4263 527 4318 0
542 4257 688 4318 hordearii
704 4261 746 4319 GI
757 4257 961 4320 hordiuarium
985 4257 1204 4320 Vordiuariurn
1222 4262 1244 4317 L
1261 4255 1273 4346 ll

130 4405 261 4454 retorem
279 4399 301 4452 G
