<?xml version="1.0" encoding="UTF-8"?>
<!DOCTYPE html PUBLIC "-//W3C//DTD XHTML 1.0 Transitional//EN"
    "http://www.w3.org/TR/xhtml1/DTD/xhtml1-transitional.dtd">
<html xmlns="http://www.w3.org/1999/xhtml" xml:lang="en" lang="en">
 <head>
  <title>
</title>
<meta http-equiv="Content-Type" content="text/html;charset=utf-8" />
  <meta name='ocr-system' content='tesseract 3.04.00' />
  <meta name='ocr-capabilities' content='ocr_page ocr_carea ocr_par ocr_line ocrx_word'/>
</head>
<body>
  <div class='ocr_page' id='page_1' title='image "./csvetonitranqvi01ritsgoog_0432.png"; bbox 0 0 3190 5098; ppageno 0'>
   <div class='ocr_carea' id='block_1_1' title="bbox 699 401 1335 486">
    <p class='ocr_par' dir='ltr' id='par_1_1' title="bbox 699 401 1335 486">
     <span class='ocr_line' id='line_1_1' title="bbox 699 401 1335 486; baseline 0 -17"><span class='ocrx_word' id='word_1_1' title='bbox 699 427 803 472; x_wconf 77' lang='lat' dir='ltr'><strong>carvr</strong></span> <span class='ocrx_word' id='word_1_2' title='bbox 826 401 840 472; x_wconf 80' lang='grc' dir='ltr'><strong>ι’</strong></span> <span class='ocrx_word' id='word_1_3' title='bbox 1278 421 1335 486; x_wconf 74' lang='lat'><strong>401</strong></span> 
     </span>
    </p>
   </div>
   <div class='ocr_carea' id='block_1_2' title="bbox 170 573 1340 4426">
    <p class='ocr_par' dir='ltr' id='par_1_2' title="bbox 192 573 1340 2472">
     <span class='ocr_line' id='line_1_2' title="bbox 197 573 1340 662; baseline 0.016 -29"><span class='ocrx_word' id='word_1_4' title='bbox 197 573 275 653; x_wconf 88' lang='lat' dir='ltr'><strong>pede</strong></span> <span class='ocrx_word' id='word_1_5' title='bbox 297 574 429 636; x_wconf 83' lang='lat' dir='ltr'><strong>bucolici</strong></span> <span class='ocrx_word' id='word_1_6' title='bbox 451 589 558 638; x_wconf 84' lang='lat' dir='ltr'><strong>versus</strong></span> <span class='ocrx_word' id='word_1_7' title='bbox 581 588 611 638; x_wconf 88' lang='lat' dir='ltr'><strong>et</strong></span> <span class='ocrx_word' id='word_1_8' title='bbox 634 579 672 640; x_wconf 93' lang='lat' dir='ltr'><strong>de</strong></span> <span class='ocrx_word' id='word_1_9' title='bbox 696 580 802 640; x_wconf 82' lang='lat' dir='ltr'><strong>ordine</strong></span> <span class='ocrx_word' id='word_1_10' title='bbox 825 601 914 662; x_wconf 87' lang='lat' dir='ltr'><strong>quem</strong></span> <span class='ocrx_word' id='word_1_11' title='bbox 936 584 1089 662; x_wconf 86' lang='lat' dir='ltr'><strong>Vergilius</strong></span> <span class='ocrx_word' id='word_1_12' title='bbox 1114 587 1145 648; x_wconf 92' lang='lat' dir='ltr'><strong>iu</strong></span> <span class='ocrx_word' id='word_1_13' title='bbox 1171 589 1340 652; x_wconf 79' lang='lat' dir='ltr'><strong>scribendis</strong></span> 
     </span>
     <span class='ocr_line' id='line_1_3' title="bbox 198 677 1340 766; baseline 0.016 -31"><span class='ocrx_word' id='word_1_14' title='bbox 198 677 379 738; x_wconf 88' lang='lat' dir='ltr'><strong>carminibus</strong></span> <span class='ocrx_word' id='word_1_15' title='bbox 397 686 519 738; x_wconf 87' lang='lat' dir='ltr'><strong>secutus</strong></span> <span class='ocrx_word' id='word_1_16' title='bbox 546 691 628 742; x_wconf 90' lang='lat' dir='ltr'><strong>esset</strong></span> <span class='ocrx_word' id='word_1_17' title='bbox 656 681 796 744; x_wconf 78' lang='lat' dir='ltr'><strong>docuisse</strong></span> <span class='ocrx_word' id='word_1_18' title='bbox 819 683 907 762; x_wconf 74' lang='lat' dir='ltr'><strong>dicit,</strong></span> <span class='ocrx_word' id='word_1_19' title='bbox 931 694 965 744; x_wconf 90' lang='lat' dir='ltr'><strong>nt</strong></span> <span class='ocrx_word' id='word_1_20' title='bbox 984 686 1132 766; x_wconf 72' lang='lat' dir='ltr'><strong>adpareat</strong></span> <span class='ocrx_word' id='word_1_21' title='bbox 1158 709 1213 750; x_wconf 89' lang='lat' dir='ltr'><strong>nos</strong></span> <span class='ocrx_word' id='word_1_22' title='bbox 1234 711 1340 752; x_wconf 79' lang='lat' dir='ltr'><strong>reram</strong></span> 
     </span>
     <span class='ocr_line' id='line_1_4' title="bbox 196 780 1338 869; baseline 0.015 -31"><span class='ocrx_word' id='word_1_23' title='bbox 196 780 312 858; x_wconf 75' lang='lat' dir='ltr'><strong>Donati</strong></span> <span class='ocrx_word' id='word_1_24' title='bbox 331 780 425 840; x_wconf 83' lang='lat' dir='ltr'><strong>vitam</strong></span> <span class='ocrx_word' id='word_1_25' title='bbox 447 790 479 841; x_wconf 87' lang='lat' dir='ltr'><strong>et</strong></span> <span class='ocrx_word' id='word_1_26' title='bbox 500 783 680 862; x_wconf 89' lang='lat' dir='ltr'><strong>principium</strong></span> <span class='ocrx_word' id='word_1_27' title='bbox 701 785 779 846; x_wconf 89' lang='lat' dir='ltr'><strong>adeo</strong></span> <span class='ocrx_word' id='word_1_28' title='bbox 806 786 944 848; x_wconf 90' lang='lat' dir='ltr'><strong>ciusdem</strong></span> <span class='ocrx_word' id='word_1_29' title='bbox 965 789 1148 850; x_wconf 80' lang='lat' dir='ltr'><strong>scholiorum</strong></span> <span class='ocrx_word' id='word_1_30' title='bbox 1168 791 1338 869; x_wconf 86' lang='lat' dir='ltr'><strong>possidere.</strong></span> 
     </span>
     <span class='ocr_line' id='line_1_5' title="bbox 196 881 1338 975; baseline 0.013 -34"><span class='ocrx_word' id='word_1_31' title='bbox 196 881 252 942; x_wconf 87' lang='lat' dir='ltr'><strong>scd</strong></span> <span class='ocrx_word' id='word_1_32' title='bbox 273 891 375 942; x_wconf 88' lang='lat' dir='ltr'><strong>tamen</strong></span> <span class='ocrx_word' id='word_1_33' title='bbox 402 901 480 962; x_wconf 89' lang='lat' dir='ltr'><strong>qnae</strong></span> <span class='ocrx_word' id='word_1_34' title='bbox 499 883 599 944; x_wconf 88' lang='lat' dir='ltr'><strong>adhuc</strong></span> <span class='ocrx_word' id='word_1_35' title='bbox 624 885 778 966; x_wconf 84' lang='lat' dir='ltr'><strong>disputata</strong></span> <span class='ocrx_word' id='word_1_36' title='bbox 798 897 870 948; x_wconf 89' lang='lat' dir='ltr'><strong>sunt</strong></span> <span class='ocrx_word' id='word_1_37' title='bbox 891 892 935 951; x_wconf 89' lang='lat' dir='ltr'><strong>ita</strong></span> <span class='ocrx_word' id='word_1_38' title='bbox 960 892 1098 968; x_wconf 81' lang='lat' dir='ltr'><strong>intellegi</strong></span> <span class='ocrx_word' id='word_1_39' title='bbox 1117 893 1224 967; x_wconf 90' lang='lat' dir='ltr'><strong>nolim,</strong></span> <span class='ocrx_word' id='word_1_40' title='bbox 1250 899 1338 975; x_wconf 88' lang='lat' dir='ltr'><strong>quasi</strong></span> 
     </span>
     <span class='ocr_line' id='line_1_6' title="bbox 196 984 1337 1072; baseline 0.014 -30"><span class='ocrx_word' id='word_1_41' title='bbox 196 984 256 1042; x_wconf 89' lang='lat' dir='ltr'><strong>iam</strong></span> <span class='ocrx_word' id='word_1_42' title='bbox 275 1005 330 1064; x_wconf 91' lang='lat' dir='ltr'><strong>pro</strong></span> <span class='ocrx_word' id='word_1_43' title='bbox 351 985 509 1064; x_wconf 78' lang='lat' dir='ltr'><strong>explorato</strong></span> <span class='ocrx_word' id='word_1_44' title='bbox 533 986 662 1048; x_wconf 88' lang='lat' dir='ltr'><strong>habeam</strong></span> <span class='ocrx_word' id='word_1_45' title='bbox 682 992 837 1050; x_wconf 78' lang='lat' dir='ltr'><strong>Donatum</strong></span> <span class='ocrx_word' id='word_1_46' title='bbox 856 991 941 1050; x_wconf 84' lang='lat' dir='ltr'><strong>vitae</strong></span> <span class='ocrx_word' id='word_1_47' title='bbox 966 992 1143 1072; x_wconf 83' lang='lat' dir='ltr'><strong>scriptorem</strong></span> <span class='ocrx_word' id='word_1_48' title='bbox 1160 1015 1243 1070; x_wconf 89' lang='lat' dir='ltr'><strong>esse,</strong></span> <span class='ocrx_word' id='word_1_49' title='bbox 1269 1015 1337 1058; x_wconf 86' lang='lat' dir='ltr'><strong>cam</strong></span> 
     </span>
     <span class='ocr_line' id='line_1_7' title="bbox 195 1085 1336 1175; baseline 0.011 -31"><span class='ocrx_word' id='word_1_50' title='bbox 195 1085 228 1144; x_wconf 91' lang='lat' dir='ltr'><strong>id</strong></span> <span class='ocrx_word' id='word_1_51' title='bbox 250 1095 366 1146; x_wconf 87' lang='lat' dir='ltr'><strong>tantum</strong></span> <span class='ocrx_word' id='word_1_52' title='bbox 388 1088 590 1164; x_wconf 80' lang='lat' dir='ltr'><strong>ostenderim,</strong></span> <span class='ocrx_word' id='word_1_53' title='bbox 612 1091 691 1150; x_wconf 91' lang='lat' dir='ltr'><strong>hunc</strong></span> <span class='ocrx_word' id='word_1_54' title='bbox 712 1093 943 1168; x_wconf 80' lang='lat' dir='ltr'><strong>grammaticam</strong></span> <span class='ocrx_word' id='word_1_55' title='bbox 965 1113 1033 1154; x_wconf 90' lang='lat' dir='ltr'><strong>eam</strong></span> <span class='ocrx_word' id='word_1_56' title='bbox 1058 1093 1182 1154; x_wconf 84' lang='lat' dir='ltr'><strong>scholiis</strong></span> <span class='ocrx_word' id='word_1_57' title='bbox 1204 1099 1336 1175; x_wconf 88' lang='lat' dir='ltr'><strong>praemi-</strong></span> 
     </span>
     <span class='ocr_line' id='line_1_8' title="bbox 195 1189 1336 1276; baseline 0.011 -30"><span class='ocrx_word' id='word_1_58' title='bbox 195 1189 282 1247; x_wconf 83' lang='lat' dir='ltr'><strong>sisse.</strong></span> <span class='ocrx_word' id='word_1_59' title='bbox 316 1189 487 1268; x_wconf 91' lang='lat' dir='ltr'><strong>quidquod</strong></span> <span class='ocrx_word' id='word_1_60' title='bbox 505 1191 586 1252; x_wconf 87' lang='lat' dir='ltr'><strong>idem</strong></span> <span class='ocrx_word' id='word_1_61' title='bbox 604 1193 636 1252; x_wconf 89' lang='lat' dir='ltr'><strong>in</strong></span> <span class='ocrx_word' id='word_1_62' title='bbox 653 1195 870 1253; x_wconf 89' lang='lat' dir='ltr'><strong>commentario</strong></span> <span class='ocrx_word' id='word_1_63' title='bbox 885 1194 1073 1254; x_wconf 80' lang='lat' dir='ltr'><strong>Terentiano</strong></span> <span class='ocrx_word' id='word_1_64' title='bbox 1089 1217 1152 1256; x_wconf 88' lang='lat' dir='ltr'><strong>rem</strong></span> <span class='ocrx_word' id='word_1_65' title='bbox 1172 1198 1215 1258; x_wconf 89' lang='lat' dir='ltr'><strong>ita</strong></span> <span class='ocrx_word' id='word_1_66' title='bbox 1230 1201 1336 1276; x_wconf 85' lang='lat' dir='ltr'><strong>gessit,</strong></span> 
     </span>
     <span class='ocr_line' id='line_1_9' title="bbox 195 1292 1336 1378; baseline 0.011 -30"><span class='ocrx_word' id='word_1_67' title='bbox 195 1299 228 1348; x_wconf 89' lang='lat' dir='ltr'><strong>ut</strong></span> <span class='ocrx_word' id='word_1_68' title='bbox 243 1292 337 1350; x_wconf 86' lang='lat' dir='ltr'><strong>vitam</strong></span> <span class='ocrx_word' id='word_1_69' title='bbox 356 1301 467 1370; x_wconf 89' lang='lat' dir='ltr'><strong>poetae</strong></span> <span class='ocrx_word' id='word_1_70' title='bbox 489 1293 527 1354; x_wconf 90' lang='lat' dir='ltr'><strong>de</strong></span> <span class='ocrx_word' id='word_1_71' title='bbox 547 1293 626 1353; x_wconf 89' lang='lat' dir='ltr'><strong>libro</strong></span> <span class='ocrx_word' id='word_1_72' title='bbox 648 1295 819 1354; x_wconf 83' lang='lat' dir='ltr'><strong>inlustrium</strong></span> <span class='ocrx_word' id='word_1_73' title='bbox 834 1295 967 1354; x_wconf 87' lang='lat' dir='ltr'><strong>virorum</strong></span> <span class='ocrx_word' id='word_1_74' title='bbox 988 1295 1173 1356; x_wconf 86' lang='lat' dir='ltr'><strong>Suetoniano</strong></span> <span class='ocrx_word' id='word_1_75' title='bbox 1194 1300 1336 1378; x_wconf 89' lang='lat' dir='ltr'><strong>simplici·</strong></span> 
     </span>
     <span class='ocr_line' id='line_1_10' title="bbox 194 1392 1335 1482; baseline 0.01 -31"><span class='ocrx_word' id='word_1_76' title='bbox 194 1400 248 1482; x_wconf 36' lang='lat' dir='ltr'><strong>ter·</strong></span> <span class='ocrx_word' id='word_1_77' title='bbox 262 1392 413 1454; x_wconf 87' lang='lat' dir='ltr'><strong>sublatum</strong></span> <span class='ocrx_word' id='word_1_78' title='bbox 433 1396 677 1476; x_wconf 80' lang='lat' dir='ltr'><strong>hypomnematis</strong></span> <span class='ocrx_word' id='word_1_79' title='bbox 697 1396 759 1455; x_wconf 90' lang='lat' dir='ltr'><strong>suis</strong></span> <span class='ocrx_word' id='word_1_80' title='bbox 780 1405 987 1474; x_wconf 78' lang='lat' dir='ltr'><strong>anteponeret</strong></span> <span class='ocrx_word' id='word_1_81' title='bbox 1016 1417 1074 1456; x_wconf 90' lang='lat' dir='ltr'><strong>uec</strong></span> <span class='ocrx_word' id='word_1_82' title='bbox 1090 1398 1149 1458; x_wconf 87' lang='lat' dir='ltr'><strong>ianr</strong></span> <span class='ocrx_word' id='word_1_83' title='bbox 1164 1403 1252 1478; x_wconf 87' lang='lat' dir='ltr'><strong>parvi</strong></span> <span class='ocrx_word' id='word_1_84' title='bbox 1273 1422 1335 1462; x_wconf 90' lang='lat' dir='ltr'><strong>mc·</strong></span> 
     </span>
     <span class='ocr_line' id='line_1_11' title="bbox 195 1497 1335 1578; baseline 0.009 -24"><span class='ocrx_word' id='word_1_85' title='bbox 195 1497 287 1554; x_wconf 90' lang='lat' dir='ltr'><strong>menti</strong></span> <span class='ocrx_word' id='word_1_86' title='bbox 305 1505 353 1556; x_wconf 88' lang='lat' dir='ltr'><strong>est</strong></span> <span class='ocrx_word' id='word_1_87' title='bbox 369 1499 560 1576; x_wconf 82' lang='lat' dir='ltr'><strong>conparntin,</strong></span> <span class='ocrx_word' id='word_1_88' title='bbox 576 1517 667 1578; x_wconf 90' lang='lat' dir='ltr'><strong>quam</strong></span> <span class='ocrx_word' id='word_1_89' title='bbox 683 1497 856 1558; x_wconf 82' lang='lat' dir='ltr'><strong>Gronovius</strong></span> <span class='ocrx_word' id='word_1_90' title='bbox 871 1497 891 1556; x_wconf 90' lang='lat' dir='ltr'><strong>l.</strong></span> <span class='ocrx_word' id='word_1_91' title='bbox 909 1517 936 1558; x_wconf 86' lang='lat' dir='ltr'><strong>c.</strong></span> <span class='ocrx_word' id='word_1_92' title='bbox 955 1499 1035 1558; x_wconf 88' lang='lat' dir='ltr'><strong>inter</strong></span> <span class='ocrx_word' id='word_1_93' title='bbox 1054 1498 1165 1560; x_wconf 86' lang='lat' dir='ltr'><strong>multas</strong></span> <span class='ocrx_word' id='word_1_94' title='bbox 1187 1501 1335 1564; x_wconf 85' lang='lat' dir='ltr'><strong>dictiones</strong></span> 
     </span>
     <span class='ocr_line' id='line_1_12' title="bbox 194 1595 1334 1684; baseline 0.008 -29"><span class='ocrx_word' id='word_1_95' title='bbox 194 1595 306 1679; x_wconf 85' lang='lat' dir='ltr'><strong>quihus</strong></span> <span class='ocrx_word' id='word_1_96' title='bbox 318 1599 401 1658; x_wconf 89' lang='lat' dir='ltr'><strong>vitae</strong></span> <span class='ocrx_word' id='word_1_97' title='bbox 417 1601 545 1678; x_wconf 89' lang='lat' dir='ltr'><strong>scriptor</strong></span> <span class='ocrx_word' id='word_1_98' title='bbox 562 1601 656 1660; x_wconf 88' lang='lat' dir='ltr'><strong>utitur</strong></span> <span class='ocrx_word' id='word_1_99' title='bbox 675 1608 706 1660; x_wconf 90' lang='lat' dir='ltr'><strong>et</strong></span> <span class='ocrx_word' id='word_1_100' title='bbox 727 1599 895 1660; x_wconf 89' lang='lat' dir='ltr'><strong>simillimas</strong></span> <span class='ocrx_word' id='word_1_101' title='bbox 915 1620 990 1681; x_wconf 84' lang='lat' dir='ltr'><strong>ques</strong></span> <span class='ocrx_word' id='word_1_102' title='bbox 1007 1599 1170 1662; x_wconf 85' lang='lat' dir='ltr'><strong>Suetonius</strong></span> <span class='ocrx_word' id='word_1_103' title='bbox 1186 1620 1334 1684; x_wconf 83' lang='lat' dir='ltr'><strong>usurpare</strong></span> 
     </span>
     <span class='ocr_line' id='line_1_13' title="bbox 195 1700 1334 1786; baseline 0.009 -28"><span class='ocrx_word' id='word_1_104' title='bbox 195 1709 276 1760; x_wconf 85' lang='lat' dir='ltr'><strong>amat</strong></span> <span class='ocrx_word' id='word_1_105' title='bbox 290 1702 427 1762; x_wconf 88' lang='lat' dir='ltr'><strong>instituit.</strong></span> <span class='ocrx_word' id='word_1_106' title='bbox 459 1711 592 1762; x_wconf 81' lang='lat' dir='ltr'><strong>attamen</strong></span> <span class='ocrx_word' id='word_1_107' title='bbox 609 1700 778 1762; x_wconf 88' lang='lat' dir='ltr'><strong>cavendum</strong></span> <span class='ocrx_word' id='word_1_108' title='bbox 794 1709 893 1760; x_wconf 90' lang='lat' dir='ltr'><strong>estne</strong></span> <span class='ocrx_word' id='word_1_109' title='bbox 912 1701 970 1762; x_wconf 87' lang='lat' dir='ltr'><strong>hac</strong></span> <span class='ocrx_word' id='word_1_110' title='bbox 991 1701 1189 1764; x_wconf 88' lang='lat' dir='ltr'><strong>simihtudine</strong></span> <span class='ocrx_word' id='word_1_111' title='bbox 1211 1705 1334 1786; x_wconf 87' lang='lat' dir='ltr'><strong>decepti</strong></span> 
     </span>
     <span class='ocr_line' id='line_1_14' title="bbox 194 1801 1332 1883; baseline 0.008 -23"><span class='ocrx_word' id='word_1_112' title='bbox 194 1801 322 1862; x_wconf 83' lang='lat' dir='ltr'><strong>calidius</strong></span> <span class='ocrx_word' id='word_1_113' title='bbox 345 1803 500 1864; x_wconf 85' lang='lat' dir='ltr'><strong>Gronovio</strong></span> <span class='ocrx_word' id='word_1_114' title='bbox 519 1803 735 1864; x_wconf 80' lang='lat' dir='ltr'><strong>adsentiamur.</strong></span> <span class='ocrx_word' id='word_1_115' title='bbox 780 1823 851 1862; x_wconf 86' lang='lat' dir='ltr'><strong>nam</strong></span> <span class='ocrx_word' id='word_1_116' title='bbox 869 1805 969 1864; x_wconf 88' lang='lat' dir='ltr'><strong>statim</strong></span> <span class='ocrx_word' id='word_1_117' title='bbox 989 1805 1189 1883; x_wconf 67' lang='lat' dir='ltr'><strong>prima&#39;vitae</strong></span> <span class='ocrx_word' id='word_1_118' title='bbox 1210 1818 1332 1869; x_wconf 88' lang='lat' dir='ltr'><strong>seuten-</strong></span> 
     </span>
     <span class='ocr_line' id='line_1_15' title="bbox 193 1903 1334 1986; baseline 0.006 -23"><span class='ocrx_word' id='word_1_119' title='bbox 193 1905 236 1964; x_wconf 87' lang='lat' dir='ltr'><strong>tia</strong></span> <span class='ocrx_word' id='word_1_120' title='bbox 251 1903 303 1983; x_wconf 85' lang='lat' dir='ltr'><strong>(ci.</strong></span> <span class='ocrx_word' id='word_1_121' title='bbox 320 1926 349 1985; x_wconf 91' lang='lat' dir='ltr'><strong>p.</strong></span> <span class='ocrx_word' id='word_1_122' title='bbox 366 1915 432 1979; x_wconf 73' lang='lat'><strong>504,</strong></span> <span class='ocrx_word' id='word_1_123' title='bbox 449 1915 480 1969; x_wconf 88' lang='lat'><strong>10</strong></span> <span class='ocrx_word' id='word_1_124' title='bbox 495 1911 664 1982; x_wconf 69' lang='lat' dir='ltr'><strong>egregieque</strong></span> <span class='ocrx_word' id='word_1_125' title='bbox 679 1908 856 1964; x_wconf 80' lang='lat' dir='ltr'><strong>substantioe</strong></span> <span class='ocrx_word' id='word_1_126' title='bbox 873 1951 878 1964; x_wconf 93' lang='lat'><strong>.</strong></span> <span class='ocrx_word' id='word_1_127' title='bbox 897 1948 903 1964; x_wconf 92' lang='lat'><strong>.</strong></span> <span class='ocrx_word' id='word_1_128' title='bbox 921 1949 927 1963; x_wconf 93' lang='lat'><strong>.</strong></span> <span class='ocrx_word' id='word_1_129' title='bbox 946 1911 1065 1966; x_wconf 69' lang='lat' dir='ltr'><strong>uacuae</strong></span> <span class='ocrx_word' id='word_1_130' title='bbox 1080 1906 1223 1986; x_wconf 82' lang='lat' dir='ltr'><strong>reculam)</strong></span> <span class='ocrx_word' id='word_1_131' title='bbox 1244 1909 1334 1970; x_wconf 89' lang='lat' dir='ltr'><strong>doce·</strong></span> 
     </span>
     <span class='ocr_line' id='line_1_16' title="bbox 192 2005 1333 2092; baseline 0.006 -28"><span class='ocrx_word' id='word_1_132' title='bbox 192 2025 274 2080; x_wconf 83' lang='lat' dir='ltr'><strong>mur,</strong></span> <span class='ocrx_word' id='word_1_133' title='bbox 300 2027 360 2067; x_wconf 89' lang='lat' dir='ltr'><strong>non</strong></span> <span class='ocrx_word' id='word_1_134' title='bbox 380 2007 558 2092; x_wconf 81' lang='lat' dir='ltr'><strong>Suetonium</strong></span> <span class='ocrx_word' id='word_1_135' title='bbox 577 2007 662 2087; x_wconf 91' lang='lat' dir='ltr'><strong>loqui</strong></span> <span class='ocrx_word' id='word_1_136' title='bbox 683 2005 738 2066; x_wconf 91' lang='lat' dir='ltr'><strong>sed</strong></span> <span class='ocrx_word' id='word_1_137' title='bbox 760 2009 990 2085; x_wconf 85' lang='lat' dir='ltr'><strong>grammaticum</strong></span> <span class='ocrx_word' id='word_1_138' title='bbox 1016 2009 1193 2085; x_wconf 88' lang='lat' dir='ltr'><strong>posterioris</strong></span> <span class='ocrx_word' id='word_1_139' title='bbox 1213 2013 1333 2071; x_wconf 84' lang='lat' dir='ltr'><strong>aetatis.</strong></span> 
     </span>
     <span class='ocr_line' id='line_1_17' title="bbox 192 2109 1332 2190; baseline 0.004 -24"><span class='ocrx_word' id='word_1_140' title='bbox 192 2125 292 2188; x_wconf 83' lang='lat' dir='ltr'><strong>neque</strong></span> <span class='ocrx_word' id='word_1_141' title='bbox 323 2109 517 2168; x_wconf 86' lang='lat' dir='ltr'><strong>consentiunt</strong></span> <span class='ocrx_word' id='word_1_142' title='bbox 544 2109 588 2168; x_wconf 89' lang='lat' dir='ltr'><strong>ita</strong></span> <span class='ocrx_word' id='word_1_143' title='bbox 617 2121 650 2168; x_wconf 88' lang='lat' dir='ltr'><strong>nt</strong></span> <span class='ocrx_word' id='word_1_144' title='bbox 677 2131 734 2189; x_wconf 88' lang='lat' dir='ltr'><strong>par</strong></span> <span class='ocrx_word' id='word_1_145' title='bbox 767 2118 815 2168; x_wconf 90' lang='lat' dir='ltr'><strong>est</strong></span> <span class='ocrx_word' id='word_1_146' title='bbox 843 2117 990 2188; x_wconf 81' lang='lat' dir='ltr'><strong>excerpta</strong></span> <span class='ocrx_word' id='word_1_147' title='bbox 1011 2109 1252 2188; x_wconf 88' lang='lat' dir='ltr'><strong>Hieronymiana</strong></span> <span class='ocrx_word' id='word_1_148' title='bbox 1278 2110 1332 2190; x_wconf 81' lang='lat' dir='ltr'><strong>(ci.</strong></span> 
     </span>
     <span class='ocr_line' id='line_1_18' title="bbox 192 2196 1332 2291; baseline 0.004 -23"><span class='ocrx_word' id='word_1_149' title='bbox 192 2196 298 2285; x_wconf 73' lang='lat' dir='ltr'><strong>fragm.</strong></span> <span class='ocrx_word' id='word_1_150' title='bbox 314 2211 373 2274; x_wconf 82' lang='lat'><strong>37*</strong></span> <span class='ocrx_word' id='word_1_151' title='bbox 387 2231 454 2271; x_wconf 89' lang='lat' dir='ltr'><strong>curn</strong></span> <span class='ocrx_word' id='word_1_152' title='bbox 469 2213 578 2291; x_wconf 85' lang='lat' dir='ltr'><strong>vitup.</strong></span> <span class='ocrx_word' id='word_1_153' title='bbox 600 2221 649 2285; x_wconf 85' lang='grc'><strong>63,</strong></span> <span class='ocrx_word' id='word_1_154' title='bbox 670 2210 710 2290; x_wconf 81' lang='lat'><strong>5).</strong></span> <span class='ocrx_word' id='word_1_155' title='bbox 746 2231 824 2290; x_wconf 88' lang='lat' dir='ltr'><strong>quae</strong></span> <span class='ocrx_word' id='word_1_156' title='bbox 851 2230 917 2270; x_wconf 88' lang='lat' dir='ltr'><strong>cum</strong></span> <span class='ocrx_word' id='word_1_157' title='bbox 942 2211 986 2268; x_wconf 88' lang='lat' dir='ltr'><strong>ito</strong></span> <span class='ocrx_word' id='word_1_158' title='bbox 1006 2210 1083 2282; x_wconf 91' lang='lat' dir='ltr'><strong>sint,</strong></span> <span class='ocrx_word' id='word_1_159' title='bbox 1106 2219 1191 2288; x_wconf 90' lang='lat' dir='ltr'><strong>patet</strong></span> <span class='ocrx_word' id='word_1_160' title='bbox 1215 2213 1332 2291; x_wconf 86' lang='lat' dir='ltr'><strong>opinor,</strong></span> 
     </span>
     <span class='ocr_line' id='line_1_19' title="bbox 192 2310 1333 2393; baseline 0.002 -23"><span class='ocrx_word' id='word_1_161' title='bbox 192 2311 285 2370; x_wconf 78' lang='lat' dir='ltr'><strong>vitam</strong></span> <span class='ocrx_word' id='word_1_162' title='bbox 302 2313 424 2393; x_wconf 91' lang='lat' dir='ltr'><strong>quidem</strong></span> <span class='ocrx_word' id='word_1_163' title='bbox 445 2314 572 2374; x_wconf 87' lang='lat' dir='ltr'><strong>Suetoni</strong></span> <span class='ocrx_word' id='word_1_164' title='bbox 593 2333 648 2373; x_wconf 90' lang='lat' dir='ltr'><strong>nos</strong></span> <span class='ocrx_word' id='word_1_165' title='bbox 669 2312 783 2373; x_wconf 86' lang='lat' dir='ltr'><strong>habere</strong></span> <span class='ocrx_word' id='word_1_166' title='bbox 804 2311 860 2372; x_wconf 88' lang='lat' dir='ltr'><strong>sed</strong></span> <span class='ocrx_word' id='word_1_167' title='bbox 884 2319 1082 2372; x_wconf 86' lang='lat' dir='ltr'><strong>retractatam</strong></span> <span class='ocrx_word' id='word_1_168' title='bbox 1110 2310 1195 2372; x_wconf 89' lang='lat' dir='ltr'><strong>illam</strong></span> <span class='ocrx_word' id='word_1_169' title='bbox 1217 2315 1333 2374; x_wconf 89' lang='lat' dir='ltr'><strong>Donati</strong></span> 
     </span>
     <span class='ocr_line' id='line_1_20' title="bbox 192 2431 274 2472; baseline -0.024 -2"><span class='ocrx_word' id='word_1_170' title='bbox 192 2431 274 2472; x_wconf 87' lang='lat' dir='ltr'><strong>cura.</strong></span> 
     </span>
    </p>

    <p class='ocr_par' dir='ltr' id='par_1_3' title="bbox 170 2511 1332 4426">
     <span class='ocr_line' id='line_1_21' title="bbox 275 2511 1332 2596; baseline 0.004 -22"><span class='ocrx_word' id='word_1_171' title='bbox 275 2515 425 2576; x_wconf 85' lang='lat' dir='ltr'><strong>Revertor</strong></span> <span class='ocrx_word' id='word_1_172' title='bbox 454 2516 493 2576; x_wconf 89' lang='lat' dir='ltr'><strong>ad</strong></span> <span class='ocrx_word' id='word_1_173' title='bbox 523 2515 736 2596; x_wconf 88' lang='lat' dir='ltr'><strong>interpolatum</strong></span> <span class='ocrx_word' id='word_1_174' title='bbox 766 2517 849 2576; x_wconf 86' lang='lat' dir='ltr'><strong>vitae</strong></span> <span class='ocrx_word' id='word_1_175' title='bbox 878 2511 1059 2592; x_wconf 81' lang='lat' dir='ltr'><strong>exemplum.</strong></span> <span class='ocrx_word' id='word_1_176' title='bbox 1102 2514 1273 2592; x_wconf 90' lang='lat' dir='ltr'><strong>quodcum</strong></span> <span class='ocrx_word' id='word_1_177' title='bbox 1300 2519 1332 2578; x_wconf 91' lang='lat' dir='ltr'><strong>in</strong></span> 
     </span>
     <span class='ocr_line' id='line_1_22' title="bbox 190 2616 1331 2698; baseline 0.004 -24"><span class='ocrx_word' id='word_1_178' title='bbox 190 2616 275 2676; x_wconf 92' lang='lat' dir='ltr'><strong>nullo</strong></span> <span class='ocrx_word' id='word_1_179' title='bbox 292 2617 398 2676; x_wconf 92' lang='lat' dir='ltr'><strong>codice</strong></span> <span class='ocrx_word' id='word_1_180' title='bbox 420 2619 639 2696; x_wconf 88' lang='lat' dir='ltr'><strong>manuscripto</strong></span> <span class='ocrx_word' id='word_1_181' title='bbox 655 2625 800 2698; x_wconf 85' lang='lat' dir='ltr'><strong>quantum</strong></span> <span class='ocrx_word' id='word_1_182' title='bbox 817 2619 911 2678; x_wconf 87' lang='lat' dir='ltr'><strong>sciam</strong></span> <span class='ocrx_word' id='word_1_183' title='bbox 927 2616 1062 2692; x_wconf 83' lang='lat' dir='ltr'><strong>legatur,</strong></span> <span class='ocrx_word' id='word_1_184' title='bbox 1085 2625 1187 2676; x_wconf 90' lang='lat' dir='ltr'><strong>tamen</strong></span> <span class='ocrx_word' id='word_1_185' title='bbox 1203 2617 1275 2676; x_wconf 90' lang='lat' dir='ltr'><strong>inde</strong></span> <span class='ocrx_word' id='word_1_186' title='bbox 1292 2619 1331 2678; x_wconf 86' lang='lat' dir='ltr'><strong>ab</strong></span> 
     </span>
     <span class='ocr_line' id='line_1_23' title="bbox 170 2716 1330 2805; baseline 0.001 -27"><span class='ocrx_word' id='word_1_187' title='bbox 170 2719 316 2805; x_wconf 80' lang='lat' dir='ltr'><strong>&#39;inventa</strong></span> <span class='ocrx_word' id='word_1_188' title='bbox 338 2729 402 2778; x_wconf 87' lang='lat' dir='ltr'><strong>arte</strong></span> <span class='ocrx_word' id='word_1_189' title='bbox 425 2719 648 2800; x_wconf 84' lang='lat' dir='ltr'><strong>typographica</strong></span> <span class='ocrx_word' id='word_1_190' title='bbox 669 2722 820 2796; x_wconf 86' lang='lat' dir='ltr'><strong>genuinae</strong></span> <span class='ocrx_word' id='word_1_191' title='bbox 840 2721 922 2778; x_wconf 84' lang='lat' dir='ltr'><strong>vitae</strong></span> <span class='ocrx_word' id='word_1_192' title='bbox 945 2716 1046 2776; x_wconf 89' lang='lat' dir='ltr'><strong>locum</strong></span> <span class='ocrx_word' id='word_1_193' title='bbox 1069 2717 1241 2796; x_wconf 84' lang='lat' dir='ltr'><strong>occupavit.</strong></span> <span class='ocrx_word' id='word_1_194' title='bbox 1272 2739 1330 2779; x_wconf 91' lang='lat' dir='ltr'><strong>nec</strong></span> 
     </span>
     <span class='ocr_line' id='line_1_24' title="bbox 190 2819 1330 2900; baseline 0.004 -22"><span class='ocrx_word' id='word_1_195' title='bbox 190 2820 259 2900; x_wconf 89' lang='lat' dir='ltr'><strong>plus</strong></span> <span class='ocrx_word' id='word_1_196' title='bbox 281 2833 400 2880; x_wconf 87' lang='lat' dir='ltr'><strong>contum</strong></span> <span class='ocrx_word' id='word_1_197' title='bbox 420 2841 516 2880; x_wconf 87' lang='lat' dir='ltr'><strong>annos</strong></span> <span class='ocrx_word' id='word_1_198' title='bbox 532 2829 603 2880; x_wconf 88' lang='lat' dir='ltr'><strong>anto</strong></span> <span class='ocrx_word' id='word_1_199' title='bbox 624 2822 682 2882; x_wconf 93' lang='lat' dir='ltr'><strong>hoc</strong></span> <span class='ocrx_word' id='word_1_200' title='bbox 703 2829 822 2900; x_wconf 88' lang='lat' dir='ltr'><strong>tempus</strong></span> <span class='ocrx_word' id='word_1_201' title='bbox 843 2819 1094 2898; x_wconf 86' lang='lat' dir='ltr'><strong>interpolationes</strong></span> <span class='ocrx_word' id='word_1_202' title='bbox 1115 2829 1200 2880; x_wconf 88' lang='lat' dir='ltr'><strong>ortae</strong></span> <span class='ocrx_word' id='word_1_203' title='bbox 1223 2821 1330 2882; x_wconf 83' lang='lat' dir='ltr'><strong>viden·</strong></span> 
     </span>
     <span class='ocr_line' id='line_1_25' title="bbox 190 2907 1331 3003; baseline 0.004 -23"><span class='ocrx_word' id='word_1_204' title='bbox 190 2929 255 2994; x_wconf 92' lang='lat' dir='ltr'><strong>tur,</strong></span> <span class='ocrx_word' id='word_1_205' title='bbox 276 2907 382 3002; x_wconf 81' lang='lat' dir='ltr'><strong>utpote</strong></span> <span class='ocrx_word' id='word_1_206' title='bbox 407 2942 486 3003; x_wconf 86' lang='lat' dir='ltr'><strong>quae</strong></span> <span class='ocrx_word' id='word_1_207' title='bbox 510 2925 638 3002; x_wconf 83' lang='lat' dir='ltr'><strong>primam</strong></span> <span class='ocrx_word' id='word_1_208' title='bbox 662 2925 727 2986; x_wconf 84' lang='lat' dir='ltr'><strong>sere</strong></span> <span class='ocrx_word' id='word_1_209' title='bbox 753 2924 979 2983; x_wconf 81' lang='lat' dir='ltr'><strong>renascentium</strong></span> <span class='ocrx_word' id='word_1_210' title='bbox 1003 2921 1172 2981; x_wconf 85' lang='lat' dir='ltr'><strong>litterarum</strong></span> <span class='ocrx_word' id='word_1_211' title='bbox 1199 2931 1331 2984; x_wconf 81' lang='lat' dir='ltr'><strong>aetatem</strong></span> 
     </span>
     <span class='ocr_line' id='line_1_26' title="bbox 189 3024 1330 3106; baseline 0.005 -24"><span class='ocrx_word' id='word_1_212' title='bbox 189 3024 340 3098; x_wconf 85' lang='lat' dir='ltr'><strong>reserant,</strong></span> <span class='ocrx_word' id='word_1_213' title='bbox 368 3043 429 3104; x_wconf 88' lang='lat' dir='ltr'><strong>qua</strong></span> <span class='ocrx_word' id='word_1_214' title='bbox 452 3024 575 3086; x_wconf 83' lang='lat' dir='ltr'><strong>fabulae</strong></span> <span class='ocrx_word' id='word_1_215' title='bbox 601 3024 702 3086; x_wconf 88' lang='lat' dir='ltr'><strong>medio</strong></span> <span class='ocrx_word' id='word_1_216' title='bbox 726 3045 804 3084; x_wconf 87' lang='lat' dir='ltr'><strong>aevo</strong></span> <span class='ocrx_word' id='word_1_217' title='bbox 830 3031 1018 3104; x_wconf 86' lang='lat' dir='ltr'><strong>propagatae</strong></span> <span class='ocrx_word' id='word_1_218' title='bbox 1048 3042 1114 3082; x_wconf 91' lang='lat' dir='ltr'><strong>cum</strong></span> <span class='ocrx_word' id='word_1_219' title='bbox 1141 3027 1330 3106; x_wconf 85' lang='lat' dir='ltr'><strong>antiquitatis</strong></span> 
     </span>
     <span class='ocr_line' id='line_1_27' title="bbox 190 3125 1330 3190; baseline 0.003 -4"><span class='ocrx_word' id='word_1_220' title='bbox 190 3129 334 3187; x_wconf 88' lang='lat' dir='ltr'><strong>memoria</strong></span> <span class='ocrx_word' id='word_1_221' title='bbox 353 3147 461 3187; x_wconf 88' lang='lat' dir='ltr'><strong>recens</strong></span> <span class='ocrx_word' id='word_1_222' title='bbox 482 3127 606 3188; x_wconf 89' lang='lat' dir='ltr'><strong>detecta</strong></span> <span class='ocrx_word' id='word_1_223' title='bbox 627 3127 727 3188; x_wconf 87' lang='lat' dir='ltr'><strong>adhuc</strong></span> <span class='ocrx_word' id='word_1_224' title='bbox 748 3126 893 3186; x_wconf 82' lang='lat' dir='ltr'><strong>confundi</strong></span> <span class='ocrx_word' id='word_1_225' title='bbox 912 3137 942 3186; x_wconf 90' lang='lat' dir='ltr'><strong>et</strong></span> <span class='ocrx_word' id='word_1_226' title='bbox 964 3125 1152 3186; x_wconf 87' lang='lat' dir='ltr'><strong>commisceri</strong></span> <span class='ocrx_word' id='word_1_227' title='bbox 1175 3129 1236 3187; x_wconf 88' lang='lat' dir='ltr'><strong>sint</strong></span> <span class='ocrx_word' id='word_1_228' title='bbox 1258 3130 1330 3190; x_wconf 92' lang='lat' dir='ltr'><strong>soli·</strong></span> 
     </span>
     <span class='ocr_line' id='line_1_28' title="bbox 189 3225 1331 3308; baseline 0.001 -21"><span class='ocrx_word' id='word_1_229' title='bbox 189 3237 249 3288; x_wconf 84' lang='lat' dir='ltr'><strong>tae.</strong></span> <span class='ocrx_word' id='word_1_230' title='bbox 278 3228 359 3308; x_wconf 86' lang='lat' dir='ltr'><strong>quod</strong></span> <span class='ocrx_word' id='word_1_231' title='bbox 374 3247 470 3306; x_wconf 86' lang='lat' dir='ltr'><strong>genus</strong></span> <span class='ocrx_word' id='word_1_232' title='bbox 487 3238 720 3288; x_wconf 89' lang='lat' dir='ltr'><strong>commentorum</strong></span> <span class='ocrx_word' id='word_1_233' title='bbox 733 3229 917 3306; x_wconf 90' lang='lat' dir='ltr'><strong>conspicitur</strong></span> <span class='ocrx_word' id='word_1_234' title='bbox 929 3227 1029 3286; x_wconf 87' lang='lat' dir='ltr'><strong>statim</strong></span> <span class='ocrx_word' id='word_1_235' title='bbox 1045 3225 1146 3296; x_wconf 89' lang='lat' dir='ltr'><strong>initio,</strong></span> <span class='ocrx_word' id='word_1_236' title='bbox 1161 3227 1213 3287; x_wconf 89' lang='lat' dir='ltr'><strong>ubi</strong></span> <span class='ocrx_word' id='word_1_237' title='bbox 1223 3231 1331 3288; x_wconf 90' lang='lat' dir='ltr'><strong>notitia</strong></span> 
     </span>
     <span class='ocr_line' id='line_1_29' title="bbox 190 3329 1329 3409; baseline 0.002 -21"><span class='ocrx_word' id='word_1_238' title='bbox 190 3329 228 3388; x_wconf 88' lang='lat' dir='ltr'><strong>de</strong></span> <span class='ocrx_word' id='word_1_239' title='bbox 237 3330 353 3408; x_wconf 88' lang='lat' dir='ltr'><strong>Vergili</strong></span> <span class='ocrx_word' id='word_1_240' title='bbox 364 3329 472 3390; x_wconf 89' lang='lat' dir='ltr'><strong>studiis</strong></span> <span class='ocrx_word' id='word_1_241' title='bbox 484 3330 705 3390; x_wconf 81' lang='lat' dir='ltr'><strong>mathematicis</strong></span> <span class='ocrx_word' id='word_1_242' title='bbox 714 3349 792 3409; x_wconf 87' lang='lat' dir='ltr'><strong>quae</strong></span> <span class='ocrx_word' id='word_1_243' title='bbox 806 3349 842 3388; x_wconf 81' lang='lat' dir='ltr'><strong>ex</strong></span> <span class='ocrx_word' id='word_1_244' title='bbox 853 3331 917 3388; x_wconf 84' lang='lat' dir='ltr'><strong>vitu</strong></span> <span class='ocrx_word' id='word_1_245' title='bbox 926 3329 1040 3388; x_wconf 88' lang='lat' dir='ltr'><strong>Donati</strong></span> <span class='ocrx_word' id='word_1_246' title='bbox 1051 3337 1176 3406; x_wconf 79' lang='lat' dir='ltr'><strong>recepta</strong></span> <span class='ocrx_word' id='word_1_247' title='bbox 1186 3338 1233 3388; x_wconf 89' lang='lat' dir='ltr'><strong>est</strong></span> <span class='ocrx_word' id='word_1_248' title='bbox 1244 3330 1329 3390; x_wconf 79' lang='lat' dir='ltr'><strong>adtri-</strong></span> 
     </span>
     <span class='ocr_line' id='line_1_30' title="bbox 174 3427 1329 3516; baseline 0 -25"><span class='ocrx_word' id='word_1_249' title='bbox 174 3429 277 3516; x_wconf 61' lang='lat' dir='ltr'><strong>‹hetur</strong></span> <span class='ocrx_word' id='word_1_250' title='bbox 285 3429 325 3490; x_wconf 85' lang='lat' dir='ltr'><strong>ud</strong></span> <span class='ocrx_word' id='word_1_251' title='bbox 333 3431 449 3508; x_wconf 85' lang='lat' dir='ltr'><strong>Vergili</strong></span> <span class='ocrx_word' id='word_1_252' title='bbox 461 3433 540 3509; x_wconf 86' lang='lat' dir='ltr'><strong>magi</strong></span> <span class='ocrx_word' id='word_1_253' title='bbox 553 3450 711 3510; x_wconf 89' lang='lat' dir='ltr'><strong>personam</strong></span> <span class='ocrx_word' id='word_1_254' title='bbox 723 3430 935 3490; x_wconf 89' lang='lat' dir='ltr'><strong>inducendam.</strong></span> <span class='ocrx_word' id='word_1_255' title='bbox 947 3431 978 3488; x_wconf 93' lang='lat' dir='ltr'><strong>in</strong></span> <span class='ocrx_word' id='word_1_256' title='bbox 988 3429 1076 3488; x_wconf 92' lang='lat' dir='ltr'><strong>huius</strong></span> <span class='ocrx_word' id='word_1_257' title='bbox 1088 3427 1166 3488; x_wconf 85' lang='lat' dir='ltr'><strong>adeo</strong></span> <span class='ocrx_word' id='word_1_258' title='bbox 1177 3430 1329 3508; x_wconf 84' lang='lat' dir='ltr'><strong>propriam</strong></span> 
     </span>
     <span class='ocr_line' id='line_1_31' title="bbox 189 3529 1329 3613; baseline -0.002 -21"><span class='ocrx_word' id='word_1_259' title='bbox 189 3531 294 3605; x_wconf 81' lang='lat' dir='ltr'><strong>sedem</strong></span> <span class='ocrx_word' id='word_1_260' title='bbox 309 3553 346 3592; x_wconf 90' lang='lat' dir='ltr'><strong>ac</strong></span> <span class='ocrx_word' id='word_1_261' title='bbox 363 3533 564 3606; x_wconf 90' lang='lat' dir='ltr'><strong>domicilium,</strong></span> <span class='ocrx_word' id='word_1_262' title='bbox 583 3552 661 3613; x_wconf 87' lang='lat' dir='ltr'><strong>quae</strong></span> <span class='ocrx_word' id='word_1_263' title='bbox 684 3531 742 3590; x_wconf 86' lang='lat' dir='ltr'><strong>suit</strong></span> <span class='ocrx_word' id='word_1_264' title='bbox 758 3531 921 3612; x_wconf 88' lang='lat' dir='ltr'><strong>Neapolis,</strong></span> <span class='ocrx_word' id='word_1_265' title='bbox 941 3539 1033 3609; x_wconf 87' lang='lat' dir='ltr'><strong>poeto</strong></span> <span class='ocrx_word' id='word_1_266' title='bbox 1052 3530 1199 3606; x_wconf 87' lang='lat' dir='ltr'><strong>migrasse</strong></span> <span class='ocrx_word' id='word_1_267' title='bbox 1219 3529 1329 3590; x_wconf 88' lang='lat' dir='ltr'><strong>dicitur</strong></span> 
     </span>
     <span class='ocr_line' id='line_1_32' title="bbox 189 3629 1329 3715; baseline -0.004 -23"><span class='ocrx_word' id='word_1_268' title='bbox 189 3633 227 3692; x_wconf 85' lang='lat' dir='ltr'><strong>ab</strong></span> <span class='ocrx_word' id='word_1_269' title='bbox 250 3635 484 3715; x_wconf 88' lang='lat' dir='ltr'><strong>interpolatore,</strong></span> <span class='ocrx_word' id='word_1_270' title='bbox 505 3655 571 3694; x_wconf 87' lang='lat' dir='ltr'><strong>cum</strong></span> <span class='ocrx_word' id='word_1_271' title='bbox 593 3635 624 3692; x_wconf 92' lang='lat' dir='ltr'><strong>in</strong></span> <span class='ocrx_word' id='word_1_272' title='bbox 645 3634 777 3711; x_wconf 84' lang='lat' dir='ltr'><strong>genuina</strong></span> <span class='ocrx_word' id='word_1_273' title='bbox 791 3635 870 3704; x_wconf 83' lang='lat' dir='ltr'><strong>vita,</strong></span> <span class='ocrx_word' id='word_1_274' title='bbox 893 3651 1055 3713; x_wconf 87' lang='lat' dir='ltr'><strong>quaecum</strong></span> <span class='ocrx_word' id='word_1_275' title='bbox 1076 3632 1230 3709; x_wconf 82' lang='lat' dir='ltr'><strong>excerptis</strong></span> <span class='ocrx_word' id='word_1_276' title='bbox 1245 3629 1329 3710; x_wconf 86' lang='lat' dir='ltr'><strong>apud</strong></span> 
     </span>
     <span class='ocr_line' id='line_1_33' title="bbox 188 3731 1328 3818; baseline -0.002 -24"><span class='ocrx_word' id='word_1_277' title='bbox 188 3735 407 3816; x_wconf 86' lang='lat' dir='ltr'><strong>Hieronymum</strong></span> <span class='ocrx_word' id='word_1_278' title='bbox 436 3739 558 3818; x_wconf 85' lang='lat' dir='ltr'><strong>(fragm.</strong></span> <span class='ocrx_word' id='word_1_279' title='bbox 585 3737 660 3815; x_wconf 67' lang='lat'>36²²)</span> <span class='ocrx_word' id='word_1_280' title='bbox 686 3745 791 3816; x_wconf 87' lang='lat' dir='ltr'><strong>aperte</strong></span> <span class='ocrx_word' id='word_1_281' title='bbox 813 3735 967 3812; x_wconf 89' lang='lat' dir='ltr'><strong>congruit,</strong></span> <span class='ocrx_word' id='word_1_282' title='bbox 993 3731 1146 3810; x_wconf 87' lang='lat' dir='ltr'><strong>Vergilius</strong></span> <span class='ocrx_word' id='word_1_283' title='bbox 1169 3733 1328 3792; x_wconf 86' lang='lat' dir='ltr'><strong>transiisse</strong></span> 
     </span>
     <span class='ocr_line' id='line_1_34' title="bbox 188 3833 1329 3918; baseline -0.002 -22"><span class='ocrx_word' id='word_1_284' title='bbox 188 3838 220 3897; x_wconf 92' lang='lat' dir='ltr'><strong>iu</strong></span> <span class='ocrx_word' id='word_1_285' title='bbox 241 3837 346 3898; x_wconf 88' lang='lat' dir='ltr'><strong>urbem</strong></span> <span class='ocrx_word' id='word_1_286' title='bbox 366 3839 511 3900; x_wconf 87' lang='lat' dir='ltr'><strong>tradatur.</strong></span> <span class='ocrx_word' id='word_1_287' title='bbox 547 3840 603 3901; x_wconf 89' lang='lat' dir='ltr'><strong>sed</strong></span> <span class='ocrx_word' id='word_1_288' title='bbox 627 3840 705 3899; x_wconf 87' lang='lat' dir='ltr'><strong>haec</strong></span> <span class='ocrx_word' id='word_1_289' title='bbox 732 3840 814 3917; x_wconf 88' lang='lat' dir='ltr'><strong>magi</strong></span> <span class='ocrx_word' id='word_1_290' title='bbox 839 3857 972 3918; x_wconf 83' lang='lat' dir='ltr'><strong>persona</strong></span> <span class='ocrx_word' id='word_1_291' title='bbox 992 3855 1051 3896; x_wconf 92' lang='lat' dir='ltr'><strong>non</strong></span> <span class='ocrx_word' id='word_1_292' title='bbox 1076 3834 1134 3894; x_wconf 86' lang='lat' dir='ltr'><strong>nisi</strong></span> <span class='ocrx_word' id='word_1_293' title='bbox 1154 3833 1261 3894; x_wconf 87' lang='lat' dir='ltr'><strong>umbra</strong></span> <span class='ocrx_word' id='word_1_294' title='bbox 1282 3843 1329 3894; x_wconf 88' lang='lat' dir='ltr'><strong>est</strong></span> 
     </span>
     <span class='ocr_line' id='line_1_35' title="bbox 189 3937 1327 4017; baseline -0.002 -19"><span class='ocrx_word' id='word_1_295' title='bbox 189 3939 272 4012; x_wconf 88' lang='lat' dir='ltr'><strong>eius,</strong></span> <span class='ocrx_word' id='word_1_296' title='bbox 293 3941 378 4000; x_wconf 87' lang='lat' dir='ltr'><strong>cuius</strong></span> <span class='ocrx_word' id='word_1_297' title='bbox 396 3950 478 4002; x_wconf 87' lang='lat' dir='ltr'><strong>artes</strong></span> <span class='ocrx_word' id='word_1_298' title='bbox 500 3939 598 4002; x_wconf 88' lang='lat' dir='ltr'><strong>medio</strong></span> <span class='ocrx_word' id='word_1_299' title='bbox 621 3961 698 4002; x_wconf 89' lang='lat' dir='ltr'><strong>aevo</strong></span> <span class='ocrx_word' id='word_1_300' title='bbox 721 3941 858 4000; x_wconf 88' lang='lat' dir='ltr'><strong>homines</strong></span> <span class='ocrx_word' id='word_1_301' title='bbox 880 3937 1117 4000; x_wconf 84' lang='lat' dir='ltr'><strong>admirabantur.</strong></span> <span class='ocrx_word' id='word_1_302' title='bbox 1154 3956 1224 3996; x_wconf 90' lang='lat' dir='ltr'><strong>nam</strong></span> <span class='ocrx_word' id='word_1_303' title='bbox 1248 3955 1327 4017; x_wconf 88' lang='lat' dir='ltr'><strong>quae</strong></span> 
     </span>
     <span class='ocr_line' id='line_1_36' title="bbox 187 4037 1327 4122; baseline -0.004 -22"><span class='ocrx_word' id='word_1_304' title='bbox 187 4041 387 4122; x_wconf 83' lang='lat' dir='ltr'><strong>interpolator</strong></span> <span class='ocrx_word' id='word_1_305' title='bbox 401 4051 506 4102; x_wconf 89' lang='lat' dir='ltr'><strong>narrat</strong></span> <span class='ocrx_word' id='word_1_306' title='bbox 525 4042 562 4102; x_wconf 91' lang='lat' dir='ltr'><strong>de</strong></span> <span class='ocrx_word' id='word_1_307' title='bbox 579 4043 695 4104; x_wconf 87' lang='lat' dir='ltr'><strong>naturis</strong></span> <span class='ocrx_word' id='word_1_308' title='bbox 711 4062 818 4102; x_wconf 84' lang='lat' dir='ltr'><strong>canum</strong></span> <span class='ocrx_word' id='word_1_309' title='bbox 835 4055 865 4102; x_wconf 88' lang='lat' dir='ltr'><strong>et</strong></span> <span class='ocrx_word' id='word_1_310' title='bbox 881 4060 1027 4121; x_wconf 89' lang='lat' dir='ltr'><strong>equorum</strong></span> <span class='ocrx_word' id='word_1_311' title='bbox 1043 4037 1180 4116; x_wconf 88' lang='lat' dir='ltr'><strong>Vergilio</strong></span> <span class='ocrx_word' id='word_1_312' title='bbox 1197 4037 1327 4115; x_wconf 87' lang='lat' dir='ltr'><strong>cognitis</strong></span> 
     </span>
     <span class='ocr_line' id='line_1_37' title="bbox 188 4140 1326 4222; baseline -0.004 -20"><span class='ocrx_word' id='word_1_313' title='bbox 188 4143 245 4202; x_wconf 88' lang='lat' dir='ltr'><strong>etsi</strong></span> <span class='ocrx_word' id='word_1_314' title='bbox 270 4145 345 4204; x_wconf 89' lang='lat' dir='ltr'><strong>satis</strong></span> <span class='ocrx_word' id='word_1_315' title='bbox 370 4145 446 4205; x_wconf 90' lang='lat' dir='ltr'><strong>mira</strong></span> <span class='ocrx_word' id='word_1_316' title='bbox 467 4153 538 4204; x_wconf 88' lang='lat' dir='ltr'><strong>sunt</strong></span> <span class='ocrx_word' id='word_1_317' title='bbox 558 4153 660 4204; x_wconf 86' lang='lat' dir='ltr'><strong>tamen</strong></span> <span class='ocrx_word' id='word_1_318' title='bbox 682 4165 748 4204; x_wconf 90' lang='lat' dir='ltr'><strong>cnm</strong></span> <span class='ocrx_word' id='word_1_319' title='bbox 770 4144 832 4204; x_wconf 89' lang='lat' dir='ltr'><strong>illis</strong></span> <span class='ocrx_word' id='word_1_320' title='bbox 854 4140 1013 4222; x_wconf 90' lang='lat' dir='ltr'><strong>conparari</strong></span> <span class='ocrx_word' id='word_1_321' title='bbox 1036 4148 1201 4218; x_wconf 87' lang='lat' dir='ltr'><strong>nequeunt.</strong></span> <span class='ocrx_word' id='word_1_322' title='bbox 1237 4159 1326 4218; x_wconf 88' lang='lat' dir='ltr'><strong>prae·</strong></span> 
     </span>
     <span class='ocr_line' id='line_1_38' title="bbox 186 4240 1327 4325; baseline -0.004 -22"><span class='ocrx_word' id='word_1_323' title='bbox 186 4252 273 4305; x_wconf 89' lang='lat' dir='ltr'><strong>terea</strong></span> <span class='ocrx_word' id='word_1_324' title='bbox 298 4249 464 4325; x_wconf 88' lang='lat' dir='ltr'><strong>georgicon</strong></span> <span class='ocrx_word' id='word_1_325' title='bbox 489 4245 692 4306; x_wconf 85' lang='lat' dir='ltr'><strong>recordationi</strong></span> <span class='ocrx_word' id='word_1_326' title='bbox 716 4247 861 4323; x_wconf 85' lang='lat' dir='ltr'><strong>originem</strong></span> <span class='ocrx_word' id='word_1_327' title='bbox 891 4243 1004 4303; x_wconf 88' lang='lat' dir='ltr'><strong>dehere</strong></span> <span class='ocrx_word' id='word_1_328' title='bbox 1030 4240 1187 4314; x_wconf 87' lang='lat' dir='ltr'><strong>videntur,</strong></span> <span class='ocrx_word' id='word_1_329' title='bbox 1213 4249 1327 4300; x_wconf 90' lang='lat' dir='ltr'><strong>utnon</strong></span> 
     </span>
     <span class='ocr_line' id='line_1_39' title="bbox 186 4341 1325 4426; baseline -0.008 -18"><span class='ocrx_word' id='word_1_330' title='bbox 186 4347 322 4426; x_wconf 90' lang='lat' dir='ltr'><strong>ineptum</strong></span> <span class='ocrx_word' id='word_1_331' title='bbox 338 4349 378 4410; x_wconf 88' lang='lat' dir='ltr'><strong>sit</strong></span> <span class='ocrx_word' id='word_1_332' title='bbox 402 4367 439 4408; x_wconf 89' lang='lat' dir='ltr'><strong>ea</strong></span> <span class='ocrx_word' id='word_1_333' title='bbox 460 4367 527 4407; x_wconf 90' lang='lat' dir='ltr'><strong>cum</strong></span> <span class='ocrx_word' id='word_1_334' title='bbox 543 4346 684 4408; x_wconf 82' lang='lat' dir='ltr'><strong>Pliniana</strong></span> <span class='ocrx_word' id='word_1_335' title='bbox 701 4345 812 4406; x_wconf 90' lang='lat' dir='ltr'><strong>iudicio</strong></span> <span class='ocrx_word' id='word_1_336' title='bbox 831 4365 1003 4426; x_wconf 87' lang='lat' dir='ltr'><strong>conponere</strong></span> <span class='ocrx_word' id='word_1_337' title='bbox 1019 4351 1081 4404; x_wconf 88' lang='lat' dir='ltr'><strong>nat.</strong></span> <span class='ocrx_word' id='word_1_338' title='bbox 1098 4341 1170 4402; x_wconf 91' lang='lat' dir='ltr'><strong>hist.</strong></span> <span class='ocrx_word' id='word_1_339' title='bbox 1185 4343 1264 4402; x_wconf 89' lang='lat' dir='ltr'><strong>Vlll</strong></span> <span class='ocrx_word' id='word_1_340' title='bbox 1276 4349 1325 4404; x_wconf 79' lang='lat' dir='ltr'><strong>ts:</strong></span> 
     </span>
    </p>
   </div>
   <div class='ocr_carea' id='block_1_3' title="bbox 183 4447 1327 4606">
    <p class='ocr_par' dir='ltr' id='par_1_4' title="bbox 183 4447 1327 4606">
     <span class='ocr_line' id='line_1_40' title="bbox 183 4447 1327 4527; baseline -0.005 -19"><span class='ocrx_word' id='word_1_341' title='bbox 183 4449 282 4524; x_wconf 81' lang='lat' dir='ltr'><strong>formo</strong></span> <span class='ocrx_word' id='word_1_342' title='bbox 306 4469 446 4527; x_wconf 82' lang='lat' dir='ltr'><strong>equorum</strong></span> <span class='ocrx_word' id='word_1_343' title='bbox 472 4453 572 4525; x_wconf 80' lang='lat' dir='ltr'><strong>quales</strong></span> <span class='ocrx_word' id='word_1_344' title='bbox 598 4452 722 4508; x_wconf 79' lang='lat' dir='ltr'><strong>nsoximc</strong></span> <span class='ocrx_word' id='word_1_345' title='bbox 749 4453 806 4523; x_wconf 79' lang='lat' dir='ltr'><strong>leyi</strong></span> <span class='ocrx_word' id='word_1_346' title='bbox 828 4457 959 4522; x_wconf 80' lang='lat' dir='ltr'><strong>oporteat</strong></span> <span class='ocrx_word' id='word_1_347' title='bbox 987 4449 1183 4522; x_wconf 76' lang='lat' dir='ltr'><strong>pulcherrime</strong></span> <span class='ocrx_word' id='word_1_348' title='bbox 1213 4447 1327 4520; x_wconf 78' lang='lat' dir='ltr'><strong>quidem</strong></span> 
     </span>
     <span class='ocr_line' id='line_1_41' title="bbox 263 4545 1255 4606; baseline 0.007 -6"><span class='ocrx_word' id='word_1_349' title='bbox 263 4565 381 4600; x_wconf 80' lang='lat' dir='ltr'><strong>svarosr</strong></span> <span class='ocrx_word' id='word_1_350' title='bbox 396 4566 458 4600; x_wconf 83' lang='lat' dir='ltr'><strong>nst.</strong></span> <span class='ocrx_word' id='word_1_351' title='bbox 1057 4545 1097 4606; x_wconf 79' lang='grc'><strong>26</strong></span> <span class='ocrx_word' id='word_1_352' title='bbox 1252 4555 1255 4562; x_wconf 78' lang='grc'><em>’</em></span> 
     </span>
    </p>
   </div>
   <div class='ocr_carea' id='block_1_4' title="bbox 0 0 1600 5098">
    <p class='ocr_par' dir='ltr' id='par_1_5' title="bbox 0 0 1600 5098">
     <span class='ocr_line' id='line_1_42' title="bbox 0 0 1600 5098; baseline 0 4"><span class='ocrx_word' id='word_1_353' title='bbox 0 0 1600 5098; x_wconf 95' lang='lat' dir='ltr'><strong> </strong></span> 
     </span>
    </p>
   </div>
  </div>
 </body>
</html>
