3072 5064
247 391 308 454 262
414 407 648 448 sverasuaura
670 406 758 448 ιιιιιι
779 407 822 446 na
846 404 1049 448 ,ιιιιιιιιιιιιι
1075 403 1214 448 servare

247 562 325 624 petat
355 562 384 607 et
411 555 520 608 assidue
549 556 632 608 mella
657 554 775 623 captet’
819 554 845 606 3.
880 556 935 607 ‘De
964 556 1076 608 minutis
1100 555 1311 608 animantibus’
1356 557 1383 606 4.

249 627 299 676 ‘De
317 626 510 706 serpentibus.¹
542 625 587 676 13:
608 626 718 692 ‘Dipsas
742 640 828 690 genus
847 625 965 690 aspidis,
989 639 1058 690 qnae
1080 625 1183 676 Latine
1204 625 1288 674 situla
1312 625 1384 674 diei-

247 699 303 756 tur,
332 695 397 758 quia
420 709 499 758 quem
521 693 695 744 momorderit
716 695 764 744 siti
787 691 878 758 perit)
912 693 960 742 22ι
980 693 1096 759 ‘Hydros
1120 693 1251 758 aquatilis
1268 709 1385 758 serpens

247 778 265 812 a
282 777 334 827 quo
351 763 402 812 icti
419 762 623 826 obturgescunt.
659 763 736 812 euius
760 761 871 826 quidam
894 761 1015 811 morbum
1038 763 1117 812 boam
1142 761 1236 812 dieunt
1259 777 1291 812 ec
1311 761 1385 826 quod

246 829 308 880 fimo
327 830 405 880 bouis
423 829 606 880 remedietur)
638 831 673 880 el
688 829 790 880 Paulus
808 830 926 880 Fastis.
945 845 971 879 v.
990 831 1106 895 bouap.
1126 829 1167 880 30.
1200 831 1245 878 24:
1267 829 1384 892 ‘Chely-

246 898 308 948 dros
330 914 457 962 serpens,
482 898 528 962 qui
552 903 581 947 et
603 897 765 978 chersydros
783 898 896 960 dieitur,
927 899 992 962 quia
1019 903 1047 947 et
1069 899 1099 948 in
1112 900 1200 976 aquis
1224 899 1282 948 ιι
1275 914 1304 947 ιιι
1327 903 1384 946 ιιι-

246 967 284 1016 ris
312 971 441 1016 moratur.
492 981 556 1016 nam
584 960 684 1031 χέρσον
712 967 807 1016 dieunt
836 965 937 1016 Graeci
964 970 1079 1028 terram,
1108 955 1185 1030 ὕδωρ
1214 981 1313 1032 aquam
1347 983 1386 1016 aa

246 1035 334 1084 Seruio
351 1050 439 1100 pecrp.
458 1033 511 1084 III
526 1037 584 1084 rte.
609 1033 654 1085 hic
672 1051 721 1100 per
738 1049 819 1099 quam
836 1035 940 1084 labitur
958 1039 1059 1084 terram
1077 1035 1183 1084 fumare
1202 1035 1284 1094 lacit,
1302 1049 1385 1100 quem

247 1103 288 1152 sie
305 1102 400 1153 Macer
418 1102 565 1153 describit:

577 1201 626 1238 seu
643 1191 723 1253 terga
742 1189 870 1253 expirant
887 1188 1044 1254 spumantia
1062 1188 1145 1248 uirus,

483 1269 532 1305 seu
550 1259 640 1306 terrae
660 1257 774 1318 fumant,
794 1271 848 1322 qua
866 1260 938 1306 teter
956 1255 1059 1305 labitur
1077 1256 1183 1320 angnia.

245 1337 291 1390 25:
313 1339 424 1390 ‘Natrix
442 1355 556 1406 serpens
575 1355 674 1406 aquarn
692 1355 799 1391 ueneno
818 1339 953 1390 inliciens.
988 1341 1017 1389 in
1035 1355 1202 1405 quocumque
1222 1341 1293 1390 enim
1306 1340 1385 1390 lente

246 1407 343 1472 luerit,
369 1423 429 1459 cum
451 1423 559 1459 ueneno
582 1407 738 1460 immiscet?
783 1407 829 1458 26:
859 1408 992 1458 Conehris
1014 1423 1126 1488 serpens
1150 1407 1314 1458 inflexuosus
1338 1409 1385 1473 qni

246 1447 354 1556 semper
375 1477 429 1526 iter
450 1481 556 1526 rectum
580 1477 708 1528 eflicit..
724 1514 749 1526 ..
790 1491 853 1526 nam
876 1478 900 1526 si
922 1487 952 1526 se
976 1476 1099 1536 torserit,
1125 1476 1187 1526 dum
1206 1477 1301 1538 currit,
1328 1481 1387 1526 sta·

246 1544 296 1594 tim
315 1542 430 1609 erepat)
465 1543 650 1594 27:⁴1¹arras
668 1559 780 1610 serpens
799 1545 844 1611 qui
862 1561 968 1612 semper
985 1545 1014 1595 in
1033 1516 1122 1593 cauda
1140 1543 1264 1594 ambulat
1282 1549 1311 1594 et
1328 1543 1385 1594 sul-

247 1627 307 1662 cum
325 1613 420 1662 faeere
439 1611 567 1664 uidetur)
602 1611 647 1664 33·
668 1613 724 1664 ‘Sal
727 1629 799 1680 puga
817 1629 930 1678 serpeus
950 1617 991 1662 ιιι
1010 1628 1080 1678 quae
1099 1627 1152 1662 non
1165 1611 1281 1661 uidetur
1320 1629 1385 1662 oac-

247 1680 310 1730 cula
323 1680 400 1729 dicta
413 1684 525 1745 propter
537 1681 607 1744 quod
640 1696 707 1730 arua
720 1683 757 1732 sit
769 1687 797 1731 et
809 1697 862 1730 non
875 1681 979 1731 habeat
992 1681 1094 1730 oeulos.
1119 1680 1273 1745 centupeda
1286 1695 1302 1729 a
1315 1680 1385 1730 mirl-

246 1747 586 1812 titudinepedumrlicta)
616 1697 649 1799 dl
634 1749 739 1814 sq:
760 1749 910 1800 ‘tLacerus
928 1748 1027 1814 reptile
1051 1763 1137 1814 genus
1156 1752 1324 1798 eetuoeatus
1342 1749 1386 1798 ita

247 1817 318 1880 qnod
336 1815 451 1865 brachia
469 1815 582 1865 habeat.
623 1833 726 1882 genera
748 1816 913 1868 lacertorum
936 1817 1015 1882 plura
1038 1822 1068 1866 ut
1091 1816 1189 1866 botrax
1207 1815 1386 1866 salamandra

246 1899 329 1933 sarua
352 1883 453 1933 stellio.
499 1884 596 1934 botrax
619 1883 695 1935 dieta
718 1886 789 1950 quod
813 1901 898 1934 ranae
926 1885 1030 1934 babeat
1054 1884 1169 1947 iaciem-
1194 1899 1257 1932 narn
1281 1883 1385 1934 Graeci

246 1967 342 2002 ranam
360 1943 504 2032 βάιριιχον
521 1959 632 2002 uocant.
673 1952 848 2003 salamandra
866 1959 977 2016 uocata,
997 1952 1066 2018 quod
1080 1957 1176 2002 contra
1189 1951 1319 2004 incendia
1336 1968 1386 2001 ua-

245 2020 317 2080 leat,
337 2021 414 2070 cuins
432 2019 504 2069 inter
522 2021 614 2070 omnia
632 2027 770 2070 uenenata
793 2023 912 2072 maxima
935 2021 978 2070 uis
998 2025 1048 2070 est.
1084 2025 1180 2070 cetera
1200 2021 1272 2069 enim
1290 2020 1385 2084 singu-

246 2087 286 2137 los
305 2057 419 2150 1ιι1ιιιιιι
443 2087 513 2138 haec
537 2089 666 2153 plurimos
685 2090 758 2154 parit
760 2105 789 2140 er
811 2090 952 2142 interimit.
993 2104 1056 2138 nam
1080 2089 1104 2136 si
1123 2089 1214 2138 arbori
1233 2087 1387 2154 irrepserit,

246 2157 338 2206 omnia
356 2171 437 2222 poma
460 2155 550 2206 inficit
567 2172 687 2220 ueneno,
713 2163 740 2206 et
765 2173 810 2208 eos
834 2158 879 2223 qui
898 2157 1005 2206 ederint
1027 2155 1143 2218 oceidit,
1169 2156 1233 2222 quin
1258 2157 1342 2206 etiam
1362 2157 1387 2205 si

246 2223 292 2274 nel
316 2225 344 2274 in
363 2229 474 2290 puteum
493 2223 589 2286 cadat,
613 2225 656 2274 nis
679 2227 781 2275 ueneni
805 2226 864 2276 eins
886 2229 1015 2291 potantes
1038 2223 1178 2274 interficit.
1215 2224 1268 2272 ista
1287 2229 1387 2274 eontra

246 2293 375 2342 incendia
393 2307 551 2358 repugnans
570 2293 648 2358 ignes
667 2293 726 2343 sola
745 2293 904 2344 animalium
924 2293 1069 2358 extinguit.
1099 2293 1171 2341 uiuit
1189 2293 1262 2341 enirn
1280 2293 1308 2340 in
1328 2309 1383 2342 me·

246 2359 300 2410 diis
318 2361 432 2410 flammis
451 2361 511 2410 sine
530 2361 623 2411 dolore
642 2366 669 2412 et
689 2362 904 2426 consumptione,
925 2367 953 2411 et
971 2377 1025 2410 non
1044 2360 1129 2410 solum
1149 2360 1213 2425 quia
1230 2376 1284 2410 non
1296 2361 1387 2410 uritur
1431 2409 1438 2426 ,

246 2429 294 2478 sed
313 2430 450 2494 extinguit
469 2429 635 2479 incendium.
677 2445 760 2479 seura
778 2429 907 2492 lacertus,
928 2430 975 2494 qui
993 2429 1102 2494 qnando
1114 2428 1245 2490 senescit,
1265 2443 1385 2478 caecan-

246 2501 291 2546 tur
309 2495 381 2546 oculi
401 2499 470 2558 eins,
490 2503 517 2546 et
536 2497 620 2546 intrat
639 2497 667 2546 1ιι
686 2498 811 2547 toramen
829 2498 944 2563 parietis
963 2497 1126 2563 aspicientis
1139 2501 1236 2545 contra
1249 2497 1385 2550 orientem

247 2567 275 2614 et
292 2571 350 2616 orto
369 2565 425 2615 sole
451 2565 570 2614 intendit
594 2570 621 2614 et
639 2565 817 2615 illuminatur.
859 2565 951 2615 stellio
974 2565 1009 2615 de
1032 2564 1121 2614 colore
1145 2563 1262 2613 inditum
1285 2580 1385 2614 nomen

245 2631 338 2682 babet.
375 2637 417 2682 est
435 2633 508 2682 enim
526 2639 634 2698 tergore
653 2635 748 2698 pictus
769 2633 927 2684 lucentibus
950 2633 1035 2698 guttis
1058 2633 1086 2682 in
1105 2632 1211 2682 modum
1230 2631 1383 2683 stellarum.

246 2699 279 2750 de
298 2715 350 2766 quo
368 2701 485 2751 Ouidius
508 2697 576 2764 (met.
600 2703 625 2750 V
642 2701 715 2766 ¹160:

935 2790 1083 2850 aptumque
1102 2784 1188 2834 eolori

447 2867 546 2902 nomen
568 2851 666 2915 habet,
697 2854 783 2904 uariis
807 2852 920 2904 ιιι11ιιι
944 2869 1058 2919 corpora
1081 2851 1185 2918 guttis!

246 2935 283 2988 ci.
302 2935 401 2986 Festus
426 2953 484 3002 p.
478 2935 540 2987 313:
585 2937 749 2988 ‘Stelionem
774 2954 853 3002 penus
881 2943 950 2988 ιιιιιιιι
972 2943 1085 2988 lacertae
1113 2939 1181 3004 qnod
1206 2937 1294 2987 stillet
1321 2938 1385 2987 cibo

242 3007 329 3070 potius
357 3021 429 3069 quam
458 3012 483 3053 ut
505 3011 595 3068 patant
625 3005 662 3054 ali
693 3021 709 3054 a
732 3005 873 3055 stellarum
901 3009 1073 3062 ιίιιιιιιιιιιιιηι,
1104 3011 1162 3070 quia
1191 3007 1297 3054 erarium
1321 3003 1384 3055 est)

245 3071 278 3123 33
296 3087 399 3137 sqq.
405 3073 517 3122 ‘Omnes
539 3078 632 3124 autem
654 3079 797 3138 serpentes
820 3080 919 3124 natura
942 3089 991 3123 aus
1015 3074 1132 3138 frigidae
1160 3078 1224 3124 suut
1246 3089 1297 3122 nee
1322 3089 1384 3138 per-

246 3141 366 3201 cutiunt,
396 3141 451 3190 nisi
476 3141 583 3205 qnando
610 3141 764 3192 calescunt:
801 3158 864 3191 nam
892 3142 1001 3207 quando
1024 3147 1087 3190 ιιιιιι
1116 3142 1248 3206 frigidae,
1279 3141 1384 3190 nullum

245 3213 371 3273 tangunt.
406 3208 477 3258 unde
500 3211 528 3259 et
549 3224 659 3260 uenena
681 3225 773 3259 earum
796 3209 857 3274 plus
880 3210 924 3260 die
944 3225 1024 3274 quam
1043 3214 1244 3260 noetenoeent.
1275 3215 1386 3274 torpeat

247 3277 319 3327 enim
336 3277 425 3326 noctis
443 3276 537 3342 algore
557 3282 585 3327 et
602 3279 712 3340 merito,
740 3279 805 3342 quia
828 3278 946 3342 frigidae
970 3283 1033 3327 sunt
1050 3283 1265 3327 nocturnorore.
1302 3278 1331 3326 in
1353 3293 1384 3327 se

246 3346 319 3396 enim
344 3345 482 3395 adducunt
503 3361 632 3410 uaporem
656 3346 764 3410 gelidae
789 3351 881 3411 pestes
905 3351 933 3396 et
957 3351 1073 3395 naturae
1097 3346 1224 3410 frigidae.
1260 3345 1333 3394 unde
1357 3351 1387 3396 et

245 3414 335 3464 bieme
354 3413 382 3468 in
400 3413 486 3462 nodos
505 3417 621 3478 torpent,
642 3419 748 3464 aestate
768 3413 917 3464 solunntur.
948 3414 1012 3463 inde
1032 3419 1082 3475 est,
1103 3415 1173 3480 quod
1186 3414 1248 3463 dum
1262 3415 1384 3478 quicum-

246 3497 298 3548 que
317 3482 484 3546 serpentium
502 3497 609 3532 ueneno
632 3485 797 3548 perentitur,
821 3483 937 3547 primum
955 3482 1141 3547 obstupescit:
1162 3487 1189 3532 ιι
1206 3486 1317 3546 postea,
1337 3481 1384 3532 ubi

245 3552 275 3600 in
297 3548 345 3599 illo
369 3549 536 3600 calefactum
560 3550 647 3616 ipsum
671 3553 746 3602 rrirus
771 3551 918 3611 exarserit,
948 3551 1041 3600 atatim
1063 3550 1199 3600 homiuem
1227 3549 1383 3614 extinguit!

245 3617 291 3668 42:
312 3617 407 3668 ‘Omne
427 3623 519 3668 autem
536 3634 672 3668 uenenum
690 3619 820 3684 trigidum
839 3622 881 3668 est
899 3625 926 3667 et
945 3618 1007 3667 ideo
1030 3617 1123 3668 anima
1147 3631 1217 3682 quae
1241 3618 1324 3682 ignea
1342 3624 1387 3668 est

245 3687 318 3752 sugit
335 3701 469 3736 uenenum
487 3686 626 3752 frigidum.
664 3689 691 3736 ia
709 3686 882 3736 natrrralibus
900 3687 988 3748 bonis,
1009 3701 1079 3751 quae
1097 3686 1177 3736 nobis
1196 3689 1224 3734 et
1236 3685 1384 3736 irrationa-

245 3755 319 3804 libus
337 3753 523 3804 animantibus
546 3754 671 3806 uidemus
695 3770 756 3806 ease
784 3755 950 3816 communia,
974 3755 1127 3804 uiuacitate
1152 3753 1269 3818 quadan:
1287 3769 1386 3804 sensus

245 3837 358 3887 serpens
383 3821 513 3872 excellit!
553 3823 737 3874 44ιΝιι11ιιιιι
766 3829 857 3872 autem
881 3822 1014 3872 animal'
1007 3839 1035 3871 ιιι
1062 3826 1141 3871 tanta
1165 3821 1309 3872 eeleritate
1333 3821 1386 3872 lin-

246 3905 327 3956 guam
346 3895 438 3940 mouet
459 3894 489 3940 ut
512 3905 638 3956 serpens,
669 3892 737 3941 adeo
760 3895 791 3940 ιιι
812 3891 949 3956 triplicem
973 3891 1095 3956 linguam
1118 3890 1221 3940 habere
1246 3889 1384 3952 uideatur,

246 3973 307 4008 cum
325 3971 380 4008 nna
398 3955 454 4008 sit'
490 3957 523 4008 45
541 3973 614 4024 sqq.
643 3959 783 4024 ‘Vestigia
806 3959 974 4023 serpentium
992 3957 1061 4008 talia
1079 3962 1154 4018 sunt,
1180 3962 1210 4007 ut
1228 3973 1289 4007 eum
1306 3959 1387 4023 pedi-

245 4026 296 4076 bus
314 4041 410 4076 carere
432 4025 585 4086 uideantur,
606 4029 690 4077 costis
708 4032 799 4077 tamen
817 4033 845 4076 ιι
857 4041 1083 4096 squammarum
1070 4027 1175 4076 nisibus
1188 4030 1295 4092 repant,
1315 4041 1386 4091 quas

246 4109 263 4144 a
282 4109 383 4144 summo
402 4099 511 4160 gutture
529 4110 614 4175 usqne
640 4095 775 4145 adimam
794 4095 884 4146 aluum
904 4095 986 4160 parili
1005 4081 1083 4144 modo
1102 4094 1250 4159 dispositas
1268 4093 1384 4144 habent.

246 4163 394 4243 squammis
413 4163 485 4212 enirn
504 4163 582 4226 quasi
599 4163 745 4228 unguibus,
765 4163 850 4212 costis
869 4163 948 4227 quasi
971 4163 1095 4212 eruribus
1113 4163 1274 4212 innituntur.
1311 4163 1384 4213 unde

246 4231 269 4280 si
288 4230 316 4280 in
335 4228 459 4296 qualibet
477 4231 598 4296 corporis
616 4237 694 4296 parte
713 4231 747 4280 ab
767 4231 829 4280 aluo
847 4247 932 4295 usque
951 4231 987 4281 ad
1005 4235 1089 4310 caput
1112 4231 1170 4280 ietu
1194 4229 1286 4294 aliquo
1305 4229 1386 4281 eolli-

246 4296 334 4359 datur,
355 4297 454 4348 debilis
472 4299 578 4347 reddita
598 4313 705 4348 cursum
723 4297 825 4348 habere
844 4315 898 4349 non
916 4299 1016 4364 possit,
1042 4299 1107 4363 quia
1128 4299 1292 4362 ubicumque
1311 4299 1385 4348 ictus

248 4363 294 4414 ille
314 4364 457 4426 inciderit,
477 4367 584 4431 spinam
603 4366 687 4416 soluit
713 4383 761 4431 per
779 4382 860 4446 quarn
878 4373 1015 4418 costarum
1032 4367 1116 4432 pedes
1136 4371 1164 4416 et
1181 4370 1269 4416 motus
1289 4381 1385 4432 corpo·

247 4433 285 4482 ris
304 4401 465 4497 agebantur.
500 4440 642 4499 serpentes
660 4440 750 4485 autem
769 4435 816 4486 diu
833 4435 927 4486 uiuere
950 4435 1090 4495 dicuntur,
1113 4435 1183 4486 adeo
1206 4439 1235 4484 ut
1257 4435 1386 4500 deposita
