3078 5072
621 408 663 457 or
686 409 827 460 rosrts-
1243 399 1281 464 13

233 561 342 628 llimue
365 572 417 629 est
434 565 592 629 sermonis
610 561 784 655 cuiuslibet
806 566 867 648 (ot)
887 575 992 630 motus
1014 565 1084 632 sine
1099 569 1282 632 reuerentia

161 677 189 730 et
206 667 352 732 laetorum
374 666 427 731 uel
449 667 590 751 turpium
608 687 679 729 oum
703 663 840 730 lasciuia
860 669 1014 750 imitatio,
1038 689 1058 730 a
1081 670 1216 734 Graecis
1235 673 1282 734 ita

161 769 308 832 delinitus:
350 765 448 852 μῑμός
473 765 564 831 ἐστιν
590 769 725 849 μίμησις
750 769 843 849 βίον,
875 764 915 832 roi
943 791 979 832 τε
1001 768 1281 854 συγκεχωρημένα

160 867 205 934 καὶ
225 863 438 954 ἆσνγχωρητα
460 866 631 951 περιέχων.
661 869 778 932 mimus
800 869 905 934 dietus
926 863 1074 959 repeirri
1094 878 1280 955 μιμείσθω,

138 975 240 1059 aquari
258 971 345 1036 solus
367 973 526 1052 imitetur,
548 993 620 1034 oum
644 977 675 1033 et
693 969 757 1032 alia
778 981 928 1056 poemata
945 973 1030 1037 idem
1054 975 1192 1056 saciant,
1208 958 1213 1036 s
1223 974 1280 1038 sed

157 1075 233 1138 solus
254 1075 344 1160 quasi
367 1074 541 1160 priuilegio
560 1071 699 1158 quodam
727 1072 812 1158 quod
839 1072 902 1138 fuit
924 1096 1093 1139 commune
1118 1075 1279 1162 possedit:

157 1176 289 1240 similiter
310 1185 408 1263 atque
434 1177 461 1238 is
490 1175 545 1258 qui
570 1194 699 1238 uersum
723 1174 802 1238 iacit
829 1175 935 1240 dictus
957 1171 1110 1261 ποιητής,
1148 1198 1220 1242 oum
1248 1185 1280 1240 et

155 1273 297 1361 artifices,
321 1299 393 1341 oum
417 1297 520 1362 aeque
542 1275 621 1362 quid
643 1275 778 1354 faciant,
798 1298 863 1344 non
888 1277 998 1341 dicant
985 1287 1039 1342 tur
1060 1291 1184 1365 poetae.

229 1407 265 1444 ιι
281 1379 425 1465 Togatae
448 1378 580 1443 fabulae
603 1377 769 1460 dicuntur,
802 1401 884 1465 quae
906 1381 1046 1466 scriptae
1069 1392 1145 1446 sunt
1165 1403 1278 1445 secun·-

123 1482 220 1545 rodum
245 1483 326 1546 ritus
349 1491 381 1544 at
402 1480 547 1545 habitum
567 1478 731 1543 hominum
752 1489 952 1566 togatorum,
984 1483 1019 1546 id
1047 1492 1097 1548 est
1119 1483 1278 1548 Romano·

153 1605 269 1646 rum—
287 1594 363 1668 toga
378 1603 516 1668 namque
531 1581 679 1645 Romana
695 1591 799 1646 est—
761 1583 900 1648 -sieut
887 1582 1063 1648 tGraecas
1086 1584 1214 1667 fabulas
1235 1585 1278 1650 ab

153 1685 253 1750 habitu
279 1707 381 1772 aeque
408 1683 560 1772 palliatas
588 1683 693 1748 Varro
716 1683 763 1746 ait
790 1685 960 1748 nominari.
1009 1696 1137 1771 togatas
1160 1696 1277 1764 autem,

152 1811 216 1850 enm
239 1790 280 1852 sit
306 1785 462 1872 generale
490 1808 624 1864 nomen,
653 1783 837 1870 specialiter
863 1795 971 1851 tamen
996 1810 1055 1874 pro
1083 1789 1278 1854 tabernariis

151 1911 208 1953 non
230 1889 323 1956 modo
350 1889 530 1954 eommunis
560 1908 658 1950 error
668 1897 816 1972 usurpat,
848 1889 904 2006 qui
925 1889 1042 1954 Afrani
1068 1899 1195 1975 togatas
1224 1913 1278 1976 ap-

121 1991 258 2078 apellat,
281 1990 338 2054 sed
361 2001 393 2055 et
412 1998 546 2078 poetae,
567 1999 602 2053 ut
624 1987 794 2070 Horatius,
818 1993 873 2077 qui
893 1994 955 2056 ait:

268 2093 322 2157 uel
344 2094 399 2180 qui
418 2099 606 2178 praetextas
625 2077 679 2155 uel
702 2092 758 2177 qui
781 2090 919 2157 docuere
941 2101 1079 2180 togatas.

149 2197 233 2258 initio
255 2204 386 2280 togatae
415 2192 602 2258 comoediae
623 2192 830 2278 dicebantur,
859 2196 945 2282 quod
968 2198 1076 2261 omnia
1098 2197 1131 2260 in
1153 2195 1278 2283 pulpito

150 2297 302 2372 †thon0re
314 2294 686 2362 confusaoernebantur.
699 2315 781 2380 quae
789 2304 918 2380 togatae
929 2306 1042 2382 posteo
1052 2299 1084 2361 in
1094 2309 1277 2385 praetexta-

148 2409 194 2460 tas
208 2409 239 2462 et
255 2397 456 2462 tabernarias
474 2396 715 2460 diuidebaotur.
753 2407 933 2480 togatarum
950 2399 1132 2463 fabularum
1152 2402 1277 2486 speeies

119 2509 190 2564 etot
206 2502 273 2566 iere
289 2509 365 2564 sunt
381 2509 459 2584 quot
475 2509 507 2564 et
525 2497 739 2586 palliatarum.
773 2520 844 2562 nam
860 2501 964 2586 prima
978 2502 1104 2586 speeies
1121 2511 1169 2564 est
1188 2511 1278 2584 tpgo·

147 2723 248 2772 semper
271 2723 303 2756 ac
327 2707 484 2784 petulantes
503 2707 569 2756 deos
587 2707 687 2756 seimus
710 2721 783 2784 esse,
804 2707 925 2756 uocitata
950 2705 1015 2758 est)
1052 2709 1169 2758 ''lzotzes
1192 2724 1221 2757 π.
1249 2706 1276 2757 ὃ.

146 2791 233 2858 rorqr
257 2775 303 2824 125
322 2791 376 2842 sq..
419 2767 450 2824 τὸ
473 2769 626 2838 σατυρικὸν
654 2765 684 2824 ἐκ
708 2769 838 2850 σατύρων
859 2765 978 2854 εὑρέθη
995 2769 1079 2842 Ιιούς
1101 2767 1219 2854 α’γρόιαι
1246 2770 1277 2826 δὲ

146 2839 210 2906 πρὶν
228 2835 351 2892 ἐκάλουν
369 2835 521 2908 σατύρους·
539 2841 542 2902 Ι
559 2834 589 2892 ἐκ
608 2841 698 2892 ιώνδε
717 2841 787 2907 γοῦν
805 2857 905 2907 ενρηιιε
923 2837 976 2909 τὴν
993 2843 1092 2936 κλῆριν
1112 2839 1187 2894 τόδε.

223 2911 316 2976 tt-p
339 2911 418 2972 151
452 2911 784 2991 Caesirrsllassusvp.
794 2910 842 2959 :tlt
863 2911 902 2960 eri.
923 2909 1026 2961 iiaisi:
1054 2913 1277 2976 ‘Poetis-aespo

144 2981 198 3028 ciis
219 2981 346 3028 latinae.
371 2949 721 3044 llpossiuadaetylioum,
742 2973 921 3043 epigramma,
947 2979 1083 3042 iambica,
1101 2981 1202 3044 lyrira,
1223 2987 1277 3029 tra-

143 3049 254 3112 gordia
274 3053 369 3110 satyra
366 3045 463 3103 (ινιηιο
476 3031 626 3136 sptprioal,
644 3017 832 3110 praelextata,
848 3048 1000 3110 comoedia,
1019 3049 1187 3110 tabernaria,
1203 3047 1277 3096 Atel·

143 3117 219 3172 Ιιιιιιι,
245 3115 444 3176 Rhintlronioo,
463 3115 547 3163 mimi.
552 3112 647 3164 ’Ood
668 3115 746 3163 Atilii
765 3115 955 3164 lortrrnotiani
974 3117 1064 3165 Vatia.
1090 3115 1157 3164 5216
1180 3117 1276 3180 p.Vll

144 3185 245 3233 Galat:
272 3185 405 3234 ‘Poeseos
429 3199 532 3247 genera
562 3189 625 3232 sunt
647 3183 713 3232 tria:
739 3183 849 3232 aotuole
872 3185 1039 3233 narretiuum
1063 3185 1277 3257 ooniupetiuum.

144 3321 342 3329 ...ι--ι--ι--ι-μ

229 3436 238 3485 1
253 3435 283 3482 et
300 3443 353 3482 om.
367 3424 464 3492 ΑΒΜ,
484 3426 592 3480 addidit
607 3423 728 3480 Iahnius
734 3425 810 3495 prol.
830 3427 859 3479 ia
877 3423 960 3478 Pers.
976 3444 1003 3495 p.
1022 3425 1153 3481 LXXXI
1159 3425 1195 3480 V:
1213 3421 1277 3480 imi·

140 3511 214 3568 tatio
238 3517 268 3567 et
285 3511 397 3566 Kellios
412 3504 464 3587 Ι)’
440 3527 505 3566 siue
521 3527 599 3566 corr.
619 3509 684 3566 sine
705 3512 816 3566 Asana
830 3509 857 3564 B
873 3501 886 3588 ΙΙ
900 3515 917 3566 2
930 3516 961 3564 ot
976 3509 1035 3565 fact
1024 3517 1120 3566 torum
1143 3508 1192 3566 uel
1216 3518 1277 3565 tur-

140 3597 220 3673 pium
236 3599 357 3666 scripsi:
379 3593 429 3652 uel
445 3593 593 3650 factorum
614 3601 644 3650 et
665 3593 795 3670 turpium
811 3594 897 3649 ΑΒΜ
908 3591 958 3650 uel
976 3592 1035 3650 fact
1024 3602 1119 3652 torum
1137 3602 1168 3650 et
1183 3592 1277 3651 dieto·

142 3699 204 3738 rum
227 3679 357 3757 turpium
379 3681 490 3736 Kailios
504 3672 517 3759 ll
533 3687 550 3739 3
564 3677 669 3736 mimus
685 3677 805 3755 (mimos
828 3674 904 3754 Μ)
888 3697 903 3734 e
920 3678 950 3734 in
967 3677 1095 3737 mimesis
1118 3677 1277 3750 (mimeisis

141 3765 183 3842 Μ)
210 3763 327 3822 birrtat'e
359 3764 579 3842 syneechorem
607 3761 858 3842 (synchechorem
892 3761 932 3862 Β)
963 3781 1073 3821 enaoea
1104 3763 1278 3820 sinehoreta

141 3849 340 3931 (synchoreta
360 3847 401 3924 B)
417 3847 583 3926 perieohon
598 3847 786 3926 (perdeehon
802 3839 846 3924 Μ)
864 3849 970 3906 mimus
976 3847 1115 3924 (munus
1127 3847 1166 3923 A)
1180 3847 1278 3905 dictus

139 3945 248 4030 pareto
262 3933 413 3992 mimisthe
429 3935 516 3990 ΑΒΜ
532 3927 581 4015 {15
594 3932 877 4012 quasiasolusA
867 3931 908 3996 '5
926 3951 1037 4002 eumq:
1055 3953 1117 3990 erm
1136 3914 1277 4014 ᾸΒΜΙΠ

139 4012 274 4098 τοιητρς]
291 4027 378 4098 petes
393 4021 479 4076 ΑΒΜ
493 4015 666 4098 {talamus
655 4022 733 4076 ΑΒ
749 4012 761 4098 ΙΙ
786 4028 817 4079 10
833 4017 930 4076 id
884 4028 978 4077 est—-
936 4025 1079 4079 llest
1091 4038 1142 4076 om
1161 4020 1195 4074 Μ
1211 4012 1225 4099 Ι)
1248 4028 1279 4079 11

138 4121 227 4182 togas
251 4109 393 4163 autemst
415 4099 427 4153 'l
450 4113 481 4165 14
503 4101 554 4182 qui
577 4103 735 4164 Afraniit
723 4111 843 4180 togatas
861 4103 1001 4183 'appellat
1023 4105 1197 4161 Beroensius
1214 4107 1276 4161 coll.

137 4197 189 4250 litt.
202 4211 233 4264 p.
253 4197 272 4248 4
281 4213 290 4246 .·
306 4191 378 4269 quia
398 4156 483 4248 fluni
503 4195 622 4264 togatas
639 4187 734 4266 (togas
751 4187 817 4264 ΒΜ)
836 4189 991 4268 appellant
1013 4190 1100 4246 ΑΒΜ
1112 4189 1183 4268 quia
1198 4190 1277 4247 lan·

138 4279 206 4334 nius
225 4287 347 4352 togatas
364 4275 501 4354 appellat
517 4294 534 4343 ς
552 4271 565 4352 Ι)
591 4283 621 4336 15
636 4270 792 4352 Horatius]
811 4279 846 4331 de
866 4284 930 4332 orte
946 4284 1020 4346 poet.
1046 4281 1101 4332 288
1121 4271 1135 4354 l]
1161 4281 1190 4335 17
1212 4273 1277 4352 pul-

137 4364 201 4441 pito
225 4365 347 4432 scripsi:
373 4359 494 4438 publico
521 4361 607 4417 ΑΒΜ
629 4354 643 4437 ΙΙ
671 4368 703 4421 18
723 4359 837 4418 honore
852 4377 963 4433 quoque
981 4369 1145 4432 corruptum
1168 4364 1274 4418 videtur

137 4447 320 4528 “preteritas
336 4447 370 4502 M
380 4445 393 4525 ᾗ)
410 4455 445 4506 10
459 4445 640 4523 pallatarum
666 4447 725 4502 ΑΜ
746 4443 927 4523 pellatarum
950 4447 976 4500 B
