3162 5058
259 399 321 463 318
536 413 732 456 cernuonvu
755 407 920 455 ιιιιιιοιιιιι
945 413 1120 482 patravisse

511 559 621 642 Reges
644 561 864 624 Rornanorum
886 581 1021 623 numero
1042 559 1139 622 Vlll.

258 677 420 726 nonvuvs
437 661 554 726 Martis
573 671 605 724 et
627 661 709 725 Iliae
729 660 816 726 filius
831 661 984 745 regnauit
1000 683 1102 725 annos
1118 659 1318 726 XXXVIII.
1348 682 1401 724 ur·

257 763 332 828 bem
360 763 498 827 Romam
526 761 674 826 condidit
706 759 768 826 XI.
794 761 871 826 Kal.
900 762 997 843 bloi,
1030 763 1088 847 qui
1120 763 1191 826 dies
1218 759 1402 848 appellatur

258 865 389 928 Parilia.
429 865 482 928 bic
503 863 537 927 X
559 885 688 928 menses
709 865 744 927 in
767 885 888 928 annum
911 865 1080 938 constituit
1101 863 1254 928 aMartio
1279 866 1313 927 iu
1334 861 1400 924 De·

256 966 428 1031 cembrem.
472 965 561 1029 mille
584 966 719 1028 iuuenes
743 964 783 1028 de
805 964 901 1050 plebe
924 966 1072 1030 Romana
1092 965 1190 1050 legit,
1238 985 1320 1051 quos
1341 963 1424 1026 mie

255 1068 330 1132 lites
355 1066 552 1155 appellauit,
582 1075 615 1130 et
643 1074 773 1129 centum
802 1068 963 1149 seniores,
1002 1089 1082 1153 quos
1110 1075 1276 1130 senatores
1304 1064 1398 1128 dixit.

257 1171 460 1254 congiarium
484 1167 576 1234 dedit
597 1168 747 1252 congium
770 1169 839 1231 uini
862 1170 947 1232 inter
968 1169 1116 1234 homines
1138 1165 1219 1232 XII.
1249 1166 1302 1230 bie
1325 1186 1399 1228 oum

258 1279 349 1336 namt
370 1270 412 1336 ad
434 1269 584 1357 paludem
605 1289 723 1354 caprae
742 1267 850 1334 subito
872 1291 1031 1355 nusquam
1054 1271 1246 1356 comparuit.
1286 1270 1320 1332 in
1342 1288 1399 1330 nu·

257 1393 381 1437 merum
403 1371 538 1436 deorum
559 1370 680 1434 relatus
702 1369 782 1434 deus
807 1369 965 1450 Quirinus
987 1369 1169 1457 appellatos
1189 1379 1248 1434 est.
1298 1385 1399 1434 rmus

256 1489 382 1558 rnrrvs
405 1473 473 1536 dux
492 1471 685 1536 Sabinorum
708 1493 783 1534 cum
799 1471 937 1535 Romulo
957 1473 1109 1556 regnauit
1128 1493 1230 1536 annos
1245 1471 1397 1556 quinque.
1410 1491 1438 1532 ιο

257 1575 311 1639 hic
342 1574 516 1661 Tarpeiam
552 1574 713 1660 uirginem
741 1571 908 1636 Vestalem
941 1574 1052 1636 uiuam
1079 1575 1177 1638 armis
1206 1571 1334 1636 defodit
1361 1591 1400 1636 co

257 1677 344 1764 quod
372 1685 498 1740 secreto
522 1674 652 1738 Romuli
678 1676 708 1738 ei
735 1673 908 1761 propalare
933 1674 1102 1739 noluisset.
1151 1691 1248 1738 rivus
1277 1689 1399 1736 rossei-

461 1847 485 1896 is
504 1862 590 1912 genus
608 1845 727 1896 indocile
748 1863 781 1896 ue
800 1847 952 1912 dispersum
971 1847 1108 1898 montibus
1127 1841 1191 1897 altis

460 1915 615 1980 composuit
631 1915 762 1981 legesque
782 1915 857 1964 dedit
875 1917 1037 1981 Latiumque
1057 1917 1153 1966 uocari

461 1982 572 2044 maluit,
590 1983 634 2032 nis
654 1984 781 2048 quoniam
800 1983 929 2033 latnIsset
948 1989 1022 2034 tutus
1041 1985 1069 2033 in
1088 1985 1152 2034 oris.

461 2065 600 2114 aureaque
619 2057 649 2100 ut
666 2051 813 2116 perhibent
830 2051 878 2100 illo
897 2051 946 2100 sub
966 2067 1030 2116 rego
1050 2053 1128 2102 fuere

461 2119 584 2168 sacculo.
1154 2121 1156 2126 '

256 2187 305 2238 scd
328 2187 398 2238 haec
421 2189 533 2254 poetica
555 2187 701 2252 opinentur
725 2201 785 2236 esse
809 2185 940 2250 figmento
964 2192 992 2236 et
1010 2187 1071 2237 Pici
1094 2191 1199 2252 patrem
1218 2185 1333 2236 Stercen
1351 2201 1399 2250 po·

256 2259 311 2306 tius
330 2257 416 2306 luisse
441 2259 616 2318 asseuerant,
643 2271 659 2304 s
683 2269 734 2319 quo
754 2255 919 2319 peritissimo
943 2255 1067 2318 agricola
1085 2257 1225 2304 inuentum
1245 2255 1344 2315 ierunt,
1369 2259 1400 2302 ut

256 2322 319 2374 fimo
343 2323 501 2374 animalium
527 2323 586 2386 egri
610 2323 839 2386 fecundarentur,
864 2323 934 2388 quod
959 2325 994 2372 ab
1018 2324 1078 2372 eins
1103 2323 1211 2372 nomiae
1230 2327 1337 2372 stercus
1357 2326 1399 2372 est
1442 2365 1448 2376 .

256 2391 372 2442 dictum:
396 2391 467 2442 hunc
492 2391 602 2456 qnidam
626 2391 792 2440 Stercutium
816 2397 944 2440 uocatum
969 2391 1068 2440 lerunt.
1106 2391 1229 2458 quolibet
1256 2393 1346 2440 autern
1366 2405 1399 2439 or

256 2475 421 2512 causacum
441 2459 586 2508 Saturnum
605 2457 747 2524 appellare
766 2459 915 2522 noluerint,
940 2465 1014 2508 certe
1033 2463 1125 2509 tamen
1145 2457 1214 2508 huuc
1234 2458 1399 2508 stercutium

256 2529 353 2578 merito
373 2527 559 2591 agriculturae
578 2527 704 2576 lecerunt
722 2525 810 2576 deum.
847 2527 942 2576 Picum
962 2541 1067 2591 quoquc
1087 2527 1216 2576 similiter
1237 2527 1295 2576 ciue
1314 2527 1399 2574 lilium

256 2612 284 2645 m
308 2595 406 2646 talium
429 2595 539 2644 deorum
563 2609 704 2644 numerum
722 2599 901 2660 receperunt,
927 2611 1006 2660 quem
1030 2595 1200 2660 praeclarum
1221 2609 1353 2658 augurem
1371 2599 1400 2643 et

256 2663 479 2730 belligeratorem
503 2663 589 2712 luisse
609 2667 743 2712 assenrnt.
780 2661 863 2712 Picus
876 2663 999 2712 Faunum
1015 2664 1110 2727 gennit
1123 2663 1291 2712 Laurentum
1305 2677 1398 2728 regem

256 2731 418 2780 secundum:
447 2732 531 2778 etiarn
555 2731 607 2779 iste
631 2731 699 2779 deus
722 2729 778 2778 illis
800 2730 845 2780 uel
870 2736 912 2779 est
934 2729 979 2780 uel
1001 2732 1063 2780 inii.
1099 2731 1148 2780 hos
1167 2735 1231 2780 ante
1249 2731 1399 2779 Troianum

257 2799 359 2848 bellurn
378 2797 486 2847 diuinos
509 2797 627 2848 bonores
646 2799 758 2848 mortuis
776 2797 932 2848 bominibus
950 2795 1125 2848 detulerunt’

341 2865 490 2914 blsidorus
508 2865 596 2930 origg.
611 2866 690 2914 Vllll
709 2863 781 2926 331:
814 2867 901 2916 ‘miles
914 2867 1004 2916 dictus
1018 2868 1082 2932 quis
1095 2865 1169 2916 mille
1188 2871 1267 2916 erant
1286 2873 1350 2915 onte
1369 2866 1398 2915 in

256 2949 368 2983 numero
392 2947 445 2982 uno
467 2931 512 2982 uel
536 2933 600 2996 quis
625 2947 694 2982 unus
718 2941 760 2982 est
784 2950 817 2983 ex
841 2934 914 2984 mille
935 2933 1049 2984 electus.
1085 2934 1215 2984 Romulus
1235 2941 1324 2984 nutem
1343 2935 1398 2998 pri·

257 3015 315 3050 mus
334 3017 368 3050 ex
386 2999 485 3066 populo
503 3001 603 3050 milltes
621 3001 736 3065 sumpsit
754 3007 781 3050 et
801 3002 970 3068 appellauit!
1007 3003 1142 3052 Eusebius
1170 3017 1271 3052 armen.
1293 3001 1335 3051 Ol.
1357 3001 1397 3064 ΙΙ,

256 3067 286 3120 3:
307 3067 445 3118 ‘Romulus
464 3069 566 3133 primus
585 3083 599 3116 e
618 3067 700 3132 uulgo
714 3069 816 3119 milites
836 3069 904 3136 legit
923 3085 1057 3136 senesque
1076 3071 1183 3121 nobiles
1196 3070 1216 3120 C
1231 3071 1299 3120 iecit
1317 3083 1397 3120 sena·

256 3143 330 3188 tores
349 3142 377 3185 et
395 3151 427 3186 ex
447 3135 550 3186 eisdem
568 3136 702 3202 patricios
720 3138 934 3202 cognominabit.
971 3138 1074 3202 templu
1092 3139 1157 3186 item
1177 3143 1205 3188 ct
1222 3139 1332 3188 moenia
1345 3138 1398 3188 Ro-

256 3219 317 3255 mae
338 3202 517 3254 aedificante?
552 3205 737 3267 Hieronymus
756 3205 798 3256 Ol.
818 3206 841 3266 7,
864 3205 890 3255 l:
911 3206 1049 3256 ‘Romulus
1066 3208 1170 3271 primus
1189 3205 1290 3256 milites
1308 3221 1397 3272 sump-

256 3274 293 3322 sit
312 3288 345 3322 cx
363 3271 463 3338 populo
483 3278 510 3320 et
527 3272 711 3322 nobilissimos
730 3289 811 3323 senes
830 3274 864 3323 ob
884 3279 1004 3324 aetatem
1027 3279 1187 3334 senatores,
1212 3275 1246 3324 ob
1269 3274 1399 3323 similitu-

256 3341 348 3392 dinem
367 3355 449 3390 curae
468 3345 563 3406 patres
582 3339 753 3406 appellauit'
790 3341 934 3404 Synecllus
952 3358 978 3421 p.
999 3341 1063 3393 367:
1088 3335 1231 3407 ‘Poipoioe
1243 3339 1352 3404 πρῶτος
1367 3331 1398 3392 la

255 3407 308 3459 τοῦ
327 3400 422 3474 δήμου
440 3399 626 3471 ἐστράτευσεν
643 3395 753 3472 ἄνδρας
771 3410 975 3476 συγκλητικους
992 3425 1021 3460 τε
1035 3401 1058 3473 ρ’
1090 3405 1206 3471 ἔσονται
1220 3401 1336 3474 ἐποίησε
1348 3407 1397 3460 sui

255 3473 426 3543 ancersleve
444 3467 473 3538 ἐξ
492 3467 587 3527 αὐτῶν
605 3468 738 3540 ἐκάλεσε,
757 3471 844 3536 erices
861 3493 891 3528 sa
910 3475 959 3528 sul
972 3479 1052 3543 τείχη
1071 3425 1103 3529 iv
1115 3469 1207 3543 Ῥώμῃ
1222 3467 1398 3544 ᾠκοδόμησε.

274 3549 277 3556 “
342 3543 371 3594 ll
390 3545 478 3595 Varro
496 3545 528 3595 L.
547 3545 578 3594 L.
598 3545 621 3592 V
643 3544 690 3594 41:
718 3545 770 3594 ‘hic
794 3561 870 3596 mons
894 3553 958 3596 ante
981 3547 1116 3612 Tarpeius
1139 3547 1228 3596 dictus
1252 3561 1268 3595 a
1292 3545 1399 3611 uirgine

255 3611 368 3664 Vestale
388 3611 524 3680 Tarpeis,
550 3628 619 3678 quse
644 3613 684 3662 ibi
709 3629 725 3662 a
744 3613 854 3664 SubinIs
877 3619 979 3664 necato
1005 3615 1086 3664 armis
1112 3619 1139 3664 et
1154 3613 1277 3680 sepulta,
1302 3614 1399 3678 quoius

255 3681 374 3730 nominis
392 3687 594 3730 monumentum
613 3681 751 3742 relictum,
777 3683 847 3746 quod
872 3682 956 3731 etiam
982 3697 1054 3731 nuno
1073 3682 1132 3731 eius
1150 3697 1232 3748 rupes
1249 3681 1398 3746 Tarpeium

257 3747 414 3816 appellatur
431 3747 545 3800 saxum!
583 3748 619 3799 cf.
638 3749 797 3814 Propertius
815 3749 872 3799 1111
889 3750 913 3812 l,
936 3749 974 3800 18.
1065 3790 1078 3798 .

341 3815 372 3866 12
390 3831 448 3882 sqq.
468 3817 504 3867 cf.
524 3817 631 3882 Fruges.
654 3815 709 3866 lili.
739 3817 873 3867 Eusebius
892 3833 994 3868 armen.
1015 3817 1057 3868 Ol.
1080 3815 1119 3880 to,
1138 3817 1167 3866 l:
1205 3817 1399 3867 ‘NumsPom·

254 3883 337 3950 pilius
350 3883 416 3935 duos
436 3877 542 3934 addidit
560 3899 632 3934 auno
651 3899 758 3934 mensos
776 3887 933 3935 Ianuarium
952 3893 979 3934 et
992 3885 1182 3947 Februarium,
1202 3901 1263 3936 cum
1276 3887 1301 3935 is
1315 3893 1399 3934 antea

255 3953 351 4002 decern
370 3957 511 4002 constaret
533 3953 681 4003 mensibus.
722 3953 793 4002 idem
821 3954 982 4020 capitolium
1006 3971 1022 4004 a
1046 3955 1232 4003 fundamentis
1256 3953 1399 4004 excitauit.

255 4019 327 4070 idem
351 4020 521 4085 congiarium
543 4020 620 4070 dedit
644 4035 721 4072 asses
747 4022 854 4086 ligneos
873 4037 1048 4086 nummosque
1067 4019 1226 4072 testaceos!
1262 4022 1399 4084 Hierony·

255 4101 313 4138 mus
332 4088 375 4138 Ol.
397 4087 437 4150 17,
456 4087 485 4138 2:
510 4089 607 4140 ‘Numa
625 4089 776 4154 Pompilius
799 4089 867 4140 duos
890 4105 998 4142 meuses
1021 4104 1092 4140 anuo
1117 4089 1223 4140 eddidit
1241 4089 1398 4140 Ianuarium

256 4161 284 4208 at
301 4156 491 4218 Februarium,
512 4172 571 4206 cunr
591 4155 711 4208 antehae
730 4157 825 4207 decem
844 4163 951 4208 tanturn
970 4174 1077 4208 menses
1096 4157 1169 4222 apud
1182 4158 1318 4208 Romanos
1331 4156 1398 4206 iuis·

255 4228 327 4274 sent.
364 4221 530 4290 Capitolium
549 4240 654 4290 quoque
674 4241 691 4274 ιι
710 4225 895 4276 fundamentis
915 4225 1076 4276 aedificauii
1094 4231 1122 4274 et
1139 4225 1308 4290 congiarium
1322 4223 1400 4273 dedit

256 4305 333 4340 asses
351 4289 458 4357 ligneos
483 4297 511 4342 et
533 4290 675 4343 scorteos!
711 4293 856 4357 syncellus
880 4310 906 4359 p.
930 4293 994 4345 398:
1018 4291 1141 4359 Νουμᾶς
1163 4285 1235 4359 μετὰ
1255 4284 1399 4358 ‘Poipolor

255 4383 458 4396 ——a--u-—u—

340 4441 359 4492 8
374 4438 479 4510 captat
493 4434 555 4488 cod.
577 4425 590 4512 ΙΙ
605 4430 720 4490 relatus
739 4433 949 4490 Mommseuus:
966 4431 1094 4492 sellatua
1109 4436 1173 4491 cod.
