3072 5064
343 419 576 466 svrrnnaaars
593 421 682 464 uram
704 421 748 466 on
769 421 856 466 aare
882 421 1086 466 nousaeavrr
1220 401 1282 466 1811

138 569 218 620 iecit:
242 577 272 622 et
281 572 413 622 Ianuario
431 571 539 636 quidem
553 571 612 622 dies
624 585 690 636 quos
703 571 818 624 dicimus
831 577 955 637 quartum
974 577 1003 622 et
1017 573 1127 624 tertium
1140 571 1281 623 Kalendas

139 639 307 690 Februarias
318 640 407 701 dedit,
424 639 514 704 Aprili
531 643 637 690 sextum
648 639 791 692 Kalendas
802 641 906 702 lisias,
923 641 1001 690 Iunio
1018 641 1129 690 tertium
1140 640 1281 692 Kalendas

137 706 230 768 iulias,
243 709 370 772 Angusto
382 713 507 771 quartum
525 713 553 756 ct
571 707 681 756 tertium
693 707 837 758 Kalendas
850 708 1040 772 Septembres,
1054 708 1208 773 Septembri
1226 713 1280 758 ter-

137 776 202 824 tium
215 773 361 825 Kalendas
373 773 517 834 Octobres,
529 775 678 824 Nouembri
690 776 800 825 tertium
812 775 954 826 Kalendas
966 775 1149 838 Decembres,
1162 775 1280 826 Decem-

138 841 178 890 bri
189 857 257 892 uero
270 848 397 907 quartum
410 849 438 892 et
450 841 560 892 tertium
571 842 713 892 Kalendas
722 843 877 892 lanuarias.
898 842 936 892 10.
947 843 988 891 ita
998 842 1101 892 iactum
1114 847 1156 892 est
1168 849 1205 904 ut,
1219 858 1280 892 cum

137 925 229 960 omnes
243 911 272 960 bi
291 925 401 960 menses
415 909 511 974 quibus
530 910 589 960 dies
608 910 712 960 addidit
729 915 794 962 aute
811 910 884 960 hane
901 911 1100 960 ordinationem
1118 909 1280 960 habuissent

136 979 238 1026 mensis
251 977 393 1042 sequentis
405 977 548 1028 Kalendas
566 977 600 1028 sd
618 979 763 1042 septimum
781 978 915 1028 decimum
927 981 1112 1038 reuertentes,
1130 984 1228 1042 poetes
1246 993 1280 1028 ea

136 1051 284 1110 augmemo
304 1045 457 1096 additarum
474 1045 578 1095 dierum
594 1045 623 1094 hi
646 1046 692 1110 qui
712 1045 779 1096 duos
796 1051 964 1110 aeceperunt
977 1045 1012 1094 ad
1024 1060 1122 1094 nouum
1135 1045 1279 1108 decimum,

136 1113 180 1177 qui
191 1127 260 1162 uero
271 1127 365 1176 mum,
378 1113 413 1163 ad
425 1117 553 1163 octauum
564 1113 698 1163 decimum
707 1113 843 1164 habereut
852 1112 969 1163 reditum
978 1112 1171 1163 Kalendamm.
1188 1111 1227 1161 11.
1238 1113 1278 1162 ie·

135 1181 235 1230 riarum
249 1185 345 1230 umen
358 1181 487 1246 cuiusque
501 1181 603 1230 mensis
616 1180 681 1230 ordo
694 1185 819 1231 seruatus
833 1185 882 1230 est.
895 1195 959 1230 nam
971 1180 995 1229 si
1008 1179 1051 1229 cui
1063 1180 1122 1229 fere
1132 1181 1230 1229 tertius
1242 1181 1277 1231 ab

133 1247 229 1298 idibus
242 1247 303 1298 dies
317 1249 404 1298 testas
417 1253 464 1298 aut
476 1249 593 1298 feriatus
603 1247 656 1297 tuit
668 1253 696 1298 et
708 1253 773 1298 tunc
787 1264 811 1298 a.
826 1249 851 1297 d.
865 1253 971 1298 sextum
984 1249 1118 1298 decimum
1125 1247 1277 1310 dicabatur,

135 1316 217 1364 etiam
230 1320 296 1380 post
308 1321 483 1380 augmentum
495 1315 599 1366 dierum
613 1315 709 1366 eadem
722 1315 819 1380 religio
831 1321 944 1365 seruata
956 1321 1011 1378 est,
1033 1321 1063 1365 ut
1075 1315 1156 1364 tertio
1175 1314 1210 1364 ab
1223 1315 1277 1365 ldi-

135 1382 183 1432 bus
197 1383 247 1450 *die
260 1383 463 1446 celebraretur,
480 1383 546 1434 lieet
563 1383 598 1432 ab
615 1383 786 1434 incremento
798 1399 853 1434 uon
870 1383 925 1432 iarn
938 1399 964 1433 a.
978 1383 1004 1432 d.
1022 1387 1127 1432 sextum
1144 1381 1278 1432 decimum

133 1450 277 1500 Kalendas
289 1451 338 1500 sed
353 1466 378 1500 a.
392 1451 418 1500 d.
432 1451 577 1515 septimum
589 1449 734 1513 decimani
745 1451 769 1500 si
780 1465 858 1512 unus,
871 1466 898 1501 a
911 1450 936 1500 d.
950 1457 1078 1500 octauum
1093 1450 1241 1512 decimum,
1254 1449 1278 1499 si

133 1517 185 1566 duo
203 1523 268 1567 sunt
286 1518 381 1580 additi,
399 1517 545 1568 diceretur.
578 1518 616 1567 12.
635 1533 699 1569 uam
712 1517 774 1568 ideo
791 1533 876 1568 nouos
889 1518 948 1568 dies
966 1519 1042 1568 eirea
1054 1515 1133 1568 tinam
1147 1517 1276 1581 cuiusque

133 1587 236 1636 mensis
247 1586 379 1647 inseruit,
391 1585 439 1636 ubi
451 1585 532 1636 linem
546 1586 665 1638 omnium
677 1601 748 1650 quae
760 1587 789 1635 iu
802 1601 895 1636 mensa
909 1592 989 1636 erant
999 1585 1122 1650 repperit
1137 1583 1276 1648 feriarum,

133 1653 313 1717 adiectosque
326 1665 420 1703 omnes
433 1669 450 1702 a
461 1667 492 1704 se
504 1654 658 1704 diesisstos
669 1654 791 1717 notauit,
804 1659 834 1704 ιιι
845 1653 976 1704 maiorem
988 1653 1067 1704 daret
1079 1651 1234 1703 actiombus
1246 1651 1277 1702 li·

133 1719 286 1770 bertstem:
300 1727 391 1771 etnon
401 1720 487 1770 solum
495 1721 597 1772 nullum
609 1721 749 1772 nefastum
762 1722 810 1772 sed
822 1736 875 1771 uec
888 1721 1053 1770 comitialem
1067 1735 1228 1786 quemquam
1242 1719 1276 1770 ds

132 1788 250 1837 adiectis
262 1788 360 1838 diebus
372 1789 498 1850 instituit,
511 1803 546 1838 ne
560 1789 737 1839 ambitionem
749 1789 957 1854 magistratuum
965 1794 1080 1853 augeret
1092 1788 1219 1838 adiectio.
1236 1786 1275 1838 13.

131 1856 171 1904 sie
190 1871 293 1906 amum
311 1855 420 1906 ciuilem
439 1855 545 1908 Caesar
564 1856 668 1906 habitis
692 1857 727 1906 ad
747 1856 842 1906 lunam
863 1855 1077 1906 dimensionibus
1100 1857 1277 1906 coustitutum

132 1923 224 1974 edicto
236 1923 331 1990 palam
343 1924 433 1989 posito
445 1923 605 1988 publicauit.
622 1930 650 1973 et
663 1939 738 1974 error
749 1925 888 1988 hucusque
901 1928 976 1974 stare
988 1923 1131 1989 potuisset,
1143 1923 1172 1972 ni
1184 1938 1276 1974 sacer·

130 1990 211 2040 dotes
221 1992 276 2042 sibi
289 2007 409 2042 errorem
420 2007 528 2042 nouuex
540 1993 603 2058 ipsa
615 1992 806 2042 emendatione
819 1992 962 2042 fecissent.
988 2007 1052 2040 nam
1065 2007 1125 2040 cum
1138 1995 1277 2056 oporteret

131 2059 204 2108 diem
222 2063 268 2123 qui
286 2073 321 2109 ex
338 2059 535 2124 quadrantibus
553 2059 636 2110 confit
652 2065 749 2124 quarto
767 2075 873 2124 quoque
893 2073 964 2109 anuo
981 2059 1110 2108 coniecto
1129 2065 1277 2122 autequam

132 2127 242 2189 quintus
255 2127 399 2192 inciperet,
413 2128 593 2178 intercalare:
607 2126 648 2176 illi
661 2132 758 2194 quarto
770 2142 825 2177 non
837 2133 950 2192 peracto
964 2127 1013 2176 sed
1029 2127 1179 2191 incipiente
1191 2127 1275 2176 iuter·

131 2193 273 2244 celabant.
289 2195 329 2244 14.
336 2194 381 2244 hic
392 2209 468 2245 error
479 2209 528 2244 sea
535 2195 682 2260 ettriginta
695 2194 943 2259 aunispermausit:
956 2193 1052 2258 quibus
1065 2195 1144 2243 annis
1156 2194 1276 2244 interos·

131 2260 181 2312 lati
194 2271 260 2311 sunt
272 2263 332 2312 dies
344 2262 502 2323 duodecim,
515 2277 575 2312 cum
588 2264 733 2313 debuerint
745 2262 906 2313 intercalari
917 2277 1025 2311 nouem.
1054 2261 1103 2310 sed
1120 2261 1192 2310 hunc
1210 2275 1275 2325 quo-

131 2343 183 2393 que
196 2343 319 2380 errorem
331 2345 394 2380 sero
407 2330 606 2395 deprehensum
619 2331 738 2381 correxit
746 2333 893 2396 segnatos,
907 2329 952 2394 qui
965 2343 1051 2378 annos
1064 2327 1206 2386 duodecim
1216 2328 1275 2378 sine

130 2397 294 2448 intercalari
306 2398 352 2448 dia
365 2399 481 2463 transigi
494 2398 581 2460 iussit,
594 2397 677 2448 atilli
689 2403 745 2448 tres
758 2399 817 2448 dies
831 2399 877 2462 qni
893 2413 944 2462 per
960 2411 1046 2446 anuos
1059 2395 1174 2460 triginta
1187 2399 1215 2444 et
1226 2409 1276 2446 sea

130 2465 198 2514 uitio
221 2465 403 2516 sacerdotalis
427 2465 614 2516 festinationis
638 2471 818 2516 exercuerant
839 2464 1017 2529 sequentibus
1036 2465 1115 2514 annia
1132 2462 1275 2514 duodecim

128 2532 204 2582 nullo
217 2533 262 2582 die
273 2532 439 2583 intercalato
445 2533 650 2584 denotarentur.
666 2532 704 2582 lt.
712 2539 773 2599 post
783 2533 923 2582 hocuuum
929 2531 1155 2582 diemseeundum
1167 2529 1274 2580 ordina-

128 2599 233 2650 tionem
246 2601 377 2650 caesaria
393 2601 487 2665 quinto
502 2616 608 2667 qnoque
617 2602 768 2666 incipiente
779 2615 851 2652 anuo
860 2599 1022 2650 intercalari
1030 2599 1119 2660 iussit,
1130 2603 1158 2648 et
1168 2612 1274 2648 omnem

128 2667 201 2718 bunc
214 2669 339 2718 ordinem
351 2683 452 2720 aereae
465 2669 577 2718 tabulae
591 2669 626 2719 ad
639 2677 782 2719 aeternam
795 2669 947 2718 aristodium
958 2667 1092 2716 incisione
1105 2667 1257 2716 mandauit.

214 2737 374 2786 Macrobius
390 2743 442 2786 sat.
455 2737 477 2797 l,
497 2735 541 2800 15,
559 2737 584 2787 4.
619 2737 662 2786 De
680 2736 814 2786 Kalendis
829 2737 915 2786 Nonis
933 2741 961 2784 et
976 2735 1070 2784 Idibus
1085 2734 1174 2797 deque
1191 2733 1274 2784 leria-

128 2819 187 2852 rum
211 2805 299 2854 uariis
322 2804 558 2854 obseruationibus
581 2805 737 2854 innumeros
766 2809 893 2855 auctores
916 2817 983 2852 cura
1006 2802 1174 2866 quaestionis
1198 2817 1274 2852 eaor·

128 2872 199 2921 cuit:
215 2877 244 2922 et
255 2872 319 2922 ideo
331 2887 381 2921 nos
394 2887 463 2936 quac
476 2873 510 2922 de
523 2872 565 2922 bis
579 2873 614 2921 ab
627 2873 752 2922 omnibns
764 2871 955 2922 messeanam
968 2885 1050 2920 unum
1063 2870 1185 2920 breuiter
1197 2868 1274 2920 colli·

127 2941 226 3002 gimus.
239 2939 265 2988 t.
280 2939 409 2990 Romulus
423 2953 482 2990 cum
494 2939 606 3005 ingenio
620 2941 678 2990 acri
691 2940 853 3004 quidemaed
866 2940 969 3004 agresti
982 2938 1192 3002 statumproprii
1204 2937 1274 2986 ordi·

126 3013 210 3056 naret
222 3007 331 3072 imperii
342 3007 449 3056 initium
456 3008 585 3072 cuiusque
592 3007 694 3058 mensis
708 3024 741 3057 ea
752 3007 801 3057 illo
813 3009 940 3057 sumebat
950 3007 994 3056 die
1007 3021 1059 3070 qne
1070 3021 1170 3056 nouam
1182 3005 1275 3056 lunam

126 3075 293 3140 contigisset
310 3074 406 3124 uideri.
423 3074 448 3124 11.
468 3077 533 3139 quia
550 3091 605 3126 nou
623 3075 752 3126 continuo
768 3075 862 3126 euenit
878 3081 909 3124 ut
926 3073 1021 3124 eodem
1038 3075 1083 3123 die
1100 3088 1209 3138 semper
1225 3089 1273 3137 ap·

125 3149 236 3208 pareat,
249 3142 299 3191 sed
311 3143 390 3192 modo
402 3143 506 3194 tardius
518 3143 597 3194 ruodo
608 3142 724 3194 celerius
734 3159 767 3194 ea
778 3144 861 3194 certis
871 3143 962 3194 causis
971 3141 1059 3192 uideri
1067 3141 1148 3204 solet,
1159 3140 1275 3205 contigit

125 3219 154 3260 ut
167 3227 229 3260 eum
243 3209 349 3260 tardius
362 3211 490 3275 apparuit
507 3211 686 3274 praecedenti
704 3211 792 3262 mensi
809 3210 902 3276 plures
921 3210 993 3271 dies,
1012 3215 1060 3260 aet
1078 3225 1139 3259 cum
1156 3208 1274 3259 celerius

126 3279 276 3342 pauciores
294 3278 436 3328 darentur:
471 3284 499 3327 et
521 3279 637 3343 singulis
660 3279 811 3344 quibusque
834 3279 973 3328 mensibus
990 3282 1151 3343 perpetuam
1169 3275 1274 3326 numeri

126 3349 218 3410 legem
235 3346 339 3412 primus
357 3360 438 3396 casus
456 3347 567 3396 addixit.
592 3347 632 3397 sic
651 3348 754 3396 iactum
772 3352 815 3396 eat
832 3352 862 3395 ut
879 3345 928 3396 alii
945 3347 1060 3410 triginta
1078 3351 1205 3394 etenum
1224 3343 1274 3393 alii

124 3413 318 3479 undetriginta
334 3413 495 3464 sortirentur
511 3415 579 3464 dies.
604 3414 628 3463 7.
648 3415 772 3466 omnibus
795 3421 888 3464 tamen
905 3413 1045 3462 mensibus
1062 3427 1096 3462 ex
1113 3411 1158 3462 die
1180 3411 1272 3461 Noua·

125 3497 184 3530 rum
196 3482 263 3532 Idus
276 3495 348 3531 nouo
361 3481 405 3532 die
418 3483 623 3546 repraesentari
635 3483 751 3548 placuit:
771 3488 798 3531 et
806 3482 879 3531 inter
890 3481 954 3531 ldns
966 3495 1000 3530 ac
1011 3483 1159 3544 sequentes
1169 3477 1272 3530 Kalen·

125 3550 176 3598 das
194 3549 373 3600 consumtum
392 3554 434 3598 ost
450 3548 571 3599 sedecim
588 3550 647 3600 dies
664 3563 725 3600 esse
742 3550 934 3600 numerandos.
963 3548 1026 3598 ideo
1043 3547 1145 3596 mensis
1162 3545 1273 3596 uberior

124 3617 192 3666 dnos
210 3617 276 3666 illos
294 3617 392 3680 quibus
410 3617 564 3682 augebatur
580 3617 639 3668 dies
655 3617 728 3668 inter
744 3617 885 3668 Kalendas
902 3631 968 3666 snas
989 3621 1018 3666 et
1029 3616 1122 3666 Nonas
1139 3613 1270 3664 habebat.

123 3684 189 3734 binc
200 3684 267 3736 aliis
280 3685 389 3748 quintus
404 3700 420 3733 a
432 3684 566 3735 Kalendis
578 3685 636 3736 dies
650 3685 712 3736 aliis
725 3687 856 3751 septimus
866 3685 960 3736 Nonas
972 3683 1050 3734 iacit.
1074 3681 1100 3732 8.
1113 3681 1220 3732 Caesar
1230 3685 1272 3730 ta-

126 3767 188 3802 mea
204 3757 237 3802 ut
253 3767 338 3817 supra
350 3753 467 3802 diximus
484 3757 559 3802 stata
577 3767 658 3804 sacra
675 3753 831 3804 custodiens
851 3769 904 3803 nec
916 3750 1012 3802 inillis
1023 3749 1163 3801 mensibus
1174 3749 1273 3813 quibus

124 3821 205 3870 binos
216 3821 322 3870 adiecit
331 3820 390 3870 dies
400 3821 523 3870 ordinem
532 3820 618 3871 uoluit
627 3826 732 3872 mutare
739 3822 885 3883 Nonarum,
899 3820 964 3886 quia
972 3819 1093 3886 peractis
1102 3818 1185 3868 totius
1196 3831 1271 3866 meu·

124 3888 164 3937 aia
176 3889 255 3938 seriis
267 3889 328 3938 dies
341 3903 404 3938 suos
416 3889 457 3937 rei
469 3888 580 3938 diuinae
594 3895 690 3939 cautus
701 3890 824 3940 inseruit,
842 3887 867 3938 9.
881 3889 979 3954 priscis
992 3902 1058 3952 ergo
1070 3885 1180 3946 diebus,
1194 3889 1270 3934 ante-

124 3971 206 4021 quam
219 3956 289 4006 fasti
302 3971 319 4006 a
329 3955 378 4006 Cu.
392 3956 490 4006 Flauio
502 3955 594 4006 scriba
605 3957 698 4006 inuitis
711 3957 838 4009 Patribus
850 3957 880 4006 iu
896 3957 1016 4008 omnium
1031 3954 1158 4004 notitiam
1174 3951 1270 4017 prode·

123 4029 234 4088 rennuit,
252 4023 376 4090 pontifici
393 4025 491 4074 minori
507 4024 578 4074 liaeo
590 4025 732 4089 prouincia
751 4025 945 4090 delegabatur,
962 4029 994 4073 ut
1009 4037 1098 4072 nouae
1109 4021 1198 4086 ,lunae
1216 4021 1271 4085 pri·

122 4107 196 4142 mum
208 4091 374 4144 obseruaret
386 4098 525 4156 aspectum
542 4092 683 4156 uisamque
700 4095 760 4158 regi
776 4092 932 4144 sacrificulo
949 4093 1097 4142 nuntiaret.
1123 4088 1164 4138 10.
1176 4088 1270 4154 itaque

122 4161 262 4210 saculicio
280 4176 298 4210 a
309 4175 376 4224 rege
390 4165 418 4208 et
429 4159 533 4210 minora
546 4160 674 4226 pontifice
688 4159 829 4214 celebrato
845 4161 918 4210 idem
939 4160 1064 4226 pontifex
1081 4157 1175 4208 calata
1187 4155 1215 4206 id
1228 4162 1271 4206 est

121 4235 226 4279 uocata
242 4229 272 4278 in
285 4227 453 4292 Capitolium
469 4227 550 4292 plebe
569 4229 646 4278 iuxta
670 4230 773 4280 curiam
792 4228 950 4291 Calabram,
970 4241 1041 4292 qnae
1060 4241 1143 4276 casae
1161 4223 1270 4274 Romuli
1367 4231 1370 4238 '

121 4298 248 4361 proxima
261 4301 313 4359 est,
332 4299 398 4359 quot
416 4311 528 4345 numero
546 4295 605 4346 dies
624 4312 641 4346 a
653 4295 786 4348 Kalendis
804 4297 839 4346 ad
850 4297 943 4347 Nonas
960 4299 1136 4360 superessent
1151 4308 1269 4357 pronun·

121 4365 229 4414 tiabat:
248 4370 277 4414 et
294 4365 443 4430 quintanas
460 4365 567 4429 quidem
581 4365 654 4415 dieto
676 4365 819 4430 quinquies
835 4365 921 4415 uerbo
943 4362 1034 4425 said,
1046 4361 1214 4427 septimanas
1226 4377 1268 4411 re·

120 4432 210 4500 petito
227 4435 334 4502 septies
349 4431 541 4498 praedicabat.
568 4431 607 4482 11.
625 4435 738 4484 uerbum
757 4437 848 4486 autem
864 4431 942 4486 aeid
960 4433 1096 4484 Graecum
1113 4435 1167 4494 est,
1186 4430 1270 4484 idest
