3190 5098
163 432 172 442 .
256 385 318 444 450
591 398 815 449 orsnsrrosss
833 397 1058 439 svn'ronmnaa

258 563 362 634 cerpta
389 553 498 612 ceteris
519 551 646 610 testibus
671 545 815 610 adhibitis
841 549 1031 608 emendasse.
1068 547 1293 608 =Aldhclminna
1319 547 1397 606 enim

258 658 394 717 ordinem
419 654 637 716 Suetonienum
664 673 724 711 non
752 663 875 712 servant
903 672 971 710 cum
998 651 1049 710 nic
1079 650 1118 710 ud
1149 650 1322 710 animalium
1345 669 1396 724 ge·

259 780 333 820 nera
354 778 446 818 voces
470 755 652 834 disposuerit
669 756 702 812 in
726 757 786 814 illis
811 776 883 814 vero
913 755 959 830 ad,
973 754 1090 813 litteras
1119 773 1174 811 eae
1194 753 1397 832 proferantur.

259 882 359 940 neque
376 861 485 920 desunt
500 857 530 916 in
542 858 588 916 bis
602 877 680 937 quae
693 867 798 936 aperte
815 856 1025 936 interpolatori
1038 855 1195 928 debentur,
1213 875 1312 914 cuma
1330 875 1399 913 con-

260 963 326 1023 silio
346 960 472 1033 ‚Suetoni
487 981 580 1018 voces
602 959 799 1018 animantium
819 961 1006 1018 recensentis
1028 960 1123 1017 haece
1142 958 1281 1036 profecto
1301 959 1401 1017 aliena

261 1066 337 1126 sint:
365 1071 598 1136 armunensem,
614 1080 664 1120 uos
682 1065 778 1130 tinnit,
797 1063 938 1134 amphora
950 1063 1076 1135 profuso
1092 1064 1194 1130 bilibit,
1210 1065 1341 1119 citharae
1355 1079 1400 1144 so-

261 1176 346 1236 irunt,
362 1168 475 1238 Iupiter
490 1175 569 1222 torret
587 1175 618 1222 ut
631 1167 749 1238 fribulae
766 1167 893 1238 firrprrnt,
913 1165 1041 1238 insontes
1058 1168 1191 1236 uopiuut,
1207 1169 1304 1223 littora
1324 1185 1401 1222 merr-

263 1279 394 1340 murnnt‚
414 1272 505 1325 siluae
520 1275 667 1340 strepunt,
686 1271 765 1324 acerui
774 1271 847 1340 strrrrt
866 1271 912 1324 uel
928 1275 1053 1324 tremunt
1066 1269 1114 1323 uel
1128 1269 1254 1336 sibilant,
1277 1270 1404 1324 tronrines

263 1377 435 1446 loquuntur,
453 1349 555 1426 rustici
569 1371 697 1432 iubilant.

350 1473 438 1549 erae
454 1471 651 1546 grammatica
667 1477 820 1548 pratorum
836 1469 953 1530 indoles
966 1473 1128 1530 manifesto
1147 1470 1298 1529 indicatur
1313 1471 1403 1527 etiam

266 1574 444 1634 differentiis
472 1572 534 1631 illis
556 1591 725 1631 sermonum
748 1590 823 1651 quas
848 1591 887 1630 ex
908 1571 1013 1631 codice
1035 1573 1105 1632 olim
1131 1573 1303 1631 Bnhcriano
1325 1591 1405 1630 nnnc

265 1675 712 1754 lllontepcssnlan'oDorvillius
726 1675 756 1732 in
768 1674 893 1732 miscell.
909 1672 972 1732 obs
987 1673 1052 1732 crit.
1065 1695 1137 1732 nov.
1147 1675 1242 1734 VIIII
1249 1681 1406 1754 psttsqq.
1430 1731 1432 1736 .

266 1779 382 1860 publici
397 1779 470 1836 iuris
485 1777 568 1834 fecit..
599 1795 727 1855 quarum
742 1776 772 1834 in
788 1777 847 1835 fine
868 1777 980 1836 diserte
996 1785 1114 1854 pratum
1138 1773 1264 1834 Suetoni
1281 1778 1405 1834 citatur:

267 1885 386 1955 explicit
400 1882 601 1954 praescriptae
614 1882 767 1936 ucrlmrum
781 1881 963 1952 differentiae
977 1897 1016 1936 cc
1031 1880 1103 1936 libro
1120 1880 1238 1936 Suetoni
1255 1881 1408 1952 Tranquil-

267 1988 319 2043 lini
329 1987 380 2057 qui
391 1983 557 2041 inscribitur
572 1989 698 2053 protum.
724 1981 771 2038 cui
784 1999 901 2038 omnem
913 1979 977 2038 fere
990 1979 1081 2037 fidem
1094 1978 1254 2056 derogavit
1268 1979 1408 2038 Ititsclrc·

269 2086 328 2145 lius
346 2083 544 2164 pere1·g.lp·
563 2088 623 2145 ert.
659 2103 758 2162 neque
778 2089 878 2161 potest
893 2082 999 2159 negari
1018 2080 1113 2140 multa
1128 2081 1160 2139 in
1173 2081 1220 2140 his
1242 2081 1306 2158 legi
1331 2099 1409 2160 quac

271 2187 417 2248 Suetonio
439 2185 558 2244 omnino
584 2184 709 2259 indigns
728 2183 899 2244 videantur.
934 2184 1028 2268 nihilo
1052 2185 1149 2242 minus
1179 2183 1319 2264 equidem
1344 2202 1410 2240 cum

272 2287 425 2366 explicare
454 2305 514 2345 non
541 2305 663 2364 possem
693 2285 745 2364 qui
774 2287 890 2346 factum
916 2297 998 2346 esset
1023 2293 1056 2345 ut
1080 2287 1149 2345 talis
1176 2283 1357 2364 subscriptio
1380 2285 1410 2342 in

271 2389 331 2448 fine
362 2388 598 2447 differentiarum
619 2387 789 2464 legeretur,
822 2390 846 2446 si
867 2390 898 2476 in
920 2390 964 2448 eis
988 2389 1062 2448 nilril
1084 2388 1290 2449 Suetonianae
1313 2385 1410 2444 erudi·

272 2491 363 2549 tionis
382 2510 473 2568 super
491 2498 587 2561 essct,
605 2488 635 2547 in
648 2510 710 2548 rem
727 2493 898 2549 accuratius
916 2492 1069 2570 inquirere
1082 2493 1182 2550 statui.
1208 2487 1413 2548 inscribuntur

272 2593 363 2670 igitur
387 2591 445 2650 hae
468 2589 657 2650 differentiae
680 2593 738 2651 sic:
777 2597 917 2666 incipiunt
940 2595 1123 2667 differentiae
1145 2611 1307 2652 sermonum
1331 2593 1415 2649 Remi

273 2697 435 2754 Polemonis
452 2709 491 2750 ec
507 2696 579 2750 libro
594 2695 721 2752 Suetoni.
747 2695 807 2754 iam
822 2715 895 2753 vere
913 2695 1031 2753 Remmi
1045 2695 1240 2756 Palaemonis
1256 2695 1311 2754 hes
1329 2695 1412 2753 diffc-

274 2797 388 2858 rentias
404 2815 465 2853 non
480 2814 548 2853 esse
563 2815 622 2853 uno
638 2795 694 2855 sed
711 2797 762 2854 vix
782 2796 973 2872 infringendo
990 2797 1162 2856 testimonio
1182 2800 1331 2873 efficitur3
1362 2795 1413 2854 ad·

276 2899 421 2977 scriptum
435 2897 513 2954 enim
530 2904 577 2954 est
591 2895 672 2975 apud
684 2897 904 2976 Hieronymum
920 2901 1083 2958 memoriae
1096 2899 1214 2958 Remmi
1223 2897 1415 2958 Palaemonis

276 2999 465 3078 grammatici
478 2997 520 3076 (p.
537 3007 637 3076 nosq.
652 2996 735 3076 adn.)
751 2997 809 3055 hoc
826 2997 1073 3072 additamentum,
1086 2999 1167 3081 qnod
1180 3001 1218 3060 ab
1227 3003 1415 3079 Hieronymo

278 3099 472 3162 Suetonianis
497 3099 824 3178 excerptis'adiectum
845 3099 980 3160 videtur:
1020 3109 1071 3177 qui
1089 3107 1231 3178 oriundum
1257 3109 1417 3178 interrepe-

278 3213 324 3262 tns
339 3207 409 3277 quid
425 3205 501 3259 inter
518 3205 622 3260 stillum
645 3214 673 3261 ct
690 3213 799 3278 puttam
822 3207 985 3276 interesset,
1003 3207 1110 3280 ‘prtem'
1128 3209 1218 3279 inan't
1239 3185 1326 3274 ‘stoc
1342 3208 1417 3263 stillo

278 3305 379 3363 cudit.’
399 3311 504 3361 contra
519 3304 551 3362 in
567 3304 613 3363 his
630 3304 808 3364 differentiis
823 3325 853 3384 p.
870 3315 921 3368 292
932 3285 1009 3366 lracc
1024 3307 1179 3384 leguntur:
1195 3317 1276 3383 pretia
1288 3311 1417 3366 imbrium

280 3415 337 3476 est,
354 3409 431 3463 stillo
447 3409 501 3462 otei
515 3409 562 3464 uct
580 3411 661 3465 necti.
694 3406 748 3466 sed
772 3407 862 3466 etiam
879 3405 1015 3467 indicare
1030 3407 1103 3468 licet
1119 3409 1193 3490 quid
1212 3429 1316 3468 ansam
1331 3409 1418 3467 huius

281 3507 488 3586 inscriptionis
500 3507 662 3584 fingendae
674 3509 856 3588 praebuerit.
874 3529 912 3568 ex
928 3511 1103 3589 apographo
1116 3513 1195 3570 enim
1210 3511 1316 3584 harum
1335 3509 1418 3569 dilic-

281 3611 445 3668 rentiamm
464 3628 482 3666 a
501 3609 666 3670 Duebncro
691 3612 772 3670 tacto
795 3613 879 3670 ouius
900 3629 987 3669 nsum
1003 3612 1190 3672 Bitschclius
1210 3609 1419 3673 liberalissime
1483 3605 1487 3610 ⁵

283 3711 354 3768 mihi
370 3712 521 3769 concessit
542 3710 633 3770 didici
650 3723 720 3774 ante
736 3715 791 3772 has
809 3713 993 3772 differentias
1010 3715 1039 3772 in
1055 3700 1299 3788 ecdcm'codice,
1313 3716 1364 3794 qni
1377 3715 1420 3774 di·

283 3813 473 3871 versissimas
481 3813 718 3874 differentiarum
731 3816 936 3874 conlectiones
945 3816 1080 3874 continet
1093 3814 1146 3892 (cf.
1157 3817 1316 3896 catalogue
1329 3818 1419 3895 gind-

256 3948 261 3961 ·
284 3913 330 3972 ral
343 3913 397 3971 des
408 3934 542 3974 manusc.
556 3915 610 3975 des
626 3915 762 3976 biblioth.
781 3916 835 3976 des
848 3917 964 3996 depart.
978 3918 994 3976 I
1003 3939 1032 3996 p.
1045 3917 1180 3998 sessu),
1197 3919 1423 3979 adnotationem

283 4015 556 4096 illamllieronymi
569 4019 725 4078 sicreforri
735 4041 741 4078 :
751 4023 885 4094 palemon
898 4023 1040 4080 oicctenus
1054 4021 1086 4094 (i.
1097 4041 1122 4080 c.
1140 4023 1293 4096 l'icetinus)
1307 4025 1424 4096 insiprris

284 4122 491 4192 prurnmutr'eus
505 4119 586 4178 romei
600 4124 723 4178 babetur
737 4126 787 4195 qui
797 4125 938 4195 putendum
957 4127 1151 4199 interropntus
1167 4145 1193 4183 e.
1212 4145 1241 4204 q.
1258 4145 1281 4182 s.
1314 4121 1423 4181 deinde

287 4219 440 4296 seqnitur:
469 4223 609 4294 incipiunt
625 4227 806 4296 differentiae
821 4226 905 4281 Remi
918 4227 1080 4284 Polemonis
1096 4243 1134 4284 ex
1149 4227 1221 4284 libro
1241 4227 1365 4284 Suetoni.
1393 4231 1425 4282 ut

288 4318 436 4398 adpareat
452 4321 531 4380 hunc
547 4321 679 4382 indicem
691 4327 800 4402 partim
810 4345 848 4385 cx
859 4325 916 4384 hnc
931 4329 1074 4386 memoria
1089 4329 1198 4406 partim
1219 4347 1256 4384 cx
1275 4323 1424 4402 subscrip·

287 4421 369 4480 tione
379 4423 433 4481 illa
446 4432 603 4483 consutum
618 4445 696 4485 esse.
712 4427 772 4486 iam
783 4447 855 4488 vcro
869 4430 951 4508 ipsas
964 4429 1150 4488 differentias
1162 4437 1370 4507 perscrutatus
1383 4425 1425 4484 in·
