3190 5098
680 421 784 465 oarvr
800 421 838 462 ru
928 371 937 383 “
1263 397 1325 460 475

188 595 250 638 non
268 574 350 658 quod
366 573 495 636 Varroni
511 575 663 634 contraria
674 573 810 634 docuerit
825 573 990 635 Suetonius
1003 603 1046 618 ·-
1061 571 1150 632 immo
1163 589 1236 631 vero
1249 569 1327 631 Var-

189 681 347 740 ronianam
363 677 563 738 eruditionem
580 677 746 756 praecipue
759 675 886 736 Suetoni
908 694 1003 754 opera
1024 675 1154 755 posteris
1175 683 1326 734 serratam

190 801 259 842 esse
275 780 483 840 contenderim
499 813 541 826 -
557 779 612 840 sed
628 780 699 861 quia
713 779 877 841 Suetonius
893 787 923 837 et
934 778 1074 838 faciliora
1088 775 1128 838 ad
1144 777 1326 855 intellegen-

190 882 261 943 dum
278 893 402 963 propter
416 885 513 964 ipsam
532 882 712 942 brevitatem
725 889 755 942 et
776 879 1047 940 accommodatiora
1065 878 1105 940 ad
1127 888 1248 958 captum
1272 879 1326 938 ho·

62 977 77 996 ⁶
188 1005 253 1046 rum
270 995 439 1064 temporum
453 984 603 1046 tradebat.
632 985 770 1046 nimirum
787 983 868 1065 qnod
887 982 1016 1049 facilius,
1027 1001 1065 1044 ex
1082 983 1228 1044 Suetonio
1250 982 1326 1042 anti·

171 1073 268 1169 'quae
284 1087 463 1148 eruditionis
478 1089 586 1166 copiae
600 1085 820 1148 hauriebantur
835 1087 983 1147 Varronis
998 1085 1067 1145 libri
1085 1104 1145 1145 non
1166 1089 1257 1146 etiam
1273 1083 1327 1144 ad·

189 1190 277 1250 bibiti
293 1199 372 1251 sunt.
408 1209 468 1270 qna
488 1210 522 1249 re
546 1197 781 1250 consentaneum
801 1198 862 1263 est,
883 1209 951 1249 curn
965 1187 1112 1248 Varronis
1133 1190 1246 1266 scripta
1264 1207 1326 1248 ma-

189 1294 235 1372 gis
249 1293 408 1372 magisque
422 1293 659 1370 neglegerentur
670 1299 701 1354 et
715 1311 789 1352 vero
800 1292 944 1371 perirent,
960 1310 996 1350 eo
1016 1291 1129 1350 maiore
1145 1291 1327 1350 auctoritate

190 1393 370 1470 Suetonium
379 1393 523 1454 valuisse.
539 1395 582 1454 sic
595 1403 703 1475 quarto
716 1393 841 1454 saeculo
850 1395 1068 1474 Hieronymus,
1080 1402 1114 1452 nt
1124 1381 1277 1453 historiam
1289 1391 1325 1452 il·

188 1496 249 1557 lam
270 1495 419 1556 bellorum
441 1496 576 1556 civilium
602 1497 750 1569 omittam,
772 1497 848 1556 libro
869 1495 906 1556 dc
928 1495 1105 1556 inlustribus
1123 1495 1212 1569 viris,
1235 1514 1326 1575 quem

189 1591 261 1678 ipse⁸
272 1599 405 1674 imitatus
423 1607 469 1658 est
492 1597 637 1680 cuiusque
660 1600 795 1677 singulas
815 1599 980 1677 particulas
1005 1599 1063 1658 iam
1086 1607 1156 1658 aute
1177 1617 1325 1675 gramma·

188 1702 242 1761 tici
264 1701 360 1761 veluti
383 1701 524 1760 Donatus
541 1701 723 1783 Hieronymi
744 1702 888 1780 magister
904 1710 938 1761 ut
954 1699 1079 1760 scholiis
1097 1699 1327 1780 praemitterent

190 1821 357 1883 excerpere
384 1802 467 1863 soliti
490 1813 592 1876 erant,
621 1805 651 1864 in
672 1803 887 1863 additamentis
911 1801 955 1862 ad‘
972 1803 1139 1863 Eusebium
1167 1821 1240 1862 nsua
1265 1811 1325 1862 est:

190 1905 359 1986 eodemque
386 1905 452 1965 fere
475 1914 610 1984 tempore
633 1905 757 1967 Servius
778 1904 957 1966 Suetonium
983 1907 1013 1964 in
1034 1927 1117 1966 sunm
1147 1925 1232 1966 nsum
1255 1925 1323 1965 con·

188 2010 282 2068 vertit
312 2009 408 2068 veluti
440 2007 533 2068 liliros
565 2007 701 2068 ludicrae
729 2008 876 2067 historiae
906 2017 937 2067 et
965 2018 1070 2086 prata,
1097 2026 1176 2089 quae
1204 2007 1326 2088 quidem

189 2111 256 2189 ipsa
281 2129 443 2190 numquam
473 2111 610 2170 nominat
633 2120 667 2169 nt
697 2111 757 2170 iam
788 2119 850 2168 turn
880 2110 1016 2188 singulas
1041 2119 1194 2188 pratorum
1222 2118 1326 2190 partes
1439 2177 1443 2187 Ι

188 2231 322 2272 scorsum
343 2211 513 2292 descriptas
531 2231 599 2272 esse
616 2211 771 2289 conligere
791 2211 895 2270 liceat.
926 2231 1107 2292 quamquam
1129 2212 1160 2270 in
1176 2231 1325 2272 commen·

188 2313 468 2396 tariisLServianis,
493 2314 606 2394 qnippe
633 2333 708 2394 qnos
728 2314 782 2372 ille
805 2333 844 2372 ex
871 2312 1091 2394 antiquioribus
1111 2313 1326 2395 hypomnema-

188 2417 227 2476 tis
236 2417 397 2476 maximam
408 2425 525 2495 partem
537 2415 747 2495 conpilaverit,
759 2433 834 2476 usus
846 2415 1099 2476 Suetonianornm
1110 2414 1253 2476 librorum
1264 2437 1325 2476 nou

130 2513 152 2583 ⁸,
187 2527 248 2578 tam
262 2518 422 2579 manifesto
438 2517 577 2598 proditur
593 2537 682 2598 quam
698 2517 728 2578 in
744 2517 868 2578 scholiis
881 2516 1102 2592 Beruensibns,
1120 2517 1150 2577 in
1162 2517 1265 2598 primis
1280 2520 1326 2578 eis

188 2639 267 2702 qnae
283 2618 322 2678 ad
339 2619 481 2680 lunilinm
500 2619 532 2680 id
548 2629 595 2682 est
607 2620 826 2702 Philargyrum¹
836 2619 1019 2682 referuntur.
1049 2619 1088 2680 of.
1108 2639 1212 2698 georg.
1228 2620 1259 2680 II
1278 2629 1327 2684 158

189 2723 309 2802 (fragm.
326 2723 399 2785 157*
411 2722 482 2782 adn.
496 2719 576 2801 sup.)
593 2723 712 2782 Irrailias
728 2731 754 2782 et
769 2725 946 2799 Tranquillus
961 2741 1063 2800 georg.
1078 2723 1186 2786 1111u
1204 2721 1326 2802 (fragm.

191 2821 441 2902 160*)Saelom'as
467 2834 492 2882 et
515 2825 641 2884 Iuns'h'as.
673 2825 734 2883 iam
754 2843 827 2884 vero
850 2824 958 2886 eadem
978 2833 1080 2886 aetate
1099 2825 1232 2886 studium
1255 2845 1325 2886 oon·

188 2927 315 3008 spiritur
346 2927 436 2986 etiam
466 2925 674 2986 Suetonianae
709 2926 887 2988 eruditionis
916 2928 947 2986 in
972 2929 1130 3006 angustius
1160 2927 1325 3008 cogendae,

189 3031 274 3088 onius
298 3017 343 3088 rei
367 3029 539 3107 exemplum
558 3029 674 3090 habeas
694 3031 850 3090 metricam
871 3030 995 3090 Paulini
1014 3031 1129 3092 Nolani
1149 3031 1188 3092 de
1203 3033 1326 3111 regibus

188 3131 358 3210 epitomem.
401 3131 490 3190 huius
518 3141 619 3191 autem
647 3133 799 3192 mentione
826 3129 1035 3208 admonemur,
1067 3145 1101 3194 ut
1124 3134 1205 3214 quod
1235 3153 1327 3214 supra

187 3213 376 3312 promisimus
396 3231 528 3292 studium
551 3232 625 3294 illud
647 3255 706 3314 qno
721 3243 827 3300 ,aetate
845 3237 1005 3313 posteriori
1028 3235 1235 3297 Suetonianae
1258 3255 1326 3296 eru·

188 3335 313 3395 ditionis
334 3335 483 3416 reliquiae
506 3335 644 3395 versibus
666 3335 929 3397 conscriberentur
956 3336 1009 3416 (ci.
1030 3359 1060 3418 p.
1083 3347 1133 3403 297
1146 3339 1230 3420 sqq.)
1249 3357 1324 3417 pan·

188 3439 232 3497 cis
248 3437 450 3498 inlustramus.
495 3437 526 3496 in
543 3457 603 3518 qua
616 3456 650 3496 re
666 3436 886 3498 discernendae
903 3449 973 3499 aunt
987 3440 1066 3500 dnae
1084 3447 1211 3514 aetates,
1229 3441 1327 3500 altera

187 3539 321 3612 Ausoni,
337 3540 435 3600 altera
448 3541 543 3619 ipsius
566 3539 659 3599 medii
679 3540 759 3600 aevi.
790 3539 943 3602 Ausonius
965 3542 1045 3601 enim
1067 3541 1190 3602 Paulini
1213 3543 1327 3602 amicus

159 3677 163 3688 .
188 3639 356 3702 Caesarum
365 3641 459 3702 libros
473 3642 653 3702 brevissimo
667 3643 801 3703 carmine
816 3643 847 3702 in
863 3645 1023 3721 epitomem
1039 3653 1198 3726 coegerat,
1215 3642 1326 3705 eidem·

187 3763 248 3824 qne
263 3745 358 3804 aetati
375 3743 561 3804 vindicanda
575 3743 717 3804 videntur
732 3747 866 3805 carmina
884 3746 951 3819 illa,
969 3765 1048 3826 qnae
1065 3747 1097 3806 in
1112 3747 1229 3807 Ausoni
1244 3745 1325 3806 codi-

188 3846 274 3906 cibus
295 3845 438 3924 leguntnr
459 3845 497 3906 de
517 3846 688 3906 nominibus
708 3856 824 3927 septem
846 3847 962 3908 dierum
979 3857 1009 3908 et
1023 3850 1170 3910 mensium
1193 3850 1326 3930 spoetis

188 3947 279 4008 medii
303 3949 372 4008 aevi
393 3949 516 4028 saepius
528 3947 673 4008 imitando
687 3969 842 4028 expressa.
864 3949 1023 4011 bisantem
1038 3951 1112 4030 ipsis
1123 3950 1326 4012 adtribuenda

188 4057 257 4108 sunt
267 4051 402 4109 carmina
414 4049 452 4109 de
466 4049 624 4109 duodecim
637 4053 862 4112 ventis-nam
878 4062 1001 4131 praeter
1010 4053 1080 4112 illos
1096 4057 1250 4130 Tranquilli
1252 4058 1325 4131 phy·

187 4155 238 4210 sici
251 4171 372 4226 versus,
389 4171 466 4233 quos
485 4153 544 4212 iam
562 4151 718 4212 Beckerns
738 4155 899 4232 praeclare
915 4155 974 4216 buo
987 4157 1142 4236 pertinere
1162 4157 1325 4231 intellexit,

188 4252 272 4312 aliud
289 4253 320 4312 in
337 4253 511 4330 anthologia
526 4253 775 4316 Latias-mn
788 4256 922 4317 eiusdem
939 4259 1107 4338 argumenti
1124 4268 1227 4333 extat,
1243 4259 1325 4342 qnod

189 4356 314 4434 egregia
330 4373 397 4414 cum
411 4350 592 4434 Tranquillo
605 4375 637 4406 co
649 4387 657 4404 ι·
797 4352 930 4499 *de
945 4379 1050 4422 versus
1067 4360 1106 4422 de
1119 4361 1248 4422 vocibus
1259 4363 1324 4422 ani-

144 4557 148 4569 Ι
188 4458 347 4533 mentium,
369 4451 595 4619 conpov⁴
900 4463 1110 4526 rurirantenim
1127 4464 1206 4526 haee
1225 4467 1325 4526 omnia
