3064 5064
248 409 306 473 152
565 423 569 431 “
751 427 883 470 nasrvu

244 601 323 644 casu
349 577 405 642 alii
431 599 451 641 a
473 575 580 640 media
607 585 710 642 noete.
755 597 832 640 nem
861 573 1019 640 Chaldaei
1041 596 1062 638 a
1082 573 1299 642 solis'exortu
1322 574 1389 640 diei

244 681 374 744 initium
406 680 530 744 faciunt
560 685 662 743 totum
692 677 726 742 id
754 680 894 766 spatium
922 697 1032 756 uuum,
1054 675 1140 742 diem
1173 675 1388 766 appellantes.

244 781 402 868 Aegyptii
426 789 533 845 autem
556 801 598 842 ex
620 781 713 845 initio
735 781 840 845 noctis
865 779 1030 864 sequentis
1053 779 1120 857 diei
1143 780 1303 866 originem
1323 789 1388 843 tra·

247 957 363 1004 Praetor
381 954 502 1004 urbanus
522 953 568 1020 qui
585 968 658 1004 nunc
678 958 720 1004 est
738 953 838 1018 quique
862 949 979 1016 posthac
1003 952 1064 1002 siret
1087 952 1154 1002 duos
1179 952 1291 1002 lictores
1316 951 1389 1018 apud

248 1039 276 1072 sc
295 1023 397 1072 habeto
416 1033 501 1086 usque
521 1037 674 1088 supremam
695 1021 728 1070 ad
747 1021 833 1071 solem
852 1033 980 1068 occasum
1000 1022 1095 1084 iusque
1112 1023 1186 1071 inter
1203 1021 1279 1070 ciues
1292 1020 1388 1071 dicito.

247 1097 308 1156 post
326 1101 480 1155 supremam
500 1091 624 1154 sequitur
641 1105 758 1154 uespere
782 1093 847 1138 ante
871 1093 960 1136 ortum
983 1089 1093 1138 scilicet
1112 1088 1289 1138 ciusstellae
1308 1104 1389 1154 qnam

247 1159 361 1208 Plautus
385 1157 611 1223 ucs'peruginem,
636 1159 741 1207 Ennius
759 1170 919 1222 uesperum,
943 1154 1082 1222 Vergilius
1106 1157 1249 1222 hesperon,
1266 1155 1390 1222 adpellat

247 1225 294 1290 (ef.
318 1227 404 1276 Varro
417 1227 535 1292 deperite
551 1228 641 1290 populi
658 1227 764 1275 lienium¹
780 1225 850 1289 apud
867 1224 1031 1286 numerumn
1052 1226 1077 1274 C.
1092 1225 1124 1274 Ι).
1140 1225 1212 1274 XXI
1227 1228 1250 1282 8,
1270 1227 1285 1273 2
1303 1225 1390 1274 Varro

249 1295 280 1342 h.
295 1295 327 1342 L.
346 1293 406 1343 1⁷11
416 1293 473 1355 50).
493 1293 556 1343 inde
575 1309 655 1360 porro
674 1309 719 1344 cre
740 1293 862 1343 asculum
876 1291 917 1339 sic
937 1292 1055 1341 fortasse
1070 1293 1237 1357 adpellatum
1257 1291 1327 1357 qnod
1345 1307 1390 1342 rea

249 1363 373 1411 incertae
397 1377 529 1426 crepereo
553 1355 682 1411 dicuntur
703 1310 785 1426 idque
809 1363 916 1424 tempus
930 1361 1029 1426 ‚noctis
1057 1362 1093 1420 sit
1117 1375 1152 1409 nn
1176 1361 1232 1410 diei
1255 1361 1390 1409 incertum

249 1436 299 1480 cat.
335 1433 398 1494 post
416 1429 443 1478 id
463 1430 586 1494 sequitur
604 1435 711 1493 tempus
729 1429 800 1492 quod
819 1427 935 1476 dicimus
955 1427 1102 1477 luminibus
1116 1429 1255 1478 accensis:
1282 1428 1390 1494 antiqui

248 1498 336 1563 primu
356 1497 418 1546 laco
438 1496 583 1558 dicebant;
602 1497 701 1546 deinde
722 1495 895 1554 concubium,
915 1508 975 1543 cum
993 1496 1061 1544 itam
1081 1500 1123 1546 est
1136 1496 1270 1558 cubitum
1290 1495 1390 1546 exinde

249 1565 416 1630 intempesta
435 1564 463 1612 id
482 1569 524 1614 est
537 1564 623 1614 multa
635 1580 703 1628 nox,
723 1579 776 1628 qua
795 1562 864 1612 nibil
884 1563 930 1626 agi
949 1563 1155 1628 tempestiuum,
1170 1570 1235 1613 tunc
1255 1561 1335 1629 [cnm]
1355 1563 1392 1614 ed

249 1631 368 1682 mediam
381 1637 490 1682 noctem
501 1632 602 1681 dicitur
616 1631 697 1681 etsie
711 1633 801 1682 media
814 1644 867 1680 nox
884 1644 900 1675 a
920 1643 936 1674 a
953 1630 988 1680 (ι’
1002 1629 1302 1681 SorvinsAen.11268:
1317 1633 1391 1682 ‘suut

201 1725 206 1742 ·
249 1705 341 1749 autem
360 1699 467 1749 solidae
486 1701 576 1750 noctis
595 1704 688 1764 partes
702 1699 850 1749 secundum
862 1701 1011 1748 Varronem
1025 1699 1092 1748 hac:
1112 1714 1230 1764 uespera
1243 1715 1389 1764 crepuscu-

248 1767 304 1816 lum
333 1767 515 1816 conticinium
545 1767 707 1817 'concubium
736 1768 904 1832 intempesta
932 1783 986 1816 nox
1009 1765 1182 1832 gallicinium
1206 1767 1307 1816 lucifer
1332 1781 1390 1816 cre·

243 1832 391 1901 ‘pareculum
405 1835 577 1884 matutinum.
609 1835 679 1884 diei:
699 1851 779 1884 manc
793 1841 869 1885 ortus
882 1835 1010 1884 meridies
1024 1850 1150 1884 occasus.
1181 1835 1214 1884 de
1229 1834 1391 1900 crepusculo

248 1919 314 1951 uero
334 1903 409 1968 quod
424 1905 466 1952 est
484 1901 568 1952 dubis
587 1903 641 1962 lux,
661 1919 723 1966 nam
738 1919 880 1968 creperum
892 1901 1003 1952 dubium
1021 1901 1171 1966 significat,
1191 1903 1343 1966 quaeritur;
1364 1907 1392 1952 et

249 1971 317 2020 licet
339 1971 448 2034 utrique
473 1971 590 2036 temperi
609 1971 698 2035 possit
715 1971 807 2035 iungi,
832 1986 897 2020 usus
921 1977 1013 2019 tamen
1036 1975 1066 2019 ut
1089 1971 1225 2028 matutino
1246 1971 1392 2035 iungemus

249 2038 377 2087 obtinuit.
420 2053 529 2088 manum
556 2053 637 2102 uero,
667 2038 738 2088 uude
763 2044 919 2102 estmanc,
949 2038 1048 2086 bonum
1071 2037 1164 2088 dixere
1187 2037 1317 2088 ueteres'
1354 2039 1390 2088 ci.

249 2106 361 2155 Servius
388 2105 454 2154 Aen.
484 2105 525 2154 111
553 2105 611 2154 587.
651 2107 810 2156 Macrobius
837 2110 888 2155 sat.
917 2105 931 2154 I
958 2103 987 2168 3,
1021 2104 1051 2153 12
1074 2119 1147 2172 sqq.:
1192 2105 1303 2155 ‘Ciuilis
1332 2106 1392 2155 dics

249 2175 289 2223 ita
313 2173 454 2222 diuiditur.
496 2175 612 2238 prirnuur
637 2179 743 2238 tempus
768 2173 824 2222 dici
850 2173 953 2222 dicitur
981 2173 1089 2223 mediae
1113 2173 1203 2223 noctis
1231 2173 1391 2222 inclinatio:

249 2241 348 2292 deiude
373 2241 561 2306 gallicinium,
586 2241 650 2290 inde
670 2242 854 2302 ‚conticinium
874 2256 933 2289 curn
956 2245 984 2289 et
1003 2240 1071 2306 galli
1090 2242 1281 2291 conticescunt
1299 2246 1327 2291 ct
1345 2241 1391 2290 bo-

249 2309 336 2358 miues
356 2311 440 2358 etiam
460 2313 517 2358 tum
536 2310 695 2374 quiescunt:
719 2309 818 2358 deinde
838 2307 1001 2371 diluculum,
1026 2307 1053 2356 id
1078 2313 1121 2358 cst
1145 2323 1205 2358 cum
1229 2309 1328 2375 incipit
1352 2309 1392 2358 di·
1443 2321 1444 2324 ’

249 2377 326 2426 nosci
340 2377 413 2428 dics:
432 2377 495 2426 inde
509 2393 598 2434 mane,
613 2391 673 2426 cmn
687 2377 746 2426 dies
760 2377 851 2426 clarus
865 2382 915 2426 est.
946 2391 1025 2425 mane
1039 2382 1131 2425 autem
1144 2376 1247 2425 dictum
1260 2381 1309 2426 ant
1322 2376 1393 2442 qnod

250 2445 284 2494 ab
299 2445 476 2494 inferioribus
488 2444 568 2506 lociS,
587 2445 614 2493 id
629 2450 671 2493 est
684 2460 700 2493 a
714 2445 852 2506 Manibus,
872 2445 1012 2492 exordium
1025 2441 1094 2493 lucis
1108 2449 1245 2509 emergat,
1260 2451 1308 2494 aut
1322 2443 1392 2509 quod

249 2513 342 2562 uerius
368 2511 434 2561 mihi
459 2513 569 2561 uidetur
593 2513 628 2562 ab
652 2513 741 2562 omine
766 2513 830 2562 boni
855 2512 981 2561 nominis.
1018 2527 1081 2560 narn
1106 2517 1135 2561 et
1152 2512 1292 2560 Lanuuini
1311 2527 1392 2561 mane

249 2595 298 2646 pro
315 2579 387 2630 bono
407 2580 516 2630 dicunt:
537 2581 610 2628 sicut
629 2580 700 2644 apud
719 2595 769 2629 nos
788 2595 895 2644 quoque
914 2579 1082 2629 contrarium
1102 2587 1145 2628 est
1163 2580 1282 2640 inmane,
1302 2584 1333 2628 ut
1351 2583 1392 2628 in·

250 2649 338 2696 manis
363 2646 445 2696 belua
469 2647 514 2696 uel
538 2649 647 2696 inmane
673 2647 783 2697 lacinus
808 2651 836 2696 ct
858 2647 909 2696 hoc
934 2663 1020 2712 genus
1044 2651 1138 2696 cetera
1163 2663 1210 2712 pro
1235 2663 1288 2696 non
1309 2647 1391 2697 bono.

250 2713 350 2764 deiude
371 2731 387 2763 a
405 2730 485 2763 manc
506 2715 540 2763 ad
559 2715 715 2777 meridiem,
740 2715 792 2764 lroc
812 2719 854 2764 est
874 2713 908 2763 nd
927 2715 1044 2764 medium
1063 2715 1133 2764 dici:
1153 2715 1216 2764 iude
1235 2716 1290 2764 iam
1309 2731 1394 2782 supra

250 2787 366 2830 nocetur
384 2786 491 2846 ternpus
510 2781 652 2831 occiduum
672 2787 701 2830 et
718 2797 779 2831 mox
798 2797 926 2847 supreme
944 2788 1108 2846 tempestas,
1133 2781 1185 2832 hoc
1209 2788 1251 2831 eat
1269 2783 1326 2832 diei
1345 2799 1393 2834 no·

249 2849 391 2897 nissimum
410 2854 530 2914 tempus,
551 2851 622 2898 sicut
641 2865 799 2914 expressum
819 2851 907 2898 estin
926 2849 1070 2899 dirodecim
1090 2850 1206 2899 tabulis:
1225 2849 1291 2900 solis
1310 2867 1393 2902 occa-

250 2933 296 2964 sus
315 2931 444 2980 supreme
464 2923 616 2981 tempestas
641 2923 708 2966 esto.
746 2917 845 2966 deinde
869 2933 986 2984 uespera
1011 2917 1081 2982 quod
1105 2917 1254 2967 aGraocis
1273 2923 1394 2967 tractunr

251 2989 301 3032 cst.
339 2982 382 3032 illi
401 2985 473 3033 enirn
492 2975 616 3048 leaenae
635 3001 651 3033 a
670 2984 753 3034 stella
771 2985 897 3050 Hespero
916 2985 1025 3034 dicunt:
1045 2984 1115 3034 unde
1136 2990 1164 3035 et
1181 2985 1317 3051 Hesperia
1336 2987 1394 3036 Ita·

249 3051 303 3111 lia,
323 3051 393 3116 quod
412 3052 524 3102 occasui
543 3053 671 3102 subiecta
689 3053 738 3114 sit,
765 3053 929 3106 nominetur.
967 3054 1002 3102 ab
1026 3052 1077 3102 hoc
1097 3058 1219 3118 tempore
1237 3055 1325 3118 prima
1345 3054 1393 3104 tax

251 3119 362 3182 dieitur,
382 3119 482 3169 deinde
501 3121 638 3169 concubia
657 3126 685 3169 ct
703 3119 766 3169 inde
785 3123 966 3184 intempesta,
992 3135 1061 3185 quae
1085 3135 1140 3170 non
1161 3121 1246 3170 habet
1264 3121 1395 3171 idoneum

250 3191 357 3250 tempus
376 3187 457 3236 rebus
476 3188 612 3252 gerendis.
649 3188 720 3238 haec
744 3193 786 3238 est
809 3187 865 3237 diei
884 3189 976 3237 ciuilis
1001 3203 1017 3236 n
1035 3189 1167 3238 Romanis
1186 3189 1334 3240 obseruata
1353 3189 1394 3240 di-

251 3253 340 3304 uisio'
357 3282 386 3288 —-
401 3253 507 3304 Gellius
521 3255 604 3314 1112,
618 3255 634 3303 2
648 3272 720 3320 sqq.:
736 3255 780 3304 ι111.
795 3255 882 3307 Varro
896 3257 924 3304 in
937 3256 1006 3306 libro
1019 3271 1108 3305 rernm
1121 3256 1299 3306 humanarum
1314 3273 1395 3322 quem

251 3321 284 3371 de
303 3322 400 3372 diebus
419 3323 543 3388 scripsit:
564 3323 709 3385 Homines,
730 3325 833 3388 inquit,
858 3324 904 3388 qui
923 3323 985 3373 iude
1005 3339 1021 3372 a
1040 3322 1132 3373 medie
1151 3329 1232 3374 nocte
1251 3325 1286 3374 ad
1304 3327 1395 3390 proxi·

251 3406 322 3442 mam
341 3391 458 3439 mediam
484 3396 593 3440 noctem
612 3392 640 3440 iu
658 3391 701 3440 his
719 3391 794 3440 horis
812 3391 913 3455 uiginti
933 3395 1063 3456 quattuor
1085 3393 1145 3440 uati
1168 3397 1245 3454 sunt,
1270 3407 1323 3442 une
1348 3393 1395 3442 die

251 3459 309 3507 rrati
329 3458 464 3508 dicuntur.
503 3459 601 3523 quibus
614 3459 707 3509 uerbis
726 3459 766 3508 ita
779 3460 889 3508 uidetur
901 3459 1006 3508 dierum
1020 3459 1241 3509 obseruationem
1255 3459 1394 3522 rliuisisse,

249 3531 280 3573 ut
299 3526 344 3590 qui
363 3533 425 3592 pom
444 3525 528 3575 solem
553 3543 682 3576 occasum
708 3531 772 3575 aute
797 3527 914 3576 mediam
938 3531 1047 3576 noctem
1071 3532 1152 3576 natus
1176 3529 1213 3576 sit
1236 3529 1260 3577 is
1284 3528 1310 3577 ei
1335 3527 1395 3578 dies

251 3595 354 3642 natalis
373 3595 422 3656 sit,
449 3609 536 3658 aquo
555 3595 600 3643 dio
620 3609 654 3644 ea
671 3609 724 3644 nox
744 3595 880 3658 coeperit,
906 3601 1003 3644 contra
1020 3609 1100 3655 uero,
1125 3595 1171 3660 qui
1191 3596 1219 3644 in
1237 3611 1288 3646 serr
1303 3597 1396 3645 noctis

251 3661 325 3710 lroris
343 3662 541 3726 posterioribus
559 3667 700 3723 nascatur,
721 3677 753 3711 eo
772 3661 816 3710 die
836 3661 924 3710 uideri
942 3668 1046 3722 natum,
1067 3663 1113 3728 qui
1131 3667 1193 3728 post
1207 3679 1266 3712 earn
1285 3667 1396 3712 noctem

253 3729 390 3778 diluxerit.
434 3729 617 3778 Athenienses
642 3735 734 3778 arrtcm
759 3727 841 3778 aliter
864 3730 1011 3780 obseruare
1037 3730 1108 3779 idem
1132 3731 1218 3780 Varro
1242 3731 1269 3779 iu
1298 3731 1396 3780 codem

251 3795 322 3846 libro
340 3797 463 3862 scripsit,
489 3811 590 3861 eosque
609 3813 626 3846 a
644 3796 701 3846 sole
721 3812 820 3846 occaso
840 3796 983 3847 adsolem
1006 3799 1103 3847 iterum
1123 3797 1296 3848 occidentem
1315 3815 1395 3848 omne

252 3863 279 3912 ie
299 3863 415 3913 medium
434 3869 541 3930 ternpus
560 3879 641 3914 unum
661 3864 731 3913 diem
752 3879 812 3914 esse
832 3864 933 3915 (licere.
971 3865 1140 3930 Babylonios
1159 3881 1239 3932 porro
1258 3865 1352 3916 aliter:
1379 3883 1396 3916 a

252 3931 310 3980 sole
330 3932 401 3981 enim
421 3937 514 3982 exorto
534 3931 568 3980 ad
583 3937 705 3982 exortum
718 3932 839 3981 ciusdem
852 3932 1029 3998 incipientem
1045 3938 1130 3983 totum
1144 3933 1170 3982 id
1182 3935 1300 3998 spatium
1312 3935 1397 3984 unius

252 3999 308 4047 diei
326 3999 436 4048 nomine
456 3999 612 4064 alrpellare3
637 3998 736 4050 multos
760 4013 825 4049 uero
850 4000 878 4048 in
902 4006 977 4050 terra
994 4001 1108 4050 Vmbria
1131 4015 1213 4050 unum
1233 4007 1260 4051 et
1279 4000 1397 4052 eundem

253 4067 324 4115 diem
344 4081 403 4115 cnse
418 4066 509 4116 dicero
530 4082 546 4116 a
564 4067 676 4116 meridie
696 4067 731 4116 ad
744 4068 934 4132 insequentem
947 4069 1100 4119 meridiem:
1120 4069 1199 4130 Quod
1219 4069 1334 4133 quidem,
1354 4071 1396 4119 in-

253 4135 325 4197 quit,
351 4135 431 4182 nimis
451 4134 597 4184 absurdum
617 4141 666 4184 est.
703 4151 766 4184 narn
790 4136 836 4200 qui
853 4133 987 4185 Kalendis
1006 4137 1073 4186 hora
1092 4141 1170 4185 sexta
1190 4137 1262 4202 apud
1280 4136 1397 4188 Vmbros

253 4206 409 4263 natusest,
433 4201 492 4252 dies
517 4202 575 4253 eius
600 4202 702 4252 natalis
725 4202 816 4252 uideri
833 4203 948 4254 debebit
969 4208 998 4254 et
1015 4203 1203 4254 Kalendarum
1220 4203 1397 4255 dimidiarum

341 4367 352 4416 1
366 4375 385 4414 a
398 4375 451 4413 em.
468 4352 543 4414 B¹M
556 4349 569 4437 ll
585 4355 649 4414 sole
661 4357 685 4416 G
699 4349 713 4438 ΙΙ
728 4355 786 4416 ard
806 4362 854 4416 est
867 4365 963 4417 totum
975 4359 1004 4416 B
1017 4352 1030 4440 ΙΙ
1046 4355 1077 4416 id
1091 4375 1144 4416 om.
1158 4353 1198 4415 B¹
1216 4356 1255 4416 ad
1267 4359 1301 4416 M
1311 4351 1326 4440 ll
1341 4379 1398 4438 ap-

253 4437 451 4518 pellantumA
466 4435 480 4521 Η
495 4441 643 4518 3Aegipti
654 4443 743 4513 (corr.
753 4461 789 4500 m.
799 4445 827 4517 2)
837 4443 872 4498 M
882 4435 895 4523 ΙΙ
911 4443 1137 4522 aequentcaAB
1151 4435 1166 4526 Η
1180 4441 1398 4502 trahuntGrr'a-
