3162 5058
277 389 340 454 304
476 403 592 448 enarra
617 402 792 448 sarronae
816 401 971 446 veneravs
997 399 1200 446 consumere

811 651 886 704 tola

516 773 622 810 VEBSVS
641 773 676 808 DE
695 773 737 808 ¹11
756 771 857 808 vaurts
877 762 1050 816 runcum
1069 771 1183 808 Pffllct

340 875 488 956 Quatuor
511 895 531 936 a
553 873 686 960 quadris
707 874 798 940 uenti
820 871 902 936 flant
919 873 1067 961 partibus
1088 871 1195 938 orbis:

341 977 479 1064 quisque
502 975 565 1039 sibi
587 976 721 1040 comites
744 976 892 1059 geminos
912 973 971 1050 alit
991 975 1173 1042 inferiores.

340 1078 375 1142 hi
396 1078 487 1141 uelut
508 1078 541 1141 in
565 1077 652 1140 circo
674 1077 773 1161 positi
796 1076 857 1140 sub
880 1075 1011 1141 climate
1032 1086 1120 1142 certo

339 1181 388 1244 sic
411 1177 572 1243 elementa
593 1187 740 1257 mouent,
764 1188 801 1241 ut
822 1177 946 1244 eisdem
965 1199 1030 1242 non
1051 1176 1148 1241 simul
1169 1178 1301 1241 instent.

338 1282 366 1344 si
390 1280 537 1344 furerent
555 1281 693 1367 pariter,
717 1300 777 1342 sua
798 1279 917 1366 quippe
940 1280 1121 1343 remitteret
1141 1301 1198 1342 aer
1434 1297 1447 1336 s

338 1381 484 1470 pondera
507 1383 653 1446 continui
674 1381 815 1444 lassatus
838 1381 968 1446 turbine
991 1379 1079 1445 belli.

338 1483 518 1548 succedunt
539 1482 667 1548 uicibus
689 1504 774 1546 nunc
797 1482 849 1547 hic
871 1505 958 1546 nunc
977 1481 1032 1546 ille
1055 1481 1180 1547 solutus

339 1595 371 1650 et
391 1585 490 1649 uertit
511 1593 613 1648 terrae
636 1593 669 1648 et
690 1583 779 1669 cogit
798 1581 974 1648 hebescere
996 1593 1126 1648 nautas.

453 1791 631 1852 Primus
661 1789 932 1852 cardinalis
960 1791 1238 1872 Septentrio

506 1908 696 1958 Laterales
720 1909 794 1960 eius
819 1907 962 1974 Cyreins
986 1913 1019 1958 et
1041 1909 1180 1958 Boreas.

339 2025 470 2090 Primus
493 2023 534 2088 ab
558 2043 620 2088 axe
642 2025 735 2088 uenit
755 2033 972 2111 concretaque
995 2023 1120 2109 frigora
1143 2023 1233 2088 ducit

339 2123 520 2191 emundans
540 2123 711 2210 Scythicas
735 2126 913 2212 septentrio
936 2125 1079 2191 nubibus
1099 2145 1186 2190 oras.

338 2227 467 2292 saeuior
488 2225 549 2292 hoo
571 2225 655 2290 alius
678 2248 742 2290 non
761 2235 826 2310 est3
866 2247 923 2290 seu
946 2228 1108 2312 stringere
1130 2227 1237 2292 siccus

338 2331 408 2394 siue
430 2327 553 2393 (laetas
576 2327 697 2416 pluuiis
718 2349 892 2412 aspergere
913 2330 1057 2415 coeperit
1078 2328 1174 2393 albis.

337 2451 456 2495 nomen
477 2431 639 2514 aparctias
662 2429 761 2492 sumit
780 2427 908 2492 delatus
929 2430 1088 2494 Athenas.

338 2534 457 2596 circius
480 2530 557 2595 huic
578 2530 708 2612 dexter,
731 2529 848 2594 boreas
864 2529 955 2595 uolat
976 2531 1052 2596 iude
1073 2532 1218 2596 sinister.

337 2635 410 2719 quis
431 2631 480 2694 uti
500 2631 626 2697 soleant
645 2631 695 2696 his
719 2631 850 2696 Graeca
873 2631 1033 2698 uocabula
1054 2641 1189 2698 restant.

337 2753 476 2818 namque
495 2732 584 2818 prior
602 2733 716 2818 lingua
737 2733 899 2799 uocitatur
919 2733 1078 2798 thrascias
1099 2735 1172 2816 ille,

337 2843 471 2920 respuat
492 2833 716 2898 hexametrum
737 2837 887 2920 quamuis
910 2857 948 2900 ea
972 2834 1071 2899 dictio
1094 2857 1234 2900 uersum.

337 2937 407 3022 ipse
428 2934 507 2998 facit
527 2933 676 3000 madidos
700 2946 732 3000 et
753 2937 914 3020 grandine
936 2936 1090 3001 uerberat
1112 2957 1220 3024 agros.

337 3035 413 3100 inde
433 3058 572 3121 sequens
594 3034 704 3124 aquilo
729 3037 834 3102 dictus
856 3039 1024 3124 consurgit
1045 3039 1086 3103 ab
1109 3037 1175 3102 alto

336 3137 451 3204 nubila
471 3139 676 3218 concutiens,
696 3137 755 3202 sed
775 3139 879 3204 rarior
901 3141 970 3203 exit
993 3141 1026 3204 in
1047 3138 1178 3204 imbres.

336 3239 477 3324 frigidus
498 3239 628 3324 ignotas
650 3239 784 3304 Rhenus
806 3251 981 3328 exasperat
998 3241 1103 3308 undas

336 3350 369 3404 et
390 3361 493 3428 nuper
514 3339 673 3427 liquidam
693 3341 833 3428 glaciem
856 3343 936 3409 facit
958 3365 1031 3408 esse
1054 3343 1241 3432 procellam.

335 3453 529 3533 perpetuum
551 3454 693 3508 montem
713 3445 777 3507 ium
799 3443 840 3508 de
859 3467 894 3508 se
912 3446 1145 3532 parturientem

336 3546 468 3611 additur
489 3543 605 3611 Aeolio
618 3555 684 3610 tani
708 3565 827 3630 magna
846 3547 992 3634 potentia
1012 3557 1171 3613 monstro:

336 3648 429 3714 hoste
449 3648 510 3714 sub
533 3645 594 3714 hoc
615 3649 720 3714 nudas
743 3649 866 3734 refugit
888 3671 947 3714 sua
967 3649 1072 3736 glorie
1094 3650 1213 3732 siluas,

335 3753 610 3836 conqueriturque
629 3751 761 3816 breuem
782 3749 879 3816 tellus
899 3751 1060 3816 exhausta
1081 3751 1241 3820 decorem.

335 3851 446 3917 omnia
467 3853 635 3916 uincentes
657 3853 712 3916 isti
734 3862 801 3916 tres
819 3851 1034 3917 conlaterales

336 3955 503 4039 suspirant
521 3953 655 4018 tumidis
679 3952 843 4040 hyemalia
864 3964 1011 4040 tempora
1029 3953 1150 4020 buccis.

271 4091 474 4104 -Ι

359 4170 438 4221 151a
467 4163 608 4237 Reppertt
628 4163 731 4221 Theod.
750 4165 889 4221 Ochterur
903 4167 933 4221 io
949 4167 1009 4224 cod.
1034 4167 1216 4224 Braaeetlano
1233 4183 1261 4223 a.
1280 4171 1417 4226 10721s.

271 4247 344 4318 XII,
348 4251 458 4321 publici
464 4253 538 4306 tarta
544 4249 795 4322 secitlls'lschelias
803 4253 833 4306 in
841 4249 915 4306 Mus.
923 4251 1014 4306 Rhea.
1029 4269 1091 4308 noo.
1104 4253 1124 4308 1
1127 4269 1157 4322 ρ.
1170 4256 1302 4324 raosqq„
1314 4255 1419 4310 deinde

273 4333 306 4390 G.
329 4334 478 4392 Beckerus
499 4336 529 4389 tn
548 4336 657 4408 proleq.
680 4336 720 4390 ad
735 4335 878 4392 Isidorum
896 4338 931 4392 de
952 4343 1060 4392 notare
1080 4353 1178 4394 reram
1194 4355 1265 4410 pay.
1284 4337 1416 4412 Χήρᾳ.

270 4419 412 4476 intellexit
424 4419 478 4476 hoc
497 4433 615 4476 carmen
638 4425 728 4492 rapat
748 4419 952 4478 Saetoaianam
977 4423 1105 4478 versitas
1127 4425 1322 4496 conscriptam
1343 4439 1417 4484 ease.
