3190 5098
283 379 344 438 402
618 399 841 446 esurusrrouus
864 385 1095 440 'svarenmrns

283 558 384 608 autem
397 549 601 608 Romanorum
613 545 828 628 Tranquillum
849 551 1008 629 scripsisse
1025 552 1111 610 testis
1131 561 1178 610 est
1196 549 1322 611 Servius
1342 553 1420 612 Aen.

283 651 309 710 V
327 660 397 712 eet:
427 659 458 708 ut
479 655 520 710 eil
541 654 692 720 Suetonius
712 654 912 726 Tranquillus,
932 656 1010 710 lusus
1028 658 1087 728 ipse
1109 671 1188 727 quem
1210 657 1290 728 eulpa
1304 656 1420 728 pprrfri·

281 755 361 810 cltum
376 756 519 827 appellent
537 756 618 810 Troia
635 762 766 819 crocatur,
782 759 860 811 cuius
874 759 1004 829 eripirrcm
1021 761 1161 829 expressit
1177 761 1205 814 λη
1219 758 1287 814 libro
1305 759 1340 814 de
1350 773 1419 829 pue-

259 856 261 860 ’
281 875 375 912 rorum
388 857 490 912 lusibus
505 853 627 932 (fragm.
646 853 718 932 197).
734 875 823 934 quern
840 855 961 914 titulum
974 855 1174 917 Oasaubonus
1186 857 1302 917 Suidae
1318 865 1420 916 aucto-

280 957 370 1015 ritate
393 957 481 1014 nimis
503 956 598 1015 fretus
622 965 795 1035 corruptum
818 956 924 1016 babuit
943 961 977 1016 de
1002 961 1173 1018 Graecorum
1195 962 1297 1017 lumbus
1313 959 1420 1038 reponi

280 1057 403 1117 iubens:
429 1057 483 1116 sed
501 1077 561 1116 non
582 1059 738 1138 reputavit
759 1059 884 1118 Troiam
907 1059 1013 1138 populi
1029 1061 1158 1120 Romani
1179 1061 1276 1120 lusum
1301 1079 1369 1120 esse
1388 1069 1420 1119 et

280 1159 457 1220 Suetonium
473 1161 571 1240 ipsum
588 1161 706 1220 cavisse
718 1157 817 1219 videri
832 1181 871 1220 ne
890 1160 942 1219 ille
960 1181 1027 1220 cum
1045 1163 1135 1222 simili
1147 1163 1336 1224 Graecorum
1350 1163 1419 1222 lusu

280 1281 359 1343 quac
375 1263 432 1321 fuit
448 1262 611 1341 pyrrhiclra
634 1261 765 1340 amplius
789 1261 1038 1323 confunderetur.
1081 1263 1193 1325 deinde
1216 1266 1319 1324 Acron
1341 1265 1416 1322 llor.

279 1375 336 1424 art.
355 1373 436 1444 poet.
458 1372 509 1427 tll
534 1363 654 1442 (fragm.
681 1362 742 1439 lea)
766 1365 900 1424 scabiem
923 1365 1028 1424 ludum
1047 1385 1210 1443 puerorum
1231 1387 1248 1425 a
1271 1368 1419 1428 Suetonio

279 1475 542 1528 commemoratum
559 1486 625 1525 esse
647 1465 796 1544 perhibet.
834 1485 914 1547 quae
936 1487 1004 1525 cum
1020 1469 1213 1546 perpessus,
1233 1468 1419 1528 adduceret

279 1569 400 1630 credam
423 1567 547 1627 Suidam
569 1578 748 1645 argumenta
767 1567 905 1628 ludicrae
930 1568 1074 1628 historiae
1098 1571 1142 1629 sic
1165 1570 1308 1631 debuisse
1331 1591 1416 1630 onar-

278 1692 361 1732 rare:
391 1665 457 1748 περὶ
480 1669 537 1728 τῶν
554 1659 622 1748 παρ’
637 1661 761 1745 Ἕλλησι
782 1669 911 1730 παιδιῶν
932 1666 982 1728 καλ
1006 1662 1129 1748 ἀγώνων
1150 1671 1253 1750 βιβλία
1275 1663 1317 1751 β’.
1348 1669 1416 1749 περὶ

278 1764 336 1833 τ’ὦν
353 1763 432 1852 παρὰ
450 1761 599 1849 Ῥωμαίοις
620 1769 747 1830 παιδιῶν
764 1768 815 1830 καὶ
829 1772 968 1851 θεωριῶν
979 1772 1081 1849 βιβλία
1095 1773 1115 1850 β
1121 1766 1137 1835 '.
1164 1795 1200 1834 en
1214 1785 1315 1855 aptam
1329 1795 1416 1852 argu·

277 1879 370 1936 menti
385 1897 440 1958 per
454 1884 594 1956 quattuor
606 1874 698 1933 libros
711 1874 954 1953 dispositionem,
971 1895 1060 1954 quam
1071 1897 1151 1935 nune
1167 1879 1305 1956 poenitet
1323 1897 1369 1935 me
1385 1877 1417 1934 in

279 1979 405 2039 edendis
422 1979 598 2056 fragmentis
621 1987 758 2038 secutum
775 1997 837 2036 non
860 1997 928 2037 esee
949 1979 1038 2037 nimis
1060 1988 1149 2038 caute
1171 1978 1416 2057 inscriptionibus

278 2103 356 2166 quae
373 2081 503 2140 traditae
520 2090 622 2152 essent
636 2081 775 2139 servatis.

363 2185 495 2243 Primum
520 2185 610 2262 igitur
631 2181 739 2241 librum
762 2180 899 2241 ludicrae
918 2161 1065 2241 lristoriae
1082 2181 1202 2242 Gellius
1225 2182 1245 2240 1.
1265 2202 1290 2240 c.
1308 2181 1414 2258 fragm.

278 2297 326 2350 181
340 2287 447 2346 citavit
457 2265 632 2366 Tranrsuilli
648 2283 892 2343 observationem
905 2283 943 2343 de
952 2284 1062 2344 fidibus
1073 2284 1231 2364 physicam
1244 2283 1413 2362 proferens.

276 2410 336 2471 qua
354 2409 387 2449 re
405 2389 509 2449 nescio
529 2407 568 2446 an
583 2387 719 2445 firmetur
736 2396 841 2445 nostra
858 2385 995 2446 ludicrae
1011 2387 1156 2446 historiae
1173 2387 1412 2458 reconcinnatio,

277 2513 344 2553 eum
361 2493 427 2551 iura
446 2490 600 2570 suspicere
617 2488 832 2568 Tranquillum
850 2487 888 2548 de
905 2489 1054 2567 agonibus
1069 2488 1191 2548 musicis
1209 2487 1413 2568 disputantem

275 2595 329 2655 illa
348 2593 511 2654 monuisse.
546 2589 679 2651 secundo
704 2589 816 2648 deind·
842 2590 918 2649 libro
938 2591 1021 2650 lrrsus
1045 2590 1231 2650 Graecorum
1253 2588 1414 2668 descripsit

276 2716 438 2776 eorumque
455 2693 584 2772 origines
601 2693 759 2770 exposuit,
776 2712 866 2772 quem
882 2691 1165 2771 librumdiligenter
1179 2692 1345 2772 Byzantini
1361 2690 1412 2750 ho·

275 2801 372 2860 mines
395 2818 485 2858 manu
507 2815 647 2856 versasse
664 2793 822 2853 videntur:
840 2795 920 2874 quod
937 2795 966 2853 in
985 2814 1078 2853 causa
1100 2803 1165 2852 erat
1183 2805 1215 2854 ut
1233 2793 1413 2852 Eustathius

275 2901 405 2962 Suetoui
414 2899 534 2960 nomine
545 2900 654 2958 omisso
667 2885 735 2956 eurn
747 2898 791 2956 sic
804 2896 941 2956 indicare
952 2905 1070 2976 posset:
1087 2884 1102 2954 d
1115 2886 1150 2954 cd
1162 2892 1229 2972 περὶ
1238 2886 1413 2970 Ἑλληνικῆς

274 2999 396 3072 παιδιᾶς
406 2993 527 3080 γράψας
541 2999 590 3079 (cf.
605 3001 713 3078 fragm.
732 3008 780 3062 182
789 2996 827 3076 *).
842 3019 930 3078 quern
944 3001 1121 3060 Suetonium
1135 3017 1201 3058 esse
1212 3000 1325 3077 primus
1337 2997 1414 3056 vidit

276 3103 482 3164 casaubonus.
518 3123 576 3183 quo
594 3103 765 3180 fragmento
782 3099 960 3160 Suetonium
977 3110 1108 3160 aetatem
1126 3100 1312 3178 singulorum
1329 3099 1411 3158 lusu-

274 3226 338 3282 um,
355 3227 434 3286 quae
451 3207 528 3264 ratio
542 3215 611 3284 apte
627 3206 770 3265 convenit
785 3203 929 3264 historiae
944 3203 1082 3262 ludicrae
1098 3203 1302 3280 inscriptioni,
1318 3199 1411 3260 adne-

273 3319 355 3368 tasse
373 3307 516 3368 docemur
532 3309 571 3367 cf.
585 3327 614 3388 p.
632 3317 696 3372 323:
729 3298 930 3380 παλαιοτάτην
950 3298 1041 3364 εἰπών
1061 3293 1116 3379 τὴν
1137 3294 1317 3380 audemusne
1344 3323 1411 3360 παι-

274 3404 352 3469 dcclv.
380 3419 465 3470 tanta
491 3420 591 3470 autern
619 3416 665 3469 est
690 3410 720 3467 in
747 3409 804 3468 hoc
831 3411 1001 3486 fragmento
1018 3407 1188 3467 adlaturum
1217 3425 1233 3465 e
1256 3405 1411 3464 veteribus

274 3513 461 3574 Graecorum
477 3511 672 3592 scriptoribus
684 3510 843 3571 multitude
855 3531 997 3572 versuum
1011 3511 1059 3570 vel
1072 3507 1310 3589 proverbiorum,
1327 3515 1412 3566 tanta

274 3617 304 3674 in
322 3615 514 3696 explicandis
534 3614 720 3675 Graecorum
746 3613 878 3672 moribus
898 3633 933 3671 ac
953 3611 1168 3672 vocabulorum
1189 3609 1356 3688 originibus
1373 3610 1410 3668 ri-

273 3717 560 3794 mandisdiligentia
572 3716 805 3795 atqueubertas,
822 3723 855 3774 ut
871 3716 962 3774 etiarn
971 3712 1091 3774 Graece
1100 3711 1306 3772 doctissimum
1316 3713 1410 3770 fuisse

273 3819 448 3880 Suetonium
462 3819 685 3895 intellegamus.
702 3817 757 3877 sed
769 3837 807 3877 no
823 3836 889 3876 curn
898 3817 1009 3875 Rethio
1018 3815 1089 3876 indo
1103 3813 1318 3874 crrrrcludamus
1331 3814 1411 3872 huuc

272 3921 380 3979 librum
389 3919 657 3998 Graecescriptum
665 3919 830 3997 fuisseipso
839 3918 950 3977 Latino
959 3918 1045 3977 titulo
1057 3918 1149 3978 totius
1158 3915 1259 3996 operis
1267 3913 1410 3994 prohibe·

272 4043 346 4082 mur.
362 4021 958 4102 atqucpotueruntlraeoLatinecxponi,
971 4019 1058 4078 mede
1073 4017 1223 4079 concedas
1231 4017 1411 4078 Suetonium

271 4145 330 4184 non
343 4126 498 4185 dubitasse
510 4125 650 4184 Latinam
667 4124 834 4183 orationem
852 4123 980 4183 Graecis
995 4121 1096 4182 verbis
1113 4120 1309 4198 distinguere,
1328 4117 1412 4197 quod

272 4227 394 4306 quidem
415 4213 493 4306 aptis
516 4227 665 4305 exemplis
686 4245 776 4303 supra
799 4225 937 4284 docuisse
965 4225 1080 4283 videor.
1110 4233 1245 4282 ceterum
1274 4218 1411 4279 eiusdem

274 4330 416 4406 egregiae
434 4304 648 4408 disputationis
662 4324 729 4403 περὶ
747 4321 850 4402 κύβων
867 4322 915 4384 καλ
932 4324 1047 4384 πεσσῶν
1064 4325 1235 4401 fragmenta
1250 4323 1362 4402 passim
1379 4323 1412 4380 in

232 4451 236 4460 ·
271 4429 484 4490 Errstntbianis
500 4431 722 4519 commentariis
740 4429 877 4508 dispersa
895 4438 981 4504 sunt;
1000 4447 1070 4505 pers
1086 4425 1163 4484 adeo
1181 4427 1246 4484 cius
1262 4423 1413 4500 repetitur
