3072 5064
559 423 601 464 os
623 423 764 465 nervam
786 423 896 464 naevus
1232 405 1295 470 219
1377 405 1380 412 “

238 571 259 648 †
275 571 436 634 Arcturus
458 579 508 634 est
529 568 583 634 ille
606 591 703 656 quem
719 567 831 633 Latini
852 583 1148 634 sueruu‘rnronuu
1167 569 1294 650 dicunt,
1308 553 1406 627 142*

154 675 208 759 qui
232 681 357 759 septem
380 671 547 736 stellarum
570 670 672 735 radiis
691 669 823 756 fulgens
845 672 880 734 in
903 691 938 734 se
963 671 1035 756 ipso
1057 671 1224 736 reuolutus
1247 693 1297 735 ro·

153 783 254 854 tatur,
289 773 344 860 qui
371 773 445 837 ideo
471 787 680 836 rusvsrnvu
714 781 851 836 uocatur
881 769 959 858 quia
989 773 1023 836 in
1050 770 1180 836 modum
1205 771 1297 836 uehi-

153 875 217 939 culi
241 873 387 940 uoluitur
408 883 440 939 et
463 873 559 938 modo
579 881 647 938 tres
673 873 716 938 ad
740 893 865 938 summa
890 872 997 937 eleuat
1026 872 1121 938 modo
1144 881 1298 958 quattuor

134 977 301 1041 sinelinat.
343 976 397 1041 hie
418 984 527 1040 autem
546 975 580 1038 in
600 974 682 1039 caeli
704 997 767 1040 axo
789 975 983 1040 constitutus
1004 995 1132 1060 semper
1150 984 1299 1039 uersatur

153 1087 185 1142 ct
208 1099 387 1165 numquam
410 1077 582 1163 mergitur:
628 1075 686 1141 sed
708 1098 781 1140 cum
804 1077 838 1142 in
862 1097 897 1140 se
918 1077 989 1163 ipso
1012 1073 1156 1140 uoluitur
1177 1084 1211 1139 et
1231 1097 1298 1140 nox

154 1179 274 1246 linitur.
317 1193 454 1244 soorus
477 1177 573 1244 stelle
593 1185 644 1242 est
661 1197 746 1265 quae
765 1176 945 1263 plaustrum
968 1177 1002 1242 id
1025 1186 1075 1242 est
1096 1178 1298 1262 septemtrio·

154 1303 227 1346 nem
248 1281 410 1369 sequitur,
437 1282 493 1368 qui
520 1281 619 1344 etiam
648 1279 690 1343 ab
720 1279 862 1367 antiquis
893 1293 1152 1342 sacrorurnsx
1180 1277 1299 1344 dieitur

154 1385 224 1448 siue
255 1397 369 1446 nruon
402 1397 553 1465 necros,
589 1381 675 1445 unde
704 1389 736 1446 et
765 1380 897 1469 quidam
925 1401 997 1445 eam
1033 1382 1298 1466 septemtrionem

123 1484 321 1549 edixerunt.
361 1483 444 1548 hanc
468 1491 618 1570 spectant
645 1484 821 1571 praecipue
842 1483 898 1569 qui
924 1484 1083 1569 nauigare
1109 1491 1298 1548 noscuntur.

156 1585 208 1670 [de
232 1606 299 1672 qua
316 1585 486 1649 Lucanus:

155 1775 217 1808 narn
237 1757 338 1808 stellae
358 1758 458 1808 cadere
477 1772 531 1807 non
554 1763 681 1823 possunt,
708 1773 821 1822 quarum
847 1763 946 1806 natura
964 1763 1006 1808 ost
1029 1762 1060 1808 ut
1082 1762 1158 1808 stent
1181 1773 1297 1823 semper.

156 1827 225 1876 unde
257 1832 285 1875 ct
315 1824 414 1876 stellae
441 1823 595 1874 uocantur!
632 1825 668 1874 of.
694 1823 784 1875 Schol.
810 1825 915 1875 Lucan.
940 1823 1037 1874 Phars.
1060 1823 1084 1874 V
1107 1823 1157 1874 562
1178 1826 1299 1876 Isidorus

158 1893 413 1958 mgfflm&

199 1911 218 1960 g
244 1959 314 2015 ll'Z'
331 1961 453 2011 Isidorus
476 1959 510 2010 de
533 1965 634 2010 ustura
658 1975 747 2010 rerum
764 1961 868 2011 XXVI:
895 1961 950 2010 ‘De
973 1959 1130 2012 nominibus
1154 1965 1297 2012 astrorum.

155 2030 274 2094 Legitur
293 2031 320 2078 iu
332 2029 382 2078 Iob
395 2028 507 2078 dicente
519 2027 642 2078 domino:
660 2027 796 2092 Numquid
809 2031 975 2090 coniungere
994 2027 1073 2078 uoles
1086 2029 1221 2080 micantes
1233 2029 1299 2080 stel-

156 2097 197 2146 las
215 2098 325 2162 pliades
344 2102 373 2146 et
389 2111 484 2161 gyrum
503 2097 607 2146 arcturi
623 2097 728 2161 poteris
740 2095 886 2161 dissipare.
915 2095 1045 2160 numquid
1058 2097 1185 2161 producis
1201 2097 1299 2148 lucite-

156 2181 214 2214 rum
238 2167 410 2230 intempore
434 2179 483 2214 sno
507 2169 535 2214 et
558 2179 703 2226 uesperum
721 2178 804 2229 super
823 2163 894 2214 filios
913 2171 1003 2214 terrae
1023 2179 1189 2230 consurgere
1208 2165 1299 2216 iacis?

157 2239 184 2282 et
207 2233 308 2284 iterum
328 2231 410 2282 alibi:
435 2231 488 2293 Qui
508 2231 579 2282 iaoit
598 2236 736 2282 arcturum
755 2236 784 2282 et
796 2231 926 2281 Orionem
945 2237 973 2280 et
991 2231 1113 2294 Hyades.
1148 2231 1228 2283 Haeo
1251 2249 1298 2284 no·

156 2301 231 2352 mina
250 2299 395 2351 stellarum
413 2297 476 2348 dum
494 2299 522 2348 in
541 2299 686 2364 scripturis
705 2299 792 2350 sacris
805 2299 922 2363 legimus
939 2299 1019 2348 uanis
1032 2298 1223 2350 deliramentis
1235 2317 1298 2367 poe·

156 2375 247 2420 tarum
271 2368 418 2418 adsensum
437 2383 492 2416 non
510 2367 708 2431 praebeamus,
734 2367 780 2432 qui
800 2367 879 2416 salsis
898 2365 1073 2431 opinionibus
1092 2366 1147 2416 ista
1169 2368 1197 2416 in
1216 2369 1299 2418 astris

157 2453 189 2486 ex
208 2437 349 2486 hominnm
367 2434 523 2484 nominibus
541 2433 586 2484 uel
605 2433 722 2484 aliarum
741 2440 928 2484 ereaturarum
947 2433 1092 2484 uocabulis
1110 2435 1298 2500 inposuerunt.

156 2506 195 2554 ita
215 2505 290 2554 euim
309 2501 453 2552 stellarum
470 2501 641 2566 quarundam
659 2502 805 2568 gentilium
824 2503 966 2568 sapientes
984 2502 1097 2552 nomina
1114 2503 1187 2552 sicut
1202 2508 1230 2552 et
1242 2503 1299 2553 ‹lie-

156 2587 213 2622 rum
234 2571 402 2622 indiderunt.
423 2569 505 2636 'quod
524 2586 589 2620 uero
608 2569 695 2620 isdem
714 2571 870 2620 nominibus
889 2585 970 2620 sacra
982 2570 1226 2635 utitursoriptnra,
1245 2586 1300 2622 non

155 2655 249 2690 eorum
274 2639 378 2690 ideirco
401 2652 490 2687 uanas
514 2638 648 2704 adprobat
673 2637 800 2698 fabulas,
825 2637 873 2688 sed
898 2639 1006 2688 iaciens
1030 2653 1063 2688 ex
1082 2638 1163 2688 rebus
1181 2638 1299 2689 uisibili·

155 2707 205 2757 bus
224 2705 407 2757 inuisibilium
432 2720 521 2756 rorum
544 2705 646 2770 figuras
670 2722 704 2756 ea
722 2707 833 2756 nomina
852 2722 900 2770 pro
919 2705 1077 2770 cognitione
1097 2706 1234 2756 homiuum
1253 2723 1299 2772 po·

155 2777 197 2825 nit
221 2791 293 2840 quae
318 2773 375 2823 late
401 2777 465 2822 sunt
483 2773 612 2837 cognita,
636 2777 667 2821 ut
686 2773 816 2838 quidquid
835 2775 1005 2838 incognitum
1024 2773 1164 2838 significat
1188 2775 1300 2825 facilius

153 2859 203 2908 per
227 2843 256 2892 id
280 2841 351 2908 qued
376 2846 419 2892 est
447 2841 587 2905 cognitum
616 2840 742 2890 humanis
770 2842 899 2892 sensibus
927 2842 1093 2892 innotescat.
1134 2843 1300 2892 Arcturus

153 2913 282 2974 (confudit
302 2909 420 2960 Isidorus
442 2925 495 2957 cnm
518 2915 590 2958 arcto
613 2909 720 2972 maiore)
815 2909 826 2958 l
832 2909 947 2958 initur.
990 2925 1038 2975 per
1062 2909 1133 2959 hune
1163 2917 1299 2962 arcturum

154 2979 182 3028 id
201 2985 245 3028 est
263 2976 488 3042 septemtrionem
514 2976 662 3026 ecclesiam
685 2976 845 3041 septenaria
869 2977 971 3028 uirtute
991 2977 1142 3042 fulgentem
1161 2978 1300 3042 intellegi-

153 3061 224 3096 mus.
260 3061 325 3095 nam
343 3045 416 3096 sicut
434 3045 463 3092 in
482 3059 533 3093 axe
553 3043 626 3093 caeli
645 3051 770 3093 arcturus
789 3059 896 3108 semper
915 3044 1065 3094 inclinatur
1082 3061 1228 3110 rursusque
1247 3048 1299 3096 eri·

153 3116 244 3178 gitur,
270 3115 311 3162 ita
335 3111 457 3162 ecelesia
476 3111 594 3161 diuersis
619 3112 727 3176 quidem
747 3112 964 3162 aduersitatibus
982 3111 1152 3176 humiliatur,
1171 3113 1220 3164 sed
1238 3129 1300 3164 nrox

153 3195 327 3246 consurgens
345 3193 394 3244 spe
414 3185 442 3228 et
459 3179 608 3228 uirtutibus
627 3179 761 3240 sleuotur,
782 3185 810 3228 et
822 3181 895 3229 sicut
913 3181 1047 3231 extribus
1066 3182 1157 3232 stallis
1175 3186 1203 3230 et
1222 3189 1299 3246 quat·

152 3255 217 3300 tuor
233 3247 389 3314 septentrio
408 3246 542 3308 eflicitur,
566 3249 607 3296 ita
631 3246 753 3296 ecelesia
766 3263 800 3298 ex
813 3247 865 3297 tide
884 3249 1020 3298 trinitatis
1039 3253 1067 3299 et
1090 3249 1300 3314 operationibus
1331 3287 1338 3298 .

153 3321 287 3382 quattuor
310 3317 442 3364 uirtutum
464 3313 660 3379 principalium
685 3321 896 3364 consummatur.
938 3332 971 3365 ex
995 3316 1047 3366 tide
1073 3317 1145 3366 enirn
1165 3322 1193 3366 et
1211 3319 1299 3382 operi·

153 3385 205 3434 bris
228 3385 311 3434 borno
334 3381 509 3432 instificetur.
545 3382 673 3432 Bootes
762 3383 972 3444 ostenditur,
1003 3384 1075 3448 quod
1104 3383 1167 3434 aliis
1189 3384 1300 3449 penitus

45 3464 51 3478 ·
152 3467 209 3502 non
233 3457 277 3501 cst
296 3450 427 3500 traditum
445 3447 540 3514 signis.
576 3449 618 3498 his
642 3455 734 3498 autem
757 3450 847 3500 stellis
866 3451 901 3500 ab
921 3468 954 3500 eo
973 3451 1044 3515 quod
1060 3457 1166 3516 septem
1185 3457 1248 3502 sunt
1273 3457 1301 3502 et

152 3519 299 3584 splendide
311 3519 429 3578 micant,
449 3517 540 3566 saneti
553 3531 646 3566 omnes
658 3517 813 3582 septiformi
824 3518 936 3584 spiritus
947 3520 1051 3568 uirtute
1063 3517 1201 3583 fulgentes
1214 3520 1300 3584 signi·

153 3587 288 3648 tieantur3
303 3587 338 3636 ab
352 3600 385 3634 so
399 3589 490 3636 atatem
501 3584 572 3649 quod
584 3583 638 3634 sibi
650 3587 810 3636 nicinentur
821 3585 870 3636 sed
882 3601 937 3638 non
950 3601 979 3636 so
993 3586 1166 3650 contingunt,
1179 3587 1300 3638 caritate

241 3765 256 3817 l
273 3755 312 3814 de
329 3763 448 3814 arcturo
468 3749 473 3834 Η
493 3761 630 3814 arcturus
646 3757 749 3814 Acon
763 3756 800 3816 de
812 3768 964 3816 arcturum
980 3767 1118 3817 arcturus
1135 3753 1172 3815 Β1
1199 3755 1236 3816 de
1253 3778 1300 3817 ar·

152 3855 223 3901 tura
238 3848 377 3898 arcturus
394 3835 434 3896 B⁴2
451 3837 464 3920 Η
477 3839 530 3899 ille
544 3849 591 3898 est
608 3842 714 3898 BCDIr'
733 3838 746 3922 Η
766 3843 1003 3920 septentrionem
1022 3847 1046 3899 A
1061 3838 1075 3923 Η
1091 3841 1173 3900 dicut
1194 3839 1230 3900 Αι
1248 3861 1299 3902 uo·

152 3936 226 3986 eant
242 3927 292 3984 CD
306 3920 319 4004 Η
334 3929 483 4002 ‘isepteni
502 3919 540 3982 B¹
554 3926 687 4003 septenis
701 3923 739 3985 Β2
754 3923 767 4008 Η
783 3928 848 4005 ipse
864 3923 903 3986 Βι
920 3925 933 4004 Η
948 3937 965 3990 3
979 3928 1214 4007 qui—uocatur
1228 3933 1253 3985 A
1264 3949 1299 3986 m.

149 4033 199 4088 pr.
225 4027 317 4082 super
336 4027 409 4066 aere.
431 4014 547 4085 scripsit
569 4005 583 4090 Η
604 4029 682 4087 quae
700 4015 723 4068 t·
735 4007 748 4091 Η
763 4011 899 4090 plaustro
919 4009 954 4070 Β1
971 4014 984 4085 ΙΙ
999 4011 1110 4070 ueiculi
1129 4008 1167 4070 B¹
1184 4007 1197 4092 Η
1212 4023 1229 4072 t
1245 4033 1263 4071 a
1277 4021 1302 4071 A

153 4119 189 4156 aa
204 4099 231 4154 B
244 4090 258 4177 Η
275 4113 392 4152 summo
407 4097 587 4154 Asummom
606 4091 643 4152 B¹
661 4092 675 4176 Η
690 4095 813 4155 eleuant
833 4092 870 4153 B¹
888 4092 901 4177 Η
916 4109 932 4158 5
946 4095 1045 4155 hio-
1054 4095 1234 4176 perturbant
1245 4117 1299 4156 om.

152 4187 177 4241 A
191 4186 221 4238 r'n
238 4199 296 4254 qno
312 4197 399 4236 onum
412 4183 515 4255 solium
535 4183 651 4239 excidit.
668 4183 707 4255 rs.
726 4183 846 4240 Becker.
859 4184 888 4238 li.
903 4185 921 4238 l.
937 4177 951 4258 Η
960 4190 983 4266 p
994 4201 1128 4261 numqua
1145 4179 1183 4238 B¹
1201 4179 1214 4259 Η
1229 4183 1299 4260 &gi-

151 4277 204 4326 tur
217 4263 254 4324 Βι
270 4263 284 4344 Η
299 4271 315 4326 7
332 4263 444 4324 Baetes
464 4265 567 4323 BCDE
579 4258 593 4344 Η
609 4266 846 4346 septentrionem
861 4269 966 4324 Boou
979 4261 992 4348 Η
1007 4276 1025 4328 8
1040 4267 1179 4326 artofilax
1197 4271 1303 4326 BCDE

154 4349 166 4430 Η
179 4359 199 4414 9
210 4345 314 4409 sibiB¹
340 4343 345 4428 Ι
362 4371 421 4409 aaa
435 4359 536 4410 arctus
548 4345 585 4406 13¹
602 4348 616 4428 Η
636 4361 688 4413 toa
698 4371 712 4408 a
722 4359 862 4428 spectant
875 4353 901 4409 B
914 4347 929 4434 Η
943 4351 1078 4432 precipie
1090 4349 1127 4409 Βι
1144 4349 1157 4438 Η
1171 4363 1301 4416 noscunt

151 4430 326 4515 Beckerusl
352 4445 379 4497 11
402 4438 540 4494 Laconas
559 4437 665 4494 Ptors.
685 4435 738 4495 ΙΙΙ
749 4441 807 4494 252
