3190 5098
276 367 338 429 436
601 387 827 436 ovassrronns
853 389 1081 428 sr'srosrasns
1158 359 1165 376 ⁸

276 537 387 600 Suidas
400 558 423 598 s.
434 560 463 598 v.
481 529 669 616 Τρᾶγκυλλος
685 539 863 598 Suetonium
879 539 1039 616 scripsisse
1052 525 1235 614 περὶῬαίμης
1245 536 1295 597 καὶ
1315 539 1373 598 τῶν
1387 535 1421 600 ἒν

275 631 351 720 αὐτῇ
372 639 505 718 νομίμων
526 636 576 698 καὶ
599 628 688 715 ἠθῶν
708 639 811 717 βιβλία
835 634 863 716 β’
887 650 1025 702 testatur.
1060 641 1169 721 quodsi
1191 642 1368 728 Suetonium
1388 644 1421 702 ia

274 742 352 802 libro
368 753 477 802 octavo
493 753 645 822 pratorum
663 762 755 802 unum
778 740 920 820 idemque
945 751 1155 820 argumentum
1177 751 1326 803 tractasse
1346 743 1421 802 mibi

277 846 486 918 concesseris,
508 845 574 904 veri
595 865 663 904 esse
687 843 872 902 simillimum
893 843 994 904 iudico
1011 845 1087 904 duos
1107 845 1176 904 illos
1197 843 1312 904 Suidae
1327 843 1421 904 libros

277 945 400 1006 eosdem
413 967 481 1004 esse
498 967 564 1006 cum
581 957 689 1026 quarto
706 955 737 1005 et
748 946 853 1025 quinto
865 954 1029 1024 pratorum.
1048 948 1079 1004 in
1091 955 1198 1026 quarto
1211 946 1329 1006 scilicet
1342 945 1420 1006 libro

277 1047 441 1108 Suetonius
463 1049 550 1124 leges
573 1048 679 1126 populi
694 1048 823 1106 Romani
842 1048 996 1106 recensuit
1016 1047 1067 1106 vel
1088 1057 1121 1106 ut
1139 1048 1337 1108 Varronianis
1352 1068 1420 1108 ver·

276 1150 323 1210 bis
339 1159 407 1208 utar
424 1149 461 1208 de
479 1150 543 1208 inre
560 1148 643 1207 civili
659 1150 736 1225 egit:
753 1150 784 1208 in
805 1151 909 1229 quinto
925 1148 1060 1208 eiusdem
1075 1169 1174 1210 mores
1190 1151 1350 1229 descripsit
1369 1151 1421 1212 vel

276 1261 310 1310 ut
330 1271 397 1310 cum
421 1250 529 1310 eodem
550 1250 687 1310 Varrone
714 1251 822 1330 loquar
844 1252 938 1310 vitam
959 1249 1063 1329 populi
1084 1251 1214 1311 Romani
1236 1254 1420 1314 inlustravit.

277 1373 377 1432 neque
397 1353 474 1412 enim
492 1351 614 1412 dubium
635 1363 681 1412 est
700 1354 772 1432 quin
793 1354 823 1410 in
840 1352 887 1410 bis
903 1351 987 1411 libris
1008 1351 1233 1429 perscribendis
1253 1356 1421 1416 Varronem

277 1456 467 1535 potissimum
490 1462 650 1522 ,auctorem
672 1453 853 1514 Suetonios'
869 1463 993 1513 secutus
1016 1453 1064 1512 sit
1106 1456 1326 1534 quinti·antem
1350 1457 1420 1518 libri

279 1557 482 1635 fragmentum
511 1573 580 1614 esse
605 1555 727 1614 videtur
753 1555 835 1634 quod
862 1555 1019 1615 Charisius
1046 1556 1170 1634 protulit
1195 1556 1318 1636 (fragm.
1345 1559 1420 1638 112),

278 1679 338 1739 quo
362 1660 395 1717 ni
411 1657 503 1718 fallor
526 1655 563 1716 de
587 1677 658 1734 rege
680 1677 803 1716 mensae
826 1677 915 1736 quem
932 1655 1107 1716 Macrobius
1127 1667 1184 1719 sat.
1204 1659 1237 1719 ΙΙ
1259 1671 1290 1734 l,
1315 1661 1422 1724 3dicit

279 1780 376 1820 sermo
393 1767 448 1818 est.
957 1757 960 1768 ⁴

364 1861 431 1942 Nec
445 1880 463 1918 a
478 1879 550 1919 vero
564 1859 767 1919 aberraverim
780 1860 847 1920 siin
863 1861 967 1940 primis
980 1860 1065 1920 libris
1076 1872 1230 1941 pratorum
1244 1865 1422 1926 Suetonium

280 1965 400 2024 omnino
413 1963 452 2022 de
464 1961 694 2042 antiquitatibus
704 1962 811 2040 populi
822 1963 950 2020 Romani
969 1963 1141 2042 disputasse
1150 1966 1282 2026 ¹conicio.
1305 1975 1338 2024 ut
1350 1975 1421 2024 octo

279 2067 384 2146 primis
395 2075 551 2145 pratorum
564 2063 649 2122 libris
661 2059 728 2140 περὶ
740 2054 852 2138 Ῥώμης
869 2065 979 2141 egerit:
1005 2068 1053 2126 cui
1066 2067 1197 2146 opinioni
1210 2079 1293 2128 certe
1306 2068 1421 2129 Suidae

280 2170 443 2228 auctoritas
460 2167 571 2246 opponi
588 2185 648 2226 non
664 2165 769 2238 debet,
787 2165 839 2244 qui
854 2165 913 2224 illis
929 2157 1046 2228 duobus
1062 2179 1177 2230 tontum
1194 2169 1279 2230 libris
1290 2170 1369 2230 bunc
1385 2170 1422 2230 ti-

279 2272 375 2348 tulum
389 2270 557 2351 praefixum
575 2287 642 2328 esse
660 2277 799 2328 testatur.
834 2287 872 2326 ex
888 2267 935 2326 his
951 2271 1042 2346 igitur
1064 2271 1148 2332 libris
1169 2274 1209 2333 de
1226 2274 1340 2352 populo
1358 2273 1421 2340 Ro,

280 2394 369 2432 mano
381 2372 446 2431 'duo
463 2372 516 2430 illa
536 2372 721 2448 fragmenta,
747 2368 856 2450 quibus
877 2379 911 2428 ut
928 2373 1117 2434 Varroniano
1137 2375 1239 2434 indice
1259 2383 1326 2434 utar
1344 2373 1421 2434 Sue-

280 2479 393 2536 tonium
413 2476 451 2536 dc
470 2473 552 2534 bello
568 2481 598 2530 et
613 2491 690 2550 pace
707 2473 867 2551 scripsisse
881 2471 1048 2548 indicatur,
1066 2485 1191 2554 recepta
1205 2485 1285 2536 sunt.
1324 2477 1422 2534 altero

281 2581 360 2638 enirn
376 2580 543 2656 fragmento
561 2573 640 2652 (109)
653 2573 691 2632 de
703 2572 846 2651 triumphi
855 2575 1026 2654 veriloquio
1043 2587 1073 2636 et
1089 2578 1216 2662 ratione,
1229 2577 1325 2638 altero
1342 2577 1366 2656 (1
1376 2579 1421 2655 to)

282 2683 320 2740 de
336 2679 538 2738 rebellatione
552 2677 603 2736 vel
620 2677 721 2756 potius
737 2674 905 2735 rebellione
922 2675 1073 2736 disseruit.

365 2783 415 2840 Ex
439 2779 486 2840 bis
517 2800 595 2858 quae
619 2777 709 2836 medo
732 2777 887 2854 disputata
909 2787 979 2836 sunt
995 2780 1062 2852 ¹iam
1088 2781 1246 2842 clariorem
1268 2791 1422 2860 pratorum

281 2883 444 2958 imaginem
459 2881 558 2938 anime
573 2882 735 2940 informare
755 2879 827 2938 licet
843 2899 932 2958 quam
947 2900 1027 2960 quae
1042 2903 1060 2940 a
1077 2883 1215 2942 llockero
1237 2905 1267 2963 p.
1282 2884 1331 2942 Xl
1353 2905 1421 2962 pro·

280 2985 380 3062 posita
402 2992 465 3054 est,
487 2981 539 3040 ubi
563 2980 721 3039 materiam
747 2982 812 3040 eius
838 2982 954 3040 variam
975 2983 1070 3040 fuisse
1093 2983 1176 3044 dicit.
1200 3006 1270 3044 nam
1294 2985 1422 3064 adparet

281 3084 460 3144 Suetonium
475 3103 535 3142 non
551 3091 585 3140 ut
602 3081 736 3140 Gellium
753 3083 960 3142 diversissima
978 3083 1084 3144 eodem
1099 3086 1175 3145 libro
1186 3087 1349 3166 protulisse
1366 3087 1422 3146 sed

282 3186 362 3246 idom
379 3194 586 3263 argumentum
608 3205 663 3264 por·
684 3184 786 3263 plures
810 3184 902 3244 libres
919 3187 1121 3248 continuasse.
1157 3189 1238 3268 quod
1257 3189 1340 3250 Gelli
1354 3209 1423 3247 ver·

282 3285 328 3348 bis
348 3307 410 3346 non
429 3287 601 3363 refragatur
622 3288 673 3366 qui
695 3286 732 3346 dc
758 3288 844 3346 varia
870 3297 899 3346 et
916 3290 1054 3348 miscella
1076 3299 1106 3349 et
1129 3291 1217 3369 quasi
1238 3291 1424 3350 confusanea
1500 3303 1507 3317 ·

283 3389 420 3448 doctrina
440 3389 588 3468 loquitur,
614 3388 861 3469 qnandoquidem
881 3389 959 3448 inter
980 3411 1032 3448 eos
1055 3392 1175 3466 titulos,
1202 3413 1278 3472 quos
1300 3393 1339 3452 ad
1355 3411 1422 3454 eam

281 3491 462 3550 sententiam
476 3489 728 3568 exquisitissimos
742 3511 761 3549 a
775 3492 848 3550 viris
864 3491 961 3550 doctis
973 3493 1119 3552 eiusmodi
1134 3493 1219 3553 libris
1229 3495 1341 3554 inditos
1354 3513 1423 3552 esse

283 3593 371 3664 dicit,
390 3593 481 3650 etiarn
497 3593 645 3652 naturalis
661 3593 787 3652 historia
801 3594 883 3654 Plini
897 3595 1095 3672 conspicitur,
1111 3597 1141 3653 in
1157 3615 1216 3675 qua
1233 3597 1342 3674 etipsa
1358 3615 1423 3654 cer-

282 3701 331 3750 tus
347 3692 420 3750 ordo
439 3705 595 3772 conparet.
627 3705 760 3756 attamen
779 3695 904 3755 Suetoni
921 3705 1010 3774 prata
1032 3717 1070 3757 no
1095 3697 1126 3755 in
1149 3700 1213 3758 eins
1237 3696 1360 3776 quidem
1383 3699 1423 3756 si·

282 3793 483 3878 militudinem
509 3797 591 3856 facta
611 3817 679 3856 csso
705 3807 737 3855 ut
760 3817 851 3854 unum
874 3797 1015 3876 idemque
1039 3809 1249 3875 argumentum
1272 3800 1326 3858 toti
1345 3796 1424 3856 libro

284 3905 381 3967 esset,
412 3893 450 3953 ab
472 3895 590 3956 Isidoro
613 3897 756 3956 docemur
783 3899 883 3976 quiin
904 3899 1011 3958 eodem
1032 3897 1108 3958 libro
1130 3900 1294 3958 denatura
1315 3919 1424 3972 rerum,

283 4017 302 4054 a
327 3997 412 4054 cuius
433 3997 691 4075 pervestigatione
718 3999 874 4077 paulisper
896 4001 1095 4074 recessimus,
1118 4003 1148 4062 in
1172 4023 1251 4062 nono
1270 4012 1423 4082 pratorum

283 4097 428 4176 physicas
464 4097 693 4160 observationes
728 4104 844 4180 positas
877 4103 971 4160 fuisso
1008 4113 1146 4165 testatur.
1187 4106 1245 4164 hae
1280 4125 1346 4164 cum
1380 4107 1424 4164 in-

283 4207 369 4274 terno
385 4217 465 4258 ncsu
480 4200 559 4258 inter
576 4223 609 4261 se
625 4202 809 4264 cohaereant
829 4203 909 4263 idem
926 4214 1134 4280 argumentum
1154 4199 1334 4264 a'Suctonio
1356 4223 1424 4283 por-

283 4305 443 4360 tractatmn
465 4321 533 4360 esse
551 4303 682 4381 produnt
697 4305 797 4383 quode.
813 4305 950 4366 Isidorus
968 4305 1076 4364 librum
1092 4325 1178 4364 suum
1190 4309 1312 4387 scripsit
1331 4307 1361 4366 id
1377 4317 1426 4367 est

285 4397 322 4456 de
337 4412 446 4460 natura
463 4423 572 4462 rerum.
600 4413 693 4484 atquo
714 4405 790 4464 adeo
810 4407 890 4466 bunc
906 4407 1023 4466 titulum
1040 4407 1192 4468 Isidorum
1209 4409 1355 4470 Suetonio
1371 4407 1425 4468 de-
