3190 5098
283 370 345 434 386
595 387 821 438 ovansrronas
846 387 1071 429 svaronmnnc

282 552 390 624 parata
411 550 513 614 erant,
536 549 570 600 ut
589 541 678 620 quasi
698 539 848 618 quaedam
869 538 1084 617 neglegentiae
1101 538 1178 596 ratio
1196 535 1418 617 dispiceretur;

282 644 336 704 sed
351 665 412 703 non
427 643 536 702 desunt
550 642 697 722 pleraque
712 642 857 720 simplicis
869 640 1028 701 socordiae
1045 639 1233 700 documenta.
1257 641 1295 700 cf.
1311 641 1417 718 fragm.

282 749 340 809 20*
360 747 419 809 53*
442 747 499 808 81*
519 747 585 808 8ἳ*.
616 763 654 804 ex
675 763 801 823 quorum
825 763 949 802 numero
972 741 1123 802 eximendi
1145 749 1215 800 sunt
1235 743 1324 802 unius
1348 743 1417 800 anni

282 849 334 928 qui
354 848 497 908 videntur
526 845 752 926 prochronismi.
786 865 856 904 nam
881 843 1048 904 Merkelius
1074 844 1105 902 in
1129 843 1352 922 prolegomenis
1379 842 1419 902 ad

281 951 377 1020 fastos
401 949 493 1010 Ovidi
520 969 550 1028 p.
573 946 748 1008 00vass
772 967 818 1027 sq.
843 947 966 1024 egregie
994 945 1097 1004 docuit
1122 946 1152 1003 in
1180 944 1322 1004 chronico
1343 945 1417 1004 Hie·

280 1055 399 1132 ronymi
416 1071 511 1111 annos
527 1050 579 1129 qui
595 1047 769 1108 consulibus
786 1048 1018 1126 designarentur
1031 1057 1118 1128 parte
1137 1067 1192 1107 sua
1211 1049 1325 1106 minore
1344 1047 1417 1106 inci·

282 1155 355 1214 dere
371 1157 401 1214 in
418 1173 513 1213 annos
529 1151 719 1210 Eusebianos
736 1150 801 1210 sive
814 1151 973 1223 Abrahae,
990 1151 1040 1231 qui
1056 1152 1225 1230 inciperent
1241 1149 1279 1209 ab
1295 1149 1417 1208 illorum

281 1275 385 1314 mense
408 1253 589 1334 Septembri.
632 1255 677 1312 sic
706 1262 829 1311 mortem
858 1253 990 1325 Lucani,
1013 1273 1101 1332 quem
1131 1251 1230 1330 pridie
1257 1250 1417 1311 Kalendas

280 1357 378 1418 Maias
402 1376 428 1415 a.
450 1377 478 1416 u.
503 1377 528 1415 c.
550 1365 603 1418 818
629 1373 800 1433 supremum
826 1354 905 1414 diem
930 1354 1031 1414 obisse
1058 1357 1184 1426 scimus,
1212 1354 1417 1434 Hieronymus

280 1479 340 1518 non
368 1460 395 1518 ei
416 1478 540 1517 numero
564 1457 737 1531 adnotavit,
762 1461 814 1538 qui
835 1459 1000 1538 respondet
1020 1456 1193 1516 consulibus
1217 1456 1340 1516 Vaccae
1366 1455 1417 1514 vel

281 1559 427 1632 Suetoni,
460 1559 515 1620 sed
543 1558 680 1637 proxime
706 1560 913 1638 praecedenti.
966 1581 1060 1640 quare
1097 1578 1257 1639 perperam
1290 1566 1321 1616 et
1351 1557 1417 1636 ipse

280 1683 311 1740 p·
331 1673 366 1724 50
387 1660 426 1720 de
446 1659 671 1739 prochronismo
697 1662 876 1744 Hieronymi
907 1663 1039 1740 cogitavi
1067 1672 1097 1720 et
1126 1682 1193 1722 eum
1220 1681 1287 1719 cum
1310 1659 1418 1718 ecdem

281 1782 383 1821 errore
399 1763 430 1820 in
447 1762 596 1822 Gallionis
611 1781 686 1822 nece
703 1765 866 1844 conspicuo
885 1765 1005 1844 (fragm.
1018 1764 1089 1842 88³³)
1107 1763 1266 1840 conposui,
1283 1764 1314 1821 in
1328 1781 1417 1842 quem

281 1863 411 1923 Merkeli
436 1861 610 1922 observatio
631 1885 692 1925 non
716 1866 806 1926 cadit.
841 1877 1004 1948 practerea
1022 1886 1083 1924 non
1099 1881 1262 1944 numquam
1280 1865 1418 1942 Scaliger

280 1963 461 2044 Hieronymi
490 1963 635 2024 incuriam
664 1966 817 2029 detexisse
845 1970 902 2029 sibi
932 1971 1016 2028 visus
1048 1976 1109 2045 est,
1144 1965 1197 2026 ubi
1225 1967 1290 2046 ipse
1317 1966 1417 2045 potius

282 2085 383 2125 errore
407 2073 514 2144 captus
534 2075 596 2140 est,
624 2068 705 2146 quod
729 2073 872 2151 temporis
893 2070 1079 2131 notationem
1102 2088 1162 2126 non
1182 2067 1220 2128 ad
1245 2069 1417 2147 primariam

281 2187 341 2247 quo
353 2167 516 2228 reserenda
532 2178 597 2228 erat
610 2171 790 2232 sententiam
804 2175 921 2232 rettulit
933 2173 987 2234 sed
1000 2173 1040 2232 ad
1054 2193 1183 2253 eaquae
1198 2171 1336 2248 epimetri
1348 2170 1416 2230 loco

280 2269 330 2329 vel
342 2268 516 2346 explicandi
531 2289 625 2328 causa
638 2271 742 2331 addita
755 2284 833 2334 sunt.
863 2274 968 2350 veluti,
984 2284 1018 2334 ut
1029 2295 1088 2333 unc
1103 2273 1243 2353 exenrplo
1257 2272 1415 2350 defungar,

281 2370 320 2430 ad
334 2379 479 2449 excerpta
497 2369 535 2429 de
548 2372 612 2430 vita
625 2372 747 2433 Votieni
760 2378 897 2436 Montani
914 2377 1034 2456 (fragm.
1050 2373 1131 2452 70²²),
1148 2374 1199 2434 uhi
1210 2375 1416 2456 Hieronymus

281 2481 399 2550 tempus
425 2471 529 2530 mortis
555 2493 616 2532 non
631 2475 828 2554 relegationis
854 2500 963 2538 annnm
986 2486 1162 2550 notaverat,
1184 2475 1299 2535 biennii
1322 2484 1415 2536 meta-

281 2572 483 2632 chronismum
499 2577 685 2637 commisisse
703 2579 964 2660 chronographum
982 2601 1041 2638 non
1059 2588 1142 2638 recte
1158 2579 1354 2637 insimulavit.

364 2675 497 2732 Tantam
521 2673 558 2733 de
578 2680 715 2756 conputis
735 2681 993 2761 Hieronymianis.
1029 2703 1089 2742 non
1107 2682 1254 2741 curiosius
1275 2689 1415 2741 versatus

281 2784 327 2834 est
343 2775 588 2854 chronographus
608 2778 639 2836 in
655 2779 722 2858 ipsa
736 2780 823 2840 brevi
839 2781 877 2841 do
894 2783 1021 2860 singulis
1038 2781 1236 2862 scriptoribus
1253 2783 1362 2842 notitia
1378 2803 1415 2842 ex

280 2875 425 2935 Suetonio
454 2876 656 2954 excerpenda.
699 2879 892 2942 Voltacilium
917 2885 1037 2944 Plutum
1064 2887 1192 2965 Pompei
1218 2884 1357 2944 libertum
1386 2894 1416 2944 et

281 2976 436 3037 doctorem
452 2976 542 3049 dicit,
564 2999 631 3037 cum
647 2979 810 3041 Suetonius
834 2983 872 3042 de
887 3005 1010 3063 gramm.
1034 2997 1064 3046 et
1086 2987 1162 3046 rhet.
1185 2996 1218 3051 27
1240 3009 1308 3048 eum
1326 2991 1414 3049 Pom·

278 3078 378 3158 peiam
391 3077 513 3158 quidem
523 3077 661 3140 docuisse
673 3091 703 3140 et
715 3082 887 3144 libertinum
895 3088 990 3147 fuisse
1005 3088 1172 3162 tradiderit,
1187 3089 1242 3150 sed
1255 3100 1414 3170 patronum

280 3181 345 3239 eius
374 3179 493 3240 omnino
521 3201 582 3240 non
604 3183 813 3244 nominaverit.
852 3209 941 3268 porro
964 3175 1160 3270 polyhistoris
1184 3200 1414 3270 cognomentum

278 3284 484 3361 Hieronymus
500 3283 625 3364 Hygino
649 3285 766 3360 tribuit,
791 3289 870 3368 quod
888 3301 991 3350 auctor
1013 3293 1077 3352 eins
1097 3293 1116 3352 l.
1136 3313 1160 3352 c.
1179 3303 1214 3356 20
1237 3293 1413 3353 Alexandro

278 3383 359 3444 illius
374 3385 517 3462 magistro
530 3386 624 3446 fuisse
639 3389 770 3466 scripsit.
807 3413 884 3470 quae
908 3393 1028 3475 quidem
1049 3404 1177 3474 peccata
1193 3395 1284 3454 iaeilc
1305 3395 1412 3473 depre-

277 3486 467 3558 henduntur,
492 3507 560 3546 cam
580 3509 616 3548 ea
633 3491 713 3550 unde
729 3492 839 3552 hausta
853 3495 912 3553 sint
927 3495 1025 3554 adhuc
1042 3479 1155 3555 extent.
1189 3497 1298 3555 similia
1312 3505 1413 3556 tamen

277 3597 400 3668 reperta
415 3599 493 3663 sunt,
512 3587 563 3650 ubi
577 3591 757 3672 Hieronymi
773 3605 917 3674 excerpta
930 3617 984 3676 per
996 3618 1027 3657 se
1042 3597 1244 3658 examinanda
1257 3607 1353 3658 erant.
1380 3608 1413 3657 ut

278 3690 430 3768 singulare
452 3691 669 3752 documentum*
687 3696 811 3774 eligam,
834 3699 965 3757 Ennium
987 3700 1016 3758 in
1042 3701 1194 3780 Scipionis
1219 3711 1411 3761 mornrmento

277 3793 429 3869 sepultum
449 3811 516 3852 esse
536 3793 609 3853 dicit
624 3796 745 3874 (fragm.
763 3800 835 3876 9¹¹²),
857 3789 888 3858 in
913 3820 972 3879 quc
989 3811 1104 3860 tantum
1125 3803 1258 3880 effigiem
1281 3803 1346 3862 eius
1374 3823 1412 3862 ex

276 3913 424 3952 marmore
436 3895 567 3972 positam
582 3897 676 3957 luisse
688 3899 808 3977 plurimi
826 3901 1116 3982 locupletissimique
1133 3913 1227 3964 testes
1241 3905 1411 3964 adfirmant.

278 3992 349 4072 quid
373 3995 455 4074 quod
473 3997 569 4074 ipsius
584 3997 764 4078 Hieronymi
787 4003 896 4082 quibus
915 4004 969 4064 illa
988 4007 1179 4084 excipiuntur
1200 4006 1294 4067 verba
1310 4007 1410 4086 sepul·

277 4103 338 4153 tum
361 4095 493 4156 Ennium
516 4117 584 4158 esse
609 4100 640 4158 in
661 4101 799 4164 Ianiculo
827 4114 991 4165 testantur:
1029 4111 1144 4181 atridam
1175 4127 1241 4168 orsa
1267 4115 1328 4168 eius
1350 4112 1411 4167 Ru-

275 4199 351 4254 diam
365 4213 405 4254 ex
420 4199 551 4290 laniculo
567 4205 710 4260 translata
726 4210 891 4278 adfirmant.
926 4208 980 4267 sed
999 4221 1032 4267 ut
1049 4210 1256 4292 Hieronymus
1271 4212 1410 4272 hocloco

276 4297 436 4356 veritatem
455 4301 513 4360 nisi
539 4302 662 4362 aliunde
687 4315 759 4366 nota
786 4317 869 4368 essct
894 4309 1035 4369 socordia
1057 4330 1113 4370 sua
1132 4312 1225 4392 plane
1254 4313 1292 4373 de
1315 4313 1410 4372 homi·

276 4415 347 4456 num
362 4403 507 4460 memoria
522 4403 705 4480 delevisset,
721 4409 765 4467 ita
782 4408 853 4468 alibi
868 4419 955 4486 grata
966 4411 1053 4471 nobis
1068 4415 1132 4472 eius
1145 4415 1342 4492 neglegentia
1357 4433 1411 4474 ex·
