3162 5058
234 389 297 454 234
512 399 708 444 carsaonvrr
731 401 899 442 uranonrrr
921 399 1098 450 nenrovrsu

233 549 326 615 dotes
346 548 486 636 publici,
507 547 577 613 XII
596 546 739 612 Kalend.
761 545 970 636 Septembres
993 545 1114 611 flamen
1136 543 1319 627 Quirinalis
1346 553 1380 609 et

232 651 398 736 Virgines.
436 649 555 715 dehinc
576 649 664 714 idem
686 647 844 714 Romulus
859 648 932 714 Ioui
952 647 1101 713 Feretrio
1121 647 1215 712 ludos
1238 647 1380 712 instituit

233 753 268 818 iu
286 751 444 838 Tarpeio,
474 772 555 838 quos
576 749 735 836 Tarpeios
758 750 863 815 dictos
884 760 918 815 et
940 750 1143 838 Capitolinos
1166 747 1244 812 Piso
1265 747 1377 811 tradit.

233 863 306 942 post
329 855 415 918 buno
436 851 546 916 Numa
566 849 747 938 Pompilius
770 851 870 916 Marti
892 861 926 916 et
946 851 1104 938 Robigini
1125 851 1215 916 iecit.
1259 849 1379 916 debinc

232 954 349 1021 Tullus
372 953 552 1036 Hostilius3
574 953 694 1018 dehinc
715 954 828 1018 Ancus
847 953 987 1018 Martius
1009 961 1043 1018 et
1061 954 1171 1018 ceteri.
1217 953 1272 1039 qui
1294 969 1400 1038 quota

232 1080 331 1146 quem
351 1079 411 1145 per
436 1053 582 1121 ordinem
605 1053 778 1142 atquibus
800 1052 897 1119 idolis
925 1053 1020 1120 ludos
1043 1055 1260 1136 instituerint,
1290 1056 1378 1140 posi·

232 1169 301 1225 tum
330 1165 381 1224 est
408 1157 497 1244 apud
528 1155 720 1222 Suetonium
749 1153 979 1243 Tranquillum
1006 1156 1059 1222 uel
1085 1177 1105 1220 a
1133 1155 1252 1243 quibus
1275 1154 1379 1218 Tran-

235 1259 355 1350 quillus
377 1259 516 1346 accepit.

110 1444 233 1520 186**
319 1446 459 1515 Accedit
480 1443 522 1510 ad
542 1445 764 1510 testimonium
786 1444 992 1531 antiquitatis
1014 1443 1190 1510 subsecuta
1203 1445 1378 1532 posteritas

233 1551 371 1618 formam
395 1547 532 1631 originis
554 1545 595 1610 de
616 1544 721 1610 titulis
742 1543 838 1608 huius
859 1567 988 1632 quoque
1009 1547 1164 1634 temporis
1187 1547 1378 1634 praeferens

234 1675 293 1741 per
314 1673 396 1740 quos
418 1651 671 1734 signatumest,
693 1649 746 1712 cui
766 1645 853 1712 idolo
876 1655 909 1710 et
934 1648 987 1712 oui
1012 1649 1236 1734 superstitioni
1258 1650 1376 1714 utrius·
1389 1665 1414 1706 to

234 1776 298 1840 que
313 1751 443 1839 generis
458 1748 528 1814 ludi
545 1758 745 1814 notarentur.
780 1747 986 1832 Megalenses
1007 1751 1093 1814 enim
1112 1760 1144 1814 et
1159 1750 1378 1836 Apollinares,

235 1855 322 1920 idem
338 1851 491 1927 Cereales
515 1859 548 1916 et
568 1849 771 1936 Neptunales
795 1857 827 1914 et
841 1849 991 1916 Latiares
1014 1862 1047 1917 ct
1066 1849 1214 1917 Florales
1237 1853 1271 1917 in
1292 1873 1378 1918 com·

234 1977 331 2022 mune
353 1953 576 2036 celebrantur3
614 1951 733 2039 reliqui
749 1951 899 2018 ludorum
922 1951 963 2018 dc
986 1953 1151 2018 natalibus
1173 1963 1206 2018 et
1227 1953 1376 2018 solemni·

235 2057 296 2122 bus
316 2077 431 2140 regum
452 2064 484 2118 et
504 2053 645 2140 publicis
667 2053 939 2140 prosperitatibus
959 2063 993 2119 et
1010 2055 1261 2142 municipalibus
1283 2055 1377 2120 iestis

233 2157 476 2245 superstitionis
491 2177 606 2220 causas
623 2155 753 2220 habent.
779 2155 865 2220 inter
880 2178 961 2243 quoa
979 2157 1075 2221 etiam
1092 2159 1294 2243 priuatorum
1312 2177 1376 2220 me·
1390 2182 1413 2224 rs

235 2260 346 2326 moriis
367 2255 546 2342 legatariae
567 2257 728 2323 editiones
750 2265 939 2343 parentant;
987 2258 1022 2323 id
1048 2281 1176 2346 quoque
1198 2259 1377 2326 secundum

234 2362 449 2427 institutionis
470 2361 708 2447 antiquitatem.
744 2380 819 2422 nam
841 2368 875 2424 et
895 2381 915 2422 a
936 2361 1115 2448 primordio
1134 2361 1286 2426 bifariam
1307 2359 1378 2426 ludi

234 2463 453 2530 censebantur
469 2462 555 2528 sacri
569 2469 602 2526 et
616 2461 770 2526 funebres
787 2461 887 2527 idest
903 2461 973 2528 deis
994 2463 1160 2528 nationum
1177 2472 1210 2528 et
1229 2463 1377 2528 mortuis.

113 2618 234 2695 187⁸*
321 2631 512 2697 Communis
534 2633 626 2718 origo
651 2630 801 2696 ludorum
825 2633 993 2719 utriusque
1018 2633 1165 2718 generis,
1189 2653 1377 2698 communes

235 2745 268 2800 et
289 2733 390 2814 tituli,
412 2740 449 2796 ut
469 2733 510 2797 de
531 2731 758 2798 communibus
779 2735 899 2798 causis.
931 2735 1068 2820 perinde
1091 2745 1269 2822 apparatus
1289 2757 1414 2799 com-so

235 2857 350 2900 munes
369 2833 513 2900 habeant
527 2855 661 2899 necesse
684 2843 734 2900 ost
750 2833 902 2900 dereatu
919 2835 1064 2922 generali
1083 2835 1285 2902 idololatriae
1303 2859 1378 2902 con-

235 2937 361 3003 ditricis
388 2955 477 3000 suae.
530 2935 588 3000 sed
621 2937 816 3002 circensium
850 2936 947 3023 paulo
978 2937 1160 3026 pompalior
1191 2948 1378 3024 suggestus,

1325 3087 1333 3106 Ι

236 3093 371 3144 adnsrsaa
388 3091 506 3158 tragisse
524 3091 642 3142 uictoria
659 3090 761 3142 sit.’·-
773 3093 937 3143 Plutarchus
954 3093 1012 3142 vita
1030 3093 1138 3144 Romuli
1161 3093 1205 3144 luz
1231 3085 1292 3145 iret
1335 3094 1377 3160 θη

235 3156 289 3227 pir
301 3147 355 3211 οὖν
380 3151 387 3171 ‘
406 3151 521 3242 ἁρπαγῇ
539 3156 666 3224 καὶπερὶ
678 3153 731 3226 τὴν
747 3150 995 3227 ὀκτωκαιδεκάτην
1011 3153 1123 3228 ἡμέραν
1140 3155 1265 3214 rosierias
1278 3109 1375 3225 iiiim-

236 3229 300 3280 ttoo
317 3175 408 3296 aquic
420 3221 584 3293 Αὔγουστον
602 3221 635 3278 di
648 3227 715 3290 νῦν,
733 3221 765 3280 ir
778 3215 795 3293 ἦ
806 3222 860 3296 τὴν
872 3229 927 3280 esdr
943 3229 1117 3281 Kersoullos
1129 3221 1231 3297 ἑορτὴν
1246 3221 1376 3296 dyoosrr.

324 3293 410 3351 186**
428 3297 615 3348 'tertullianus
634 3297 667 3346 de
686 3295 894 3362 spectaculisss:
914 3297 1125 3350 ‘Accedit
1145 3300 1298 3348 mortuis.
1327 3297 1376 3348 sed

236 3366 271 3416 de
292 3365 453 3417 idololatria
474 3363 542 3414 nihii
566 3365 659 3414 differt
676 3365 748 3430 apud
766 3381 830 3429 nos,
850 3365 899 3416 sub
919 3381 971 3430 quo
989 3367 1099 3416 nomine
1119 3373 1146 3417 et
1158 3367 1247 3428 timlo,
1266 3367 1328 3416 dum
1342 3365 1376 3416 ad

236 3434 347 3484 eoadem
370 3434 482 3500 spiritus
506 3433 652 3500 perueniat
674 3433 771 3498 quibus
794 3435 992 3484 renuntiamus.
1026 3434 1122 3486 licebit
1144 3436 1258 3484 mortuis
1281 3434 1379 3485 licebit

235 3501 295 3552 deis
307 3501 364 3552 auis
376 3501 490 3568 proinde
500 3501 581 3564 (r'mruo
590 3500 715 3568 perinde)
724 3501 838 3550 mortuis
848 3502 967 3564 iaciant,
980 3517 1036 3552 nna
1049 3502 1173 3552 condicio
1183 3502 1269 3567 partis
1278 3503 1376 3552 utrius-

236 3585 288 3636 que
307 3574 362 3632 est,
385 3585 441 3620 una
458 3569 628 3631 idololatria,
652 3583 706 3618 uus
724 3569 890 3618 renuntiatio
913 3574 1008 3620 nostra
1032 3571 1163 3620 aduersus
1180 3565 1376 3620 idololatrian!

323 3633 407 3690 {gru
425 3637 612 3688 'tertullianus
631 3637 664 3686 de
683 3635 850 3702 spectaculis
868 3637 895 3686 7:
933 3637 1134 3687 ‘Communia
1207 3638 1376 3687 consedit.

237 3721 272 3756 es
290 3706 314 3754 si
332 3707 436 3756 minore
454 3721 520 3755 eura
542 3720 592 3771 per
609 3705 767 3770 prouincias
784 3719 833 3768 pro
851 3705 1000 3756 minoribns
1016 3706 1121 3755 uiribus
1144 3705 1376 3766 administrantur,

237 3778 330 3824 tamen
348 3789 443 3824 omnes
465 3773 566 3838 ubique
585 3773 723 3822 circenses
742 3771 807 3821 illuc
830 3773 979 3838 deputandi
1001 3775 1073 3824 nude
1097 3778 1125 3823 et
1147 3778 1290 3838 petuntur,
1313 3773 1377 3822 iude

237 3841 415 3906 inquinantur
441 3841 514 3891 trude
541 3845 690 3891 sumuntur.
730 3853 795 3889 nam
823 3847 851 3891 st
873 3841 976 3890 riuulus
1001 3841 1092 3891 tenuis
1116 3857 1148 3890 ex
1172 3857 1221 3891 suo
1244 3842 1320 3892 fonte
1350 3843 1378 3890 et

236 3909 360 3960 surculus
384 3909 508 3959 modicus
533 3923 565 3960 ex
589 3923 641 3959 sua
664 3907 761 3958 fronde
784 3909 945 3973 qualitatem
969 3909 1083 3976 originis
1106 3909 1237 3960 continet.
1277 3907 1379 3958 uiderit

325 4075 334 4124 1
350 4065 411 4124 XV
426 4067 478 4122 Fr.
497 4063 601 4122 lunius
613 4057 627 4144 ΙΙ
643 4071 660 4126 ³
674 4059 769 4122 tradit
784 4062 823 4120 A:
836 4061 961 4122 tradidit
976 4065 1058 4138 uulgo
1073 4058 1086 4146 ΙΙ
1101 4075 1117 4127 5
1130 4063 1182 4144 qui
1194 4082 1270 4144 quos
1286 4082 1376 4144 quem

235 4151 356 4222 scripsi:
375 4168 497 4230 quoque
513 4153 553 4220 A,
573 4149 654 4224 culpo
670 4147 721 4226 qui
740 4155 873 4226 quotque
892 4151 975 4207 Fato.
1003 4151 1124 4207 Vrsinus
1142 4147 1156 4228 ll
1180 4159 1213 4210 10
1237 4148 1284 4206 cui
1306 4145 1377 4206 dolo

236 4237 279 4290 Au
295 4227 308 4314 ll
323 4234 411 4294 unius
428 4234 574 4314 cuiusque
589 4235 643 4292 Fr.
667 4234 770 4292 lunas
784 4225 798 4312 ΙΙ
815 4244 846 4294 tt
862 4251 972 4292 causas
987 4237 1012 4292 A
1027 4253 1138 4294 causas
1155 4233 1280 4311 originis
1296 4237 1377 4306 uulgo

217 4307 252 4396 ΙΙ
266 4325 302 4378 tu
314 4317 483 4396 perindeA
502 4317 630 4398 proinde
652 4321 734 4394 rubo
752 4311 766 4396 li
789 4326 824 4380 22
841 4317 1012 4398 pompalior
1032 4321 1085 4378 Fr.
1104 4321 1221 4378 Iturius.⁸
1253 4335 1376 4396 pompa·

235 4401 296 4460 tior
310 4405 335 4460 A
982 4406 993 4415 “
