3064 5064
519 441 561 486 nn
584 443 672 486 anuo
696 442 897 495 nouauoava
1223 425 1277 486 151

136 599 199 656 tem
214 589 371 656 horarum
391 587 473 656 XII.
494 597 604 677 partes
621 567 759 656 abuside
779 588 844 656 diei
863 597 929 654 tres
953 597 1045 655 sunt:
1066 605 1164 654 naun
1181 607 1282 656 ιιιιιιι-

137 707 215 758 uurs
230 701 265 758 et
281 707 455 758 suranus.
476 692 572 758 initia
587 691 654 758 diei
672 691 730 758 alii
745 714 766 758 a
779 691 858 760 solie
874 700 947 758 ortu
964 701 1080 776 putant
1092 691 1149 756 alii
1170 689 1213 756 ab
1228 715 1280 758 oc·

136 883 179 932 nel
198 880 337 932 artificem
355 881 496 948 significet
513 897 565 932 nec
583 882 656 932 unde
674 882 837 933 translatum
856 883 893 932 stt
911 885 958 932 aut
972 881 1044 948 apud
1057 895 1136 946 quem
1148 882 1280 948 scriptum

135 950 160 1000 id
178 949 329 1000 inuenerit.
365 951 403 1000 Μ.
421 951 509 1001 Varro
528 951 642 1014 primum
665 954 799 1001 statutum
822 952 850 1000 in
872 949 983 1016 publico
1006 948 1156 1000 secuudum
1178 950 1280 1000 Rostra

136 1019 162 1066 iu
181 1017 313 1068 columna
336 1017 422 1068 tradit
443 1017 518 1068 bello
541 1017 646 1068 Punico
670 1017 757 1083 primo
782 1034 799 1068 a
821 1019 867 1070 Μ’.
887 1017 999 1068 Valerio
1022 1017 1143 1069 Messala
1166 1017 1278 1068 consule

135 1085 236 1136 Catina
249 1091 335 1152 capta
347 1087 380 1148 ¹in
391 1084 502 1148 Sicilia,
521 1085 694 1152 deportatum
713 1085 776 1136 inde
796 1092 858 1150 post
875 1085 951 1136 XXX
970 1100 1057 1135 annos
1076 1100 1155 1150 quam
1174 1085 1207 1135 de
1225 1085 1278 1136 Pa·

135 1153 241 1218 piriano
260 1152 405 1218 horologio
423 1152 549 1215 traditur,
569 1169 641 1204 anuo
657 1153 734 1204 urbis
747 1153 991 1204 CCCCLXXXXI.
1020 1167 1071 1202 nec
1089 1153 1280 1218 congruebant

135 1221 167 1270 sd
185 1221 271 1272 boras
290 1221 350 1272 eius
368 1219 471 1284 lineae,
489 1226 640 1286 paruerunt
657 1227 750 1271 tamen
769 1223 809 1272 eis
828 1221 907 1272 annis
925 1221 1116 1282 undecentum,
1137 1220 1224 1270 donec
1244 1221 1276 1283 Q.
1303 1235 1306 1244 ’

135 1287 255 1338 llsrcius
275 1288 419 1369 Philippus
438 1290 485 1354 qui
504 1305 563 1338 cum
582 1289 615 1338 L.
633 1288 721 1339 Paulo
740 1289 793 1340 fuit
816 1305 913 1340 censor
936 1287 1098 1354 diligentius
1123 1287 1278 1339 ordinatum

134 1357 209 1406 iuxta
228 1357 330 1422 posuit,
348 1357 429 1422 1dque
448 1371 544 1408 munus
562 1358 636 1407 iuter
654 1357 780 1408 censoria
798 1372 883 1422 opera
895 1357 1051 1422 gratissime
1065 1361 1209 1422 acceptum
1227 1361 1277 1406 est.

134 1425 284 1474 etiamnum
297 1429 390 1474 tamen
402 1423 496 1474 nubilo
510 1425 634 1476 incertae
648 1425 724 1474 tuere
737 1425 821 1475 borae
833 1439 919 1490 usque
933 1424 967 1474 ad
983 1439 1140 1490 proxumum
1153 1423 1276 1474 lustrum.

133 1499 196 1541 tune
221 1491 317 1557 Scipio
339 1491 443 1542 Nasica
466 1491 574 1557 collega
596 1493 718 1542 Laenati
745 1493 848 1558 primus
871 1507 944 1557 aqua
968 1491 1063 1542 diuisit
1084 1491 1167 1543 bores
1190 1507 1277 1556 aeque

133 1561 256 1610 noctium
287 1575 319 1610 ae
349 1559 469 1622 dierum,
501 1559 582 1626 idque
610 1559 779 1625 horologium
802 1560 852 1610 sub
875 1565 949 1610 tecto
973 1559 1079 1610 dicauit
1107 1574 1178 1609 anno
1201 1559 1278 1610 urbis

133 1627 241 1676 DXCV.
253 1627 359 1678 tamdiu
369 1627 470 1694 populo
480 1627 603 1679 Romano
611 1628 762 1679 indiscreta
773 1628 820 1679 lux
832 1626 903 1678 suiu’
912 1627 1037 1678 -Varro
1049 1626 1121 1678 L.L.
1131 1627 1168 1676 VI
1181 1627 1276 1692 lsqq.:

134 1693 277 1744 ‘Meridies
301 1695 335 1744 ab
360 1711 393 1745 eo
417 1695 488 1760 qued
511 1695 616 1748 medius
634 1695 706 1756 dies;
735 1697 760 1746 D
781 1696 887 1760 antiqui
906 1711 960 1746 non
979 1695 1002 1744 u
1020 1695 1048 1744 in
1066 1695 1118 1746 hoc
1135 1694 1275 1754 dicebant,

133 1771 159 1811 ut
182 1763 337 1812 Praeneste
360 1763 479 1812 incisum
500 1765 529 1814 in
552 1763 654 1814 solario
676 1763 735 1814 uidi
820 1764 877 1814 diei
897 1763 1062 1828 principium
1085 1778 1179 1824 mane,
1205 1761 1277 1827 quod

133 1837 186 1880 tum
211 1837 308 1880 meust
332 1829 390 1880 dies
415 1831 451 1882 ab
474 1832 594 1892 oriente,
625 1831 679 1882 uisi
702 1831 793 1896 potius
813 1831 883 1896 qnod
901 1831 1001 1881 bonum
1020 1831 1128 1896 antiqui
1146 1829 1277 1880 dicebant

133 1913 256 1958 manum,
282 1897 316 1948 sd
340 1898 510 1962 quoiusmodi
534 1899 697 1964 religionem
721 1899 822 1950 Graeci
845 1913 952 1964 quoque
971 1915 1051 1964 quom
1074 1900 1165 1949 lumen
1184 1898 1276 1948 adscr-

133 1972 174 2014 tur
201 1965 295 2016 solent
318 1965 410 2017 dicere
434 1965 495 2032 φῶς
523 1953 648 2031 tripudiis.
688 1981 817 2032 suprema
840 1981 971 2016 summurn
994 1967 1063 2028 diei,
1093 1966 1121 2018 id
1143 1982 1160 2016 a
1183 1981 1275 2030 super-

132 2035 207 2084 rimo.
245 2033 297 2084 hoc
315 2038 423 2100 ternpus
441 2034 495 2084 XII
513 2034 625 2084 tabulae
647 2035 742 2084 dicunt
765 2050 894 2085 occasum
918 2050 978 2085 csse
1002 2035 1081 2096 solis3
1105 2033 1154 2084 sed
1177 2039 1276 2098 postea

132 2100 175 2151 lex
191 2101 338 2152 Plaetoria
356 2101 385 2152 id
404 2117 509 2166 quoque
528 2108 635 2168 tempus
654 2103 730 2152 iubet
749 2119 809 2154 esse
821 2117 975 2169 supremum
995 2117 1046 2168 quo
1063 2117 1164 2167 praeco
1182 2103 1211 2151 in
1230 2118 1274 2152 co·

132 2169 206 2219 mitio
226 2185 382 2234 supremam
400 2171 591 2234 pronuntiauit
606 2167 716 2236 populo.
747 2169 895 2220 secuudum
907 2170 959 2220 boc
972 2169 1073 2220 dieitur
1085 2169 1275 2234 crepusculum

133 2253 290 2302 screpero.
328 2236 355 2286 id
374 2237 537 2290 uocabulum
556 2244 730 2304 sumpserunt
749 2253 765 2288 a
783 2237 905 2300 Sabinis,
924 2237 995 2288 unde
1009 2238 1123 2286 ueniunt
1141 2235 1275 2302 Crepusci

132 2305 266 2354 nominati
285 2304 433 2364 Amiterno,
454 2306 500 2370 qui
519 2322 551 2356 eo
570 2310 691 2372 tempore
711 2309 790 2356 erant
808 2307 876 2368 nati,
895 2310 926 2354 ut
937 2304 1018 2355 Lucii
1036 2305 1124 2370 primu
1143 2303 1214 2354 luce.
1246 2305 1275 2354 iu

132 2373 250 2422 Reatino
270 2371 462 2438 crepusculum
481 2373 622 2438 significet
639 2373 763 2435 dubiunu
783 2374 818 2424 ab
837 2390 869 2423 eo
887 2389 931 2422 res
950 2372 1049 2424 dubiae
1068 2372 1160 2422 dictae
1179 2386 1274 2436 crepe-

131 2455 185 2500 rae‚
205 2441 279 2504 quod
297 2438 488 2504 crepusculum
506 2441 566 2492 dies
585 2442 667 2491 etiam
686 2457 759 2492 nunc
777 2442 813 2491 sit
832 2457 867 2492 an
885 2442 941 2490 iarn
960 2456 1022 2501 uox,
1042 2439 1135 2490 multis
1153 2437 1272 2488 dubium.

131 2507 187 2558 Nox
206 2507 289 2572 quod,
310 2513 340 2557 ut
358 2507 472 2558 Catulus
490 2511 544 2568 ait,
565 2509 657 2560 omnia
670 2509 723 2559 nisi
737 2509 906 2560 interueniat
923 2507 964 2558 sol
981 2509 1081 2572 pruina
1093 2507 1273 2572 obriguerInt,

132 2575 200 2640 quod
220 2582 307 2626 nocet
324 2591 391 2638 nox,
415 2577 470 2626 uisi
488 2577 559 2660 qprod
577 2577 685 2628 Graece
705 2569 757 2638 νύξ
775 2593 837 2628 ιιοιι.
874 2589 953 2642 quoru
971 2573 1053 2626 stella
1072 2575 1160 2640 prima
1178 2579 1274 2624 exorta

131 2669 160 2679 —
172 2659 237 2693 eum
255 2643 358 2694 Gracci
376 2649 478 2695 uocant
497 2659 630 2708 soaspov,
651 2645 737 2694 nostri
755 2645 965 2710 uesperngiuem
982 2648 1013 2692 nt
1032 2643 1159 2694 Plautus:
1178 2643 1273 2707 Neque

130 2725 285 2776 uesperugo
300 2726 389 2776 neque
404 2712 542 2776 uergiliae
557 2713 725 2763 occidunt-
740 2713 766 2762 id
778 2718 884 2778 tempus
894 2711 996 2761 dietum
1008 2711 1146 2760 aGraecis
1159 2701 1273 2772 ionica,

131 2777 230 2829 Latius
250 2795 363 2844 uesper:
382 2784 413 2828 ut
432 2786 496 2829 ante
515 2781 600 2830 solem
619 2785 720 2842 ortum,
745 2779 815 2846 quod
835 2779 932 2830 eadem
950 2777 1032 2829 stella
1051 2785 1166 2828 uocatur
1184 2779 1272 2840 iubar,

131 2847 199 2910 quod
219 2847 329 2898 iubata.
359 2847 536 2898 Pacuuianus
554 2847 624 2898 dicit
645 2853 753 2912 pastor:
782 2849 885 2898 Exorto
908 2847 1019 2908 iubare,
1044 2847 1133 2896 noctis
1158 2845 1273 2896 decurso

131 2913 244 2975 itinere3
273 2915 418 2965 Ennianus
441 2916 524 2966 Aiax:
555 2914 635 2977 Quod
658 2917 762 2978 lumen,
787 2916 902 2966 iubarne
927 2915 955 2964 in
979 2913 1058 2965 caelo
1077 2917 1177 2982 cerno?
1201 2914 1273 2963 inter

130 2983 342 3048 uesperugiucm
365 2987 393 3032 et
412 2983 491 3034 iubar
508 2983 585 3033 dicta
604 2999 657 3034 uox
676 2985 856 3048 intempesta,
881 2987 911 3032 ut
934 2983 962 3032 in
980 2983 1065 3032 Bruto
1084 2981 1175 3032 Cassii
1195 2981 1272 3046 ‘quod

130 3049 242 3100 dicebat
264 3051 410 3100 Lucretia:
440 3051 528 3100 Nocte
550 3051 718 3116 intempesta
746 3056 867 3100 nostrum
891 3051 1005 3100 deuenit
1023 3049 1139 3100 domum.
1175 3049 1272 3100 iuturu-

129 3125 237 3181 pestam
254 3117 350 3168 Aelius
368 3117 482 3168 dicebat
500 3133 579 3182 quoru
598 3123 705 3184 tempus
723 3119 825 3184 agendi
843 3123 885 3168 ost
902 3118 1021 3178 nullum,
1046 3118 1117 3182 quod
1140 3117 1189 3167 alii
1209 3133 1272 3167 con-

130 3186 238 3236 cubium
258 3184 443 3251 appellarunt,
463 3186 534 3252 quod
553 3201 646 3236 omues
668 3187 726 3238 iere
751 3191 816 3237 tuuc
839 3186 987 3246 cubarent;
1012 3186 1060 3234 alii
1085 3184 1120 3235 ab
1145 3201 1178 3235 eo
1201 3183 1272 3250 quod

129 3253 269 3314 sileretur,
301 3253 441 3304 silentium
469 3255 572 3313 noctis,
606 3254 677 3328 qupd
703 3254 777 3304 idern
803 3253 917 3304 Plautus
945 3259 1052 3318 tempus
1079 3253 1273 3313 conticinium

129 3321 224 3370 scribit
244 3321 330 3371 enim:
366 3321 540 3377 Videbimus:
568 3322 672 3373 lactum
690 3321 767 3371 uolo:
792 3321 881 3372 redito
900 3319 1069 3372 conticinio.'
1105 3321 1273 3370 Censorinus

128 3387 171 3437 il:
209 3389 296 3438 ‘Sunt
323 3389 406 3438 etiam
434 3389 513 3454 plura
539 3390 628 3440 nectit
656 3396 685 3440 et
711 3389 767 3440 diei
795 3395 918 3454 tempora
946 3387 1011 3438 aliis
1038 3389 1187 3438 subnotata
1210 3404 1272 3452 pro·

129 3458 250 3522 priisque
270 3456 391 3506 discrete
410 3457 579 3518 nominibus,
604 3473 674 3522 quae
699 3457 771 3524 apud
793 3463 903 3506 ueteres
925 3463 1022 3520 poetas
1046 3457 1148 3520 passim
1167 3457 1272 3520 scripta

130 3525 315 3574 inueniuntur.
352 3539 386 3574 ee
404 3526 496 3574 omnia
515 3525 610 3575 ordine
630 3541 679 3576 suo
698 3541 840 3590 exponam.
878 3525 1009 3588 Incipiam
1034 3539 1051 3572 a
1069 3529 1150 3573 nocte
1170 3523 1270 3580 media,

129 3593 196 3654 quod
221 3599 330 3657 tompus
353 3592 517 3658 principium
541 3597 569 3642 et
587 3599 751 3658 postremum
776 3597 819 3642 est
839 3591 895 3642 dici
914 3593 1039 3642 Romani.
1076 3597 1182 3654 tempus
1201 3591 1273 3654 quod

129 3659 189 3709 buie
208 3660 360 3725 proximum
376 3667 422 3710 est
440 3666 556 3710 uocatur
580 3661 613 3712 de
632 3659 725 3710 media
743 3665 838 3709 nocte:
864 3661 985 3722 sequitur
1004 3658 1189 3724 gallicinium,
1210 3673 1271 3708 cum

129 3727 192 3792 galli
212 3743 315 3776 canere
335 3727 484 3792 incipiunt;
503 3727 568 3777 dein
587 3729 781 3786 conticinium,
807 3743 867 3776 cum
887 3728 1091 3786 conticuerunt,
1116 3730 1182 3775 tunc
1206 3731 1270 3776 ante

129 3793 230 3853 lucem,
256 3801 285 3844 et
304 3795 344 3844 sic
362 3795 524 3858 diluculum,
549 3811 610 3845 cum
633 3795 690 3846 sole
710 3795 828 3844 noudum
850 3801 910 3845 orto
928 3795 984 3844 iam
1002 3795 1085 3843 lucet.
1122 3792 1271 3844 secundum

128 3861 276 3912 diluculum
296 3869 412 3912 uocatur
430 3878 520 3926 usaue,
540 3879 602 3914 cum
620 3863 666 3914 lux
684 3863 794 3912 uidetur
812 3863 891 3922 solis;
910 3861 1040 3927 posthoc
1061 3861 1094 3910 ad
1113 3859 1281 3922 meridiem·

128 3933 191 3980 tune
203 3929 344 3990 meridies,
358 3929 429 3994 quod
443 3935 485 3980 est
497 3931 580 3982 medii
593 3931 648 3981 diei
661 3946 774 3991 nomen;
788 3929 851 3979 inde
866 3929 899 3979 de
913 3929 1041 3986 meridie;
1057 3928 1120 3978 binc
1134 3943 1270 3992 suprema.

128 3999 252 4060 quamuis
270 3997 381 4064 plurimi
399 4011 555 4064 supremam
573 4005 637 4064 post
649 4014 777 4050 occasum
797 3997 864 4048 solis
883 4013 943 4047 esse
958 3997 1124 4058 existimant,
1144 3996 1210 4060 quia
1228 3999 1271 4046 est

129 4065 155 4114 in
171 4066 226 4116 llll
246 4065 350 4116 tabulis
368 4065 501 4131 scriptum
520 4067 575 4116 sic:
595 4066 666 4117 Solis
686 4081 801 4117 occasus
820 4079 948 4132 suprema
963 4068 1114 4128 tempestas
1128 4069 1196 4112 esto.
1220 4061 1270 4114 sed

128 4139 223 4196 postea
242 4133 280 4199 Ii.
299 4133 457 4184 Plaetorius
475 4134 602 4186 tribunus
621 4134 710 4200 plebis
728 4135 829 4184 scItum
847 4132 924 4196 tulit,
943 4133 972 4181 iu
991 4145 1043 4196 quo
1061 4131 1194 4197 scriptum
1213 4135 1269 4182 est:

210 4289 403 4349 lorsrumA
424 4279 438 4368 ΙΙ
460 4285 607 4368 abusiuae
632 4267 710 4346 ABG
736 4284 855 4346 ebusini
876 4287 1017 4344 Areoclus
1036 4275 1050 4362 ΙΙ
1071 4277 1149 4360 diei]
1168 4283 1270 4360 spatia

128 4370 185 4432 diei
203 4373 233 4430 B
247 4364 262 4451 ss
277 4370 404 4432 meridie
423 4367 490 4432 B¹G
505 4367 519 4454 ΙΙ
534 4357 767 4452 rbuppremaa
784 4363 912 4452 suppma
931 4371 965 4428 M
978 4387 1119 4446 supreme
1139 4362 1178 4426 ΒΙ
1197 4387 1267 4445 sup-

127 4455 230 4534 premi
246 4452 289 4516 13²
304 4451 318 4538 ΙΙ
332 4455 425 4517 inicia
440 4460 466 4515 Α
482 4457 521 4531 (et
536 4461 578 4518 sic
590 4455 849 4532 compca-initium
865 4457 891 4516 B
905 4448 920 4536 ΙΙ
934 4474 953 4514 a
965 4471 1018 4512 cm.
1042 4455 1065 4512 G
