3072 5064
534 441 577 484 nu
598 439 738 486 nervam
762 441 871 486 μονον
1206 423 1268 490 207

214 588 323 656 Solem
345 589 535 677 ampliorem
557 590 690 677 aliquod
712 591 861 678 partibus
885 612 982 677 quam
1002 597 1121 656 terram
1145 575 1381 678 sapien-129*

131 700 178 754 tes
200 691 402 758 describunt.

215 841 322 908 Solem
358 867 417 932 per
445 867 480 909 se
514 845 620 931 ipsum
648 854 777 910 constat
806 845 931 910 moueri
959 865 1023 909 non
1052 865 1125 907 eum
1150 835 1381 912 mundoi30*

130 945 213 1007 uerti
243 945 300 1009 sed
332 946 365 1010 in
392 946 520 1012 zodiaci
553 947 666 1010 circuli
703 945 893 1034 obliquitate
927 967 1054 1010 cursum
1085 966 1271 1031 peragrare.

107 1047 184 1132 oqui
207 1069 281 1111 eum
299 1071 357 1134 per
379 1057 542 1114 trecentos
559 1049 733 1133 sexaginta
751 1048 893 1135 quinque
914 1047 983 1111 dies
1005 1059 1037 1112 et
1058 1047 1270 1134 quadrantem

130 1215 238 1302 argi
205 1234 261 1283 την
272 1217 329 1298 γῆν
340 1213 442 1298 πυρὸς
441 1212 491 1270 τὸν
503 1209 594 1285 ἥλιον.
624 1218 796 1300 Επίκοοοος,
815 1213 917 1286 γήινον
928 1210 1066 1287 πύκνωμα
1079 1213 1272 1286 κιοσηροειδὲς

131 1289 192 1344 ταις
202 1302 409 1353 terratenusque
426 1279 483 1338 ὑπὸ
495 1287 546 1338 reri
563 1281 654 1353 πυρὸς
672 1279 845 1354 ἐνημμένον.

216 1353 265 1408 itt
277 1355 426 1406 *Isidorus
443 1357 476 1406 de
494 1363 594 1406 natura
612 1372 700 1406 rerum
713 1357 790 1405 XVI.
815 1356 865 1406 ‘De
879 1357 1034 1420 quantitate
1052 1355 1119 1406 eolis
1133 1361 1161 1406 et
1178 1355 1270 1406 lunae.

131 1423 255 1473 Rursua'
248 1439 275 1472 m
290 1425 387 1474 eodem
399 1440 481 1490 opere
495 1426 590 1474 docter
603 1425 673 1474 idem
687 1427 727 1474 ita
739 1429 871 1474 testatur:
891 1424 962 1474 Solis
975 1425 1067 1475 radius
1081 1424 1149 1474 nulli
1161 1425 1272 1504 propior

130 1491 196 1540 nulli
210 1493 387 1558 longinquior
400 1497 449 1542 eet.
466 1493 594 1542 similiter
607 1499 634 1542 ot
646 1491 728 1542 lunae
742 1492 839 1558 globus
851 1492 977 1556 aequalis
991 1497 1032 1543 est
1044 1493 1177 1544 omnibus.
1196 1493 1270 1541 simi-

130 1558 164 1608 lis
174 1561 215 1610 sol
230 1567 258 1610 et
271 1561 347 1610 lndie
361 1567 389 1610 et
399 1561 535 1610 Brittanis
548 1561 643 1610 eodem
656 1565 790 1611 momento
803 1560 911 1610 uidetur
921 1576 980 1609 eum
994 1562 1080 1610 oritur
1090 1577 1140 1609 nee
1153 1575 1271 1623 uergens

132 1628 157 1676 in
169 1643 300 1680 oceasum
311 1629 400 1678 minor
411 1634 527 1696 apparet
540 1628 720 1679 orientalibus
736 1643 787 1678 nee
799 1627 1017 1678 occidentalibus
1029 1644 1090 1678 eum
1102 1629 1187 1678 oritur
1200 1629 1270 1678 inle-

132 1697 186 1744 rior
198 1713 279 1762 quam
294 1697 478 1748 orientalibus
492 1697 674 1747 existimatur.
698 1695 836 1758 Quantum
849 1696 943 1757 distat,
958 1697 1053 1760 inquit,
1073 1697 1129 1747 orie
1133 1712 1164 1746 ua
1178 1696 1212 1746 ab
1226 1713 1270 1746 oe·

131 1771 214 1814 casu?
224 1771 331 1814 tantum
342 1763 412 1815 1ιοοο
423 1765 493 1814 sibi
486 1766 604 1815 inuicem
614 1765 726 1824 distant,
738 1765 785 1814 sed
796 1763 837 1814 ael
848 1781 865 1814 a
874 1763 948 1814 nullo
959 1765 1052 1827 distat,
1063 1764 1131 1814 nulli
1141 1781 1270 1830 praeseu-

132 1833 183 1881 tior
195 1832 319 1896 nullique
334 1834 464 1882 remotior
477 1838 526 1883 est.
552 1847 639 1896 neque
653 1838 763 1882 moueat
776 1846 946 1898 quemquam,
960 1833 1030 1896 quod
1043 1803 1181 1898 lamquam
1195 1831 1271 1882 errbi

131 1900 194 1948 talis
204 1901 232 1950 in
243 1903 309 1949 orbe
320 1917 370 1951 sno
381 1901 510 1952 uideatur
521 1917 581 1950 eum
591 1901 683 1963 oritur,
694 1899 742 1949 sed
753 1900 921 1950 considerari
931 1906 1037 1966 oportet
1048 1911 1175 1966 quannrm
1187 1901 1270 1950 inter-

131 1967 165 2015 sit
174 1969 261 2032 spatii
270 1970 343 2018 inter
353 1968 437 2019 solem
449 1973 597 2030 ettonem,
608 1970 679 2033 quod
689 1968 835 2032 adspectus
847 1969 932 2018 uestri
944 1969 1088 2020 iufirmitas
1100 1975 1127 2018 et
1137 1969 1271 2034 quaedam

131 2035 275 2100 aegritudo
288 2037 335 2086 uix
348 2037 424 2086 ualet
434 2037 586 2088 intendere.
599 2037 680 2086 Hunc
691 2040 781 2086 autem
795 2037 994 2101 ampliorem
1058 2037 1243 2086 deseribuu
1251 2043 1271 2085 t.

133 2104 240 2154 Lunam
259 2111 353 2156 autem
370 2107 503 2154 minorem
527 2121 589 2155 esse
608 2104 703 2154 dieunt
727 2105 833 2168 antiqui
858 2119 938 2170 quam
960 2105 1058 2167 solem3
1083 2107 1174 2154 omnia
1198 2105 1270 2154 enim

132 2187 203 2238 quae
221 2174 346 2236 proxima
364 2179 428 2224 sunt
446 2173 526 2222 nobis
544 2173 649 2222 uiatore
668 2171 804 2233 uidentur,
824 2171 1026 2238 longinquitate
1046 2177 1138 2222 autem
1151 2173 1270 2222 locorum

130 2242 205 2290 uisus
223 2240 390 2306 languescit.
421 2243 514 2292 lunam
533 2247 625 2291 antem
643 2241 767 2290 uidenms
785 2239 868 2306 p'repe
888 2257 937 2290 nes
956 2257 1016 2290 esse
1036 2257 1087 2290 nee
1106 2255 1166 2290 eam
1185 2241 1270 2290 naaio-

131 2325 185 2358 rem
200 2309 328 2375 aspeetui
346 2317 440 2360 nostro
460 2325 540 2373 quam
558 2308 658 2368 solem;
682 2309 798 2372 ideoque
818 2323 879 2357 eum
897 2308 938 2358 rel
957 2308 1038 2372 longe
1056 2309 1181 2373 superior
1199 2309 1236 2357 sit
1255 2324 1272 2357 a

131 2377 195 2426 luna
220 2383 249 2426 et
271 2385 365 2426 tamen
389 2395 406 2428 a
430 2377 509 2430 uoltis
532 2377 619 2426 maior
641 2377 764 2438 uidetur,
795 2376 849 2424 iam
877 2377 901 2426 si
924 2392 1008 2441 prope
1036 2393 1085 2426 nes
1109 2377 1269 2438 accesserit,

131 2445 216 2494 mrrlto
229 2447 360 2494 maiorem
376 2442 514 2496 saturum)
528 2443 650 2495 Isidorus
663 2446 750 2510 origg.
765 2443 807 2493 lll
818 2445 898 2508 ltisq.
911 2445 1068 2494 Ambrosius
1079 2445 1113 2494 ll.
1128 2445 1185 2494 llll
1197 2443 1213 2492 e
1225 2443 1270 2492 25:

132 2511 214 2561 Solis
227 2513 320 2561 radius
334 2513 404 2562 nulli
416 2513 525 2580 propior
538 2512 607 2562 nulli
620 2511 795 2577 longinquior
808 2517 863 2574 eet,
882 2511 1011 2562 similiter
1029 2518 1057 2561 et
1073 2513 1156 2562 laruae
1174 2512 1271 2576 globus
1312 2575 1313 2578 Ἴ

132 2579 258 2644 aequalis
272 2587 315 2629 est
327 2583 460 2632 omnibus.
479 2581 578 2630 sinrilie
590 2580 630 2630 sol
643 2586 672 2630 et
685 2581 759 2630 India
773 2591 797 2629 et
812 2549 984 2629 llrilarmis
970 2581 1065 2630 eodem
1078 2585 1213 2630 memento
1231 2581 1270 2628 ui-

131 2647 210 2696 detur
223 2663 285 2698 eum
298 2650 399 2710 oritur,
417 2665 469 2699 nee
487 2665 548 2698 eum
563 2649 674 2713 uergit'
667 2665 695 2697 m
709 2663 835 2698 oeeaaum
853 2649 940 2698 minor
957 2657 1074 2714 apparet
1090 2647 1271 2698 orientalibus

132 2731 211 2780 quarn
225 2687 449 2766 <occidentalibus
462 2733 513 2766 nee
526 2715 746 2768 occidentalibus
760 2731 819 2766 eum
833 2717 919 2766 oritur
932 2717 1045 2766 interior
1058 2733 1138 2781 quam
1150 2717 1271 2767 orienta-

132 2783 204 2833 libus
217 2785 390 2834 aestimatnr.
409 2785 546 2847 Quantum
555 2783 655 2844 distat,
669 2785 771 2848 inquit,
786 2785 877 2834 oriens
891 2785 925 2834 ab
939 2785 1104 2834 eeeidente?
1117 2785 1187 2835 haee
1201 2785 1270 2834 inni-

133 2867 190 2900 eem
215 2852 271 2902 sibi
294 2852 399 2902 distant
421 2853 470 2903 sed
492 2851 532 2904 sol
557 2869 573 2901 a
591 2851 666 2902 nullo
690 2853 776 2902 distat
799 2851 867 2902 nulli
891 2853 1020 2903 remetior
1042 2859 1093 2903 est.
1129 2868 1218 2918 raeque
1243 2860 1270 2902 te

132 2927 243 2969 moueat
266 2921 336 2984 quod
360 2925 498 2986 tamquam
523 2919 655 2970 cubitalis
678 2920 729 2970 tibi
754 2919 827 2970 erbis
851 2923 979 2971 uideatur
1000 2921 1067 2972 selis
1091 2937 1150 2972 euin
1175 2923 1270 2983 oritur,

131 2988 179 3037 sed
192 2987 340 3038 considera
353 2997 483 3052 quantum
502 2989 611 3038 intersit
629 2989 715 3052 spatii
734 2989 806 3037 inter
824 2989 908 3038 solem
928 2997 957 3039 et
975 2995 1071 3052 terrae,
1091 2991 1162 3055 quod
1175 3003 1270 3080 aspec-

132 3063 174 3106 tus
199 3057 287 3106 uestri
312 3055 457 3106 infirmitas
486 3057 545 3106 sine
574 3071 673 3120 magne
702 3056 745 3105 sni
767 3071 821 3106 non
844 3063 935 3122 potest
964 3029 1082 3108 transirb
1107 3056 1270 3123 dispendio!

132 3141 164 3176 ea
188 3124 278 3173 Basili
304 3123 428 3174 hexaem.
454 3140 510 3189 p.
505 3123 538 3174 50
562 3141 601 3188 sq.
626 3142 651 3190 p.
676 3121 707 3173 ol
734 3140 792 3188 ep.
817 3123 858 3174 e).
883 3125 1063 3190 Hyginusl’.
1088 3128 1119 3176 A.
1144 3126 1199 3176 llll
1227 3124 1269 3174 14.

133 3193 220 3240 ‘lline
245 3193 331 3242 etiarn
355 3207 497 3272 possumus
521 3193 684 3258 intellegere
713 3192 806 3242 lutiam
829 3194 959 3243 minorem
983 3211 1043 3244 esse
1068 3210 1147 3259 quam
1172 3194 1270 3254 solean

132 3261 225 3310 omnia
244 3273 316 3324 quae
335 3261 458 3324 proximu
471 3266 534 3310 sunt
547 3260 624 3310 nebia
638 3263 741 3310 maiora
754 3277 869 3310 neeesse
883 3266 925 3310 eat
937 3277 997 3312 esse
1011 3277 1091 3327 quam
1106 3279 1175 3327 qnae
1190 3263 1271 3326 longo

131 3327 294 3378 discedente
314 3329 461 3378 interuallo
479 3329 610 3378 uidemus.
647 3330 731 3393 igitur
748 3327 840 3378 lunam
859 3329 981 3378 uidemus
1000 3331 1121 3394 proxime
1143 3345 1270 3380 neeesse

132 3412 219 3460 neque
250 3411 313 3444 eum
340 3397 470 3446 maiorem
500 3397 625 3462 aspectui
648 3403 740 3446 nostre
764 3412 843 3460 quam
867 3397 962 3447 solem.
1003 3397 1070 3446 illud
1094 3413 1199 3462 quoqne
1224 3413 1270 3446 ue-

132 3479 210 3514 eesse
234 3469 278 3512 est
297 3479 358 3513 earm
376 3464 416 3514 sol
436 3479 489 3514 non
508 3465 588 3544 longe
608 3465 680 3514 absit
704 3480 720 3512 a
739 3463 836 3513 luna
823 3473 850 3516 et
868 3482 885 3516 a
903 3467 982 3514 nobis
1000 3467 1088 3515 maior
1104 3466 1228 3527 uidetur,
1247 3467 1270 3514 si

130 3547 225 3616 prope
239 3533 392 3582 accesserit
415 3533 499 3582 niulto
523 3533 653 3582 nraierem
672 3530 811 3582 salumin)
831 3559 861 3568 -
895 3533 1108 3584 Plutarelmsl'.
1130 3536 1159 3583 Ρ.
1180 3503 1270 3583 11321:

130 3547 225 3662 ‘leuga'
193 3597 363 3678 ξανὸμος,
382 3592 432 3649 τὸν
449 3593 502 3666 μὲν
519 3593 601 3718 ἥλιον
620 3597 683 3649 ἴσον
700 3598 735 3717 τῆ
752 3598 788 3665 γῇ
807 3593 890 3659 εἶναι,
909 3595 961 3650 τὸν
979 3593 1012 3650 dt
1033 3591 1186 3664 κύκλον,
1166 3591 1217 3666 αφ’
1236 3589 1271 3653 οὗ

167 3663 342 3744 νκπνοὴν
357 3661 444 3744 ileu,
472 3659 560 3718 uati
561 3658 591 3732 φ’
614 3655 648 3718 oi
678 3663 811 3732 φέρεται,
837 3660 1197 3720 ἑπτακαιεικοσαπλαοιόνα
1208 3670 1270 3748 τῆς

149 3687 431 3812 ἒᾳξναξαγόρος,
454 3737 686 3786 πολλαπλασιονα
705 3730 933 3855 Πελοποννήσου.
966 3729 1162 3814 Ηράκλειτος,
1188 3725 1270 3820 εὖρος

131 3797 221 3861 reduc
233 3794 431 3882 ανθρωπείοο
455 3793 623 3881 Επίκονρος
637 3797 724 3855 πολιν
741 3800 868 3884 ppulo
846 3797 1016 3886 edegardus
1029 3821 1064 3856 τα
1066 3822 1272 3890 προειρημενα

130 3867 237 3934 πάντα,
258 3859 725 4004 ἦτολικοῦτονήλίκοςφαίνεται,
746 3889 867 3952 ημικρῳ
857 3871 972 3940 Ημειζω,
991 3863 1172 3954 pile'rue.
1166 3876 1211 3924 26:
1233 3868 1272 3926 Oi

132 3937 255 3992 Στωικοὶ
296 3938 324 3990 εί
337 3955 391 3990 ove
415 3956 468 4008 την
480 3933 612 4007 σελήνην)
624 3940 674 4007 tric
686 3940 738 4006 γῆς
749 3932 973 4006 ἀποφαίνονται,
984 3959 1022 4000 ως
1033 3938 1081 3992 ael
1091 3959 1141 3992 τον
1153 3933 1244 4032 viltor.

220 3941 682 4074 ldtltSeheliaata(ierrnanioip
706 4009 765 4058 1118·
786 4011 1065 4075 ‘Solemperse'
1058 4009 1180 4076 ipsum’
1201 4029 1224 4062 e.
1245 4029 1269 4076 q.

131 4095 152 4128 a.
189 4077 314 4128 Isidorus
327 4077 360 4126 de
380 4085 478 4128 natura
497 4093 583 4128 rerum
597 4077 673 4128 xvll
686 4093 774 4142 origg
788 4079 831 4128 llI
848 4079 934 4128 411-
948 4080 1106 4131 l'liuiusN.
1126 4081 1159 4129 H.
1179 4081 1205 4130 ll
1224 4079 1269 4130 35:

131 4145 251 4197 ‘lleiude
271 4143 339 4194 selis
358 4153 477 4196 meatum
496 4162 556 4196 esse
575 4147 693 4210 partium
712 4145 821 4210 quidem
838 4152 1024 4198 trecentarum
1042 4149 1204 4212 sexaginta,
1223 4149 1271 4198 sed

219 4316 228 4366 r
244 4299 359 4381 aqurnd
369 4307 391 4358 Α
404 4301 521 4382 aliquot
531 4297 568 4358 3²
584 4296 596 4382 ll
613 4299 703 4379 partit
706 4301 751 4358 ius
766 4307 876 4360 Arorr
894 4308 956 4361 eud
971 4325 1048 4364 mua.
1065 4300 1078 4387 ll
1094 4304 1270 4384 ampliorem

130 4409 223 4467 quam
235 4399 347 4448 terram
360 4385 488 4524 aliquod
505 4387 640 4467 partibus
659 4393 681 4444 A
696 4383 710 4466 Η
726 4389 840 4487 aliquot
853 4389 879 4444 B
894 4385 907 4470 ΙΙ
922 4391 1076 4468 sapientis
1098 4411 1165 4450 esse
1186 4387 1271 4474 11111

131 4472 302 4534 diseribuut
321 4475 347 4530 B
359 4467 374 4552 Ι
389 4484 581 4552 aperueram
598 4473 688 4550 paulo
704 4493 843 4554 superma
864 4475 994 4536 diximus
1011 4479 1106 4539 Sobel.
1123 4481 1217 4538 Germ.
