3190 5098
280 340 341 404 384
599 360 821 410 avnnsmonns
845 361 1072 404 svauonrnnnn

276 515 387 586 prioris
411 517 549 587 pencris.
571 558 576 570 .
596 557 603 570 .
621 517 749 587 plurima
766 522 869 571 autaut
889 517 1089 586 exemplaria,
1111 517 1271 571 cuiusmodi
1290 517 1417 572 codicum

279 617 430 672 babuimus
449 619 558 689 scripta
580 624 631 673 aul
649 634 713 674 cum
734 618 849 688 scriptis
869 618 990 688 collata,
1019 623 1076 672 tam
1099 593 1184 672 inter
1196 633 1226 674 sc
1245 619 1363 684 similia,
1387 624 1439 673 ut·

280 734 337 774 uno
356 720 481 776 dictante
505 737 523 774 a
547 719 683 790 pluribus
705 721 800 776 eodem
823 723 948 790 tempore
969 725 1093 790 excepta
1114 734 1175 774 esse
1199 722 1365 776 uideantur:
1388 722 1416 775 in

279 821 382 892 quibus
397 837 415 875 a
433 822 583 877 consulatu
598 820 720 876 Ausonii
732 829 759 876 ct
776 821 886 892 Olybrii
894 838 951 892 pro
966 823 1102 878 chronico
1116 823 1265 878 comitiari
1280 821 1421 892 Prosperi

278 923 434 978 subiectum
446 930 489 979 est
505 924 585 978 aliud
598 925 722 979 eiusdem
738 924 888 992 scriptoris
902 923 1057 980 clironicon
1073 925 1134 979 sisse
1149 925 1312 980 consulibus
1327 932 1354 979 et
1361 940 1418 995 per

279 1027 373 1080 omnia
391 1025 477 1080 alteri
493 1025 721 1092 dissimillimum,
739 1026 815 1096 quod
831 1025 941 1096 excipit
960 1026 1114 1082 chronicon
1131 1025 1272 1097 Sipeluerti
1287 1025 1420 1081 usonuclu'

280 1127 499 1184 Gemblacensis.
535 1133 567 1182 ut
589 1126 657 1182 ltinc
678 1133 812 1182 constare
835 1129 940 1196 possit,
962 1127 1048 1198 tutius
1072 1129 1200 1198 exempli
1221 1129 1333 1183 codices
1360 1143 1417 1182 uon

279 1231 431 1286 admonium
453 1231 557 1285 multae
584 1229 731 1284 uetustatis
751 1243 821 1282 csse.
865 1231 985 1284 alterius
1007 1229 1122 1300 pencris
1145 1214 1326 1299 euemptaria
1351 1233 1417 1282 sunt

278 1333 403 1388 melioris
418 1337 518 1387 uotae.-
542 1331 702 1388 cuiusmodi
706 1337 774 1385 'tres
789 1332 925 1386 uidimus:
946 1332 1072 1402 primum
1088 1329 1187 1388 iacobi
1199 1330 1355 1402 Bonparsii
1365 1330 1420 1384 oiri

278 1435 432 1492 clarissimi
456 1449 484 1490 e.
502 1450 532 1509 q.
554 1450 594 1492 s.‚·
621 1433 777 1488 sccundum
796 1431 1023 1503 Materianum,
1054 1435 1137 1488 cuitus
1154 1433 1244 1504 poulo
1269 1439 1334 1486 ante
1349 1445 1415 1486 me·

278 1539 427 1604 minimus,
452 1537 564 1591 tertium
593 1550 631 1590 ea
658 1535 827 1604 amplissimi
846 1535 902 1588 oiri
919 1534 1006 1598 Pauli
1029 1535 1140 1592 Petaoii
1163 1535 1305 1590 senatoris
1330 1533 1416 1588 Pari-

277 1643 379 1696 siensis
409 1637 566 1708 archetypo
591 1637 764 1707 descriptum
790 1653 877 1692 mauu
906 1637 1006 1694 iacobi
1032 1637 1139 1692 Gillotii
1167 1637 1223 1692 uiri
1250 1635 1418 1706 amplissimi

277 1756 389 1798 summa
406 1738 565 1794 eruditione
584 1743 612 1792 et
627 1739 770 1808 sinpulari
783 1738 976 1807 inmonitate,
997 1738 1140 1794 senatoris
1155 1735 1338 1794 parisiensis.
1366 1738 1415 1794 bo·

279 1859 343 1898 rum
359 1843 445 1896 trium
461 1841 631 1895 eximiorum
649 1841 776 1896 codicum
789 1856 846 1896 noa
862 1846 943 1896 tanta
958 1847 1000 1896 est
1017 1842 1092 1895 inter
1110 1855 1140 1895 se
1163 1840 1315 1898 similitudo
1329 1857 1415 1912 quum

279 1945 400 2000 aliorum
420 1944 531 2014 prioris
551 1943 692 2013 exempli·
713 1943 764 1997 sed
783 1948 878 1998 tamen
902 1959 975 1998 rara
996 1944 1071 1997 inter
1086 1957 1134 1998 eos
1154 1943 1183 1998 in
1200 1945 1257 1998 situ
1273 1961 1414 1999 anctorum

277 2047 473 2118 discrepantia
496 2051 553 2112 est,
577 2047 606 2099 ia
628 2043 720 2099 uerbis
743 2043 893 2114 quaedum.
932 2058 1024 2115 neque
1042 2045 1124 2100 cuius
1150 2045 1242 2100 maior
1267 2046 1347 2115 apud
1372 2059 1415 2100 me

279 2150 438 2206 auctoritas
454 2150 505 2216 sit,
524 2163 588 2202 cum
604 2148 727 2202 amisium
743 2145 871 2200 maxima
890 2147 941 2214 sit,
965 2152 1070 2202 temere
1082 2147 1223 2214 dixerim,
1241 2152 1336 2218 utpote
1350 2141 1414 2202 cum

278 2254 308 2308 in
327 2251 455 2307 omuibus
473 2249 615 2306 interdum
637 2256 717 2304 recta
733 2249 814 2304 lectio
836 2249 885 2316 sit,
908 2263 981 2319 quae
1001 2249 1030 2303 in
1049 2249 1167 2320 reliquis
1185 2250 1344 2320 deprauata
1362 2255 1413 2306 est.

278 2349 481 2428 Bongarsiani
504 2347 595 2424 igitur
617 2346 685 2408 libri
707 2368 773 2406 cum
794 2349 881 2426 copia
901 2346 973 2406 mihi
997 2345 1079 2405 iacta
1101 2355 1196 2418 esset,
1219 2351 1310 2406 ctiam
1338 2347 1413 2408 dnos

278 2451 354 2511 alios
371 2451 480 2510 saltem
491 2451 677 2527 investigare
691 2450 826 2510 decrevi.
851 2469 907 2508 nec
919 2449 1020 2528 opinio
1032 2468 1080 2506 me
1092 2447 1212 2506 fefellit.
1230 2450 1268 2508 cf.
1281 2471 1311 2528 p.
1325 2458 1359 2512 22
1367 2470 1412 2530 sq.

278 2525 380 2614 adubt.
406 2555 459 2613 inl.
489 2551 545 2612 sed
569 2551 669 2610 denuo
695 2551 873 2611 conserendi
899 2571 951 2610 eas
975 2551 1135 2609 occasions
1154 2571 1214 2609 non
1243 2549 1316 2610 data
1342 2571 1412 2610 con·

277 2664 378 2715 tentus
395 2675 494 2714 essem
508 2673 637 2712 neccsse
654 2661 720 2712 erat
736 2655 780 2713 eis
796 2672 874 2732 qnae
890 2654 1044 2712 Pantanus
1066 2672 1082 2712 e
1098 2652 1266 2712 Petaviano
1289 2653 1414 2731 protulit

253 2777 258 2786 ·
278 2765 309 2816 ct
326 2757 506 2816 Frcheriani
522 2753 591 2814 libri
607 2757 783 2816 tenuissima
799 2756 944 2815 memoria
960 2755 990 2812 in
1008 2752 1323 2814 animadversionibus
1339 2753 1411 2814 Scu-

277 2857 365 2934 ligeri
387 2877 504 2937 sparsa.
542 2855 634 2932 igitur
658 2858 689 2916 in
716 2856 861 2916 auxilinm
887 2839 1028 2916 vocandb
1050 2865 1113 2916 crat
1138 2855 1233 2934 ipsius
1263 2853 1413 2932 Scaligeri

277 2959 442 3037 scriptura,
467 2977 545 3037 quae
570 2957 691 3037 quidem
709 2979 769 3016 non
792 2958 857 3018 sine
880 2960 1020 3018 cantione
1043 2955 1217 3018 adhibenda
1240 2955 1411 3016 videbatur.

277 3079 347 3119 nam
370 3079 431 3118 non
453 3077 615 3138 numquam
638 3060 825 3139 corruptelas
849 3060 998 3140 prioribus
1020 3057 1202 3119 editionibus
1228 3067 1412 3138 propagatas

276 3181 337 3220 nou
355 3160 489 3234 sustulit,
512 3180 573 3219 non
588 3181 750 3241 numquam
769 3161 846 3221 adeo
863 3161 987 3222 arbitrio
1003 3183 1057 3222 suo
1080 3169 1132 3220 ant
1147 3161 1323 3222 festinantia
1339 3181 1412 3240 qna·

278 3261 362 3336 dam,
382 3263 466 3323 cuius
483 3263 638 3322 excusatio
652 3264 744 3324 facila
760 3285 778 3324 a
793 3263 872 3322 molo
895 3265 971 3323 tanti
987 3265 1087 3345 operis
1107 3272 1215 3343 parata
1235 3273 1297 3336 est,
1317 3262 1413 3323 verba

275 3365 463 3443 transposuit
483 3362 535 3423 vel
557 3367 693 3426 mutavit.
728 3365 783 3426 sed
810 3366 886 3425 lsacc
906 3387 925 3425 a
945 3365 1083 3426 codicum
1105 3363 1164 3424 fide
1188 3363 1320 3422 discerni
1341 3385 1410 3443 pos·

276 3473 345 3526 sunt
360 3465 570 3543 Bongarsiano
594 3475 624 3526 et
645 3469 813 3542 l'etaviano
832 3454 932 3548 quoad
950 3469 1015 3528 cius
1036 3468 1188 3548 scriptura
1202 3474 1274 3526 nota
1290 3475 1337 3524 est
1358 3465 1410 3525 ad·

275 3565 381 3626 hibita.
419 3567 500 3646 qnod
522 3568 561 3628 ad
582 3578 750 3649 temporum
769 3572 940 3628 notationes
962 3571 1087 3642 attinet,
1109 3569 1184 3628 satis
1203 3565 1295 3628 habui
1317 3566 1410 3626 admi·

275 3668 401 3728 randum
424 3669 574 3746 scaligeri
596 3670 838 3730 emandationem
858 3669 1028 3750 recepisse,
1057 3691 1136 3752 quac
1156 3689 1217 3729 non
1240 3677 1341 3749 potest
1363 3689 1410 3729 rc·

275 3771 420 3847 cognosci
440 3771 500 3830 nisi
522 3781 586 3830 tota
607 3772 750 3832 librorum
772 3773 923 3850 scriptura
946 3793 1086 3834 excussa.
1115 3791 1299 3854 quamquam
1321 3771 1409 3832 adfir-

274 3891 357 3934 mare
374 3893 433 3932 nun
455 3871 569 3946 audeo,
585 3875 650 3932 fere
666 3875 767 3933 omnia
783 3884 926 3954 excerpta
941 3874 1138 3950 Suetoniana,
1155 3878 1180 3936 si
1195 3877 1410 3956 Hieronymia-

274 3995 329 4034 nas
347 3995 408 4035 non
423 3995 512 4034 veras
530 3976 612 4054 ipsas
628 3983 795 4054 temporum
810 3977 980 4036 notationes
995 3987 1127 4058 spectas,
1143 3998 1308 4060 numquam
1323 3978 1413 4038 aliter

275 4095 364 4156 quam
387 4095 406 4134 a
427 4073 584 4152 Scaligero
606 4075 720 4138 iactum
743 4079 782 4138 sit
810 4079 1004 4138 constitutum
1025 4081 1069 4139 iri.
1115 4081 1228 4160 Angsli
1250 4081 1314 4140 Mai
1338 4099 1411 4140 vero

275 4176 368 4236 editio
383 4175 469 4236 nulla
483 4176 543 4237 fide
559 4177 652 4256 digua
670 4187 732 4252 est,
756 4181 869 4260 quippe
885 4181 937 4261 qui
957 4191 989 4242 et
1005 4183 1142 4242 codicum
1162 4183 1320 4242 memorias
1340 4201 1411 4241 con·

274 4275 386 4335 fuderit
408 4287 438 4336 ct
460 4280 630 4338 temeritate
655 4301 717 4360 qna
735 4283 878 4342 maiorem
899 4303 960 4342 non
982 4285 1082 4364 possis
1103 4286 1241 4346 invenire
1264 4285 1296 4344 in
1318 4282 1413 4344 verba

275 4387 305 4434 ct
327 4387 475 4456 conputus
495 4379 676 4462 Hieronymi
695 4392 851 4459 grassatus
868 4383 916 4444 sit.
