3072 5064
225 415 227 420 ·
248 383 309 448 1⁵86
445 401 681 447 svrnusnnuna
705 403 795 446 ussat
815 403 857 446 Dii
880 401 969 446 suno
990 402 1196 446 ROIIAIIOIIW

247 555 449 608 commentariis
462 553 595 606 iratorum
608 553 690 616 dicIt,
704 553 777 620 apud
789 553 907 605 maiores
920 567 1026 618 quoqne
1038 559 1147 605 nosnos
1155 553 1228 605 haec
1238 553 1390 622 appellatio

246 625 347 674 mensis
361 624 406 673 diu
418 624 558 684 manserit,
573 623 622 673 sed
634 629 696 688 post
707 623 816 672 detritis
836 622 998 688 quibusdam
1010 623 1110 672 litteris
1122 639 1157 674 ex
1168 623 1284 674 Iunonie
1296 624 1389 672 Iunius

246 693 334 742 dictus
347 693 391 741 sit.
415 705 478 740 nam
496 695 525 742 et
541 691 625 742 aedes
641 691 738 740 Iunoni
756 692 885 741 Monetae
903 690 1019 740 Kalend·
1033 691 1120 740 Iuniis
1132 691 1260 741 dedicata
1273 697 1323 740 est.
1346 689 1387 741 ³1.

245 759 368 810 nonnulli
381 764 545 824 putauerunt
556 759 662 808 Iunium
675 775 797 809 mensem
815 775 832 808 a
843 759 921 808 Iunio
934 759 1017 808 Bruto
1036 759 1082 822 qui
1094 759 1196 822 primus
1208 759 1312 808 Romae
1324 773 1389 808 oon·

245 827 287 877 sul
299 829 390 877 iaetus
403 831 445 876 ost
456 827 633 888 nominatum,
648 827 718 891 quod
730 827 782 876 heo
794 841 887 876 mense
899 826 928 875 id
940 831 983 876 est
995 825 1127 876 Kalendis
1139 827 1223 876 quiis
1236 825 1388 891 pulso'Iar·

246 897 337 960 quinio
356 910 463 944 suorum
482 894 591 944 Curuae
609 895 679 944 deae
698 896 726 944 iu
745 893 841 944 Caelio
858 898 950 944 monte
968 895 1026 943 uoti
1043 907 1106 943 reos
1124 893 1231 944 iecerit.
1262 894 1303 945 3⁴2.
1316 893 1390 944 hanc

245 963 325 1013 deam
337 962 467 1012 uitalibus
477 963 602 1012 humanis
612 971 742 1028 praeesse
757 963 878 1012 credunt.
892 961 929 1011 ab
942 977 976 1010 ea
986 961 1103 1026 denique
1115 963 1217 1026 petitur
1227 967 1258 1010 ut
1266 961 1390 1012 iocinera

246 1037 275 1081 et
286 1031 370 1080 cerda
388 1045 512 1094 quaeque
531 1035 594 1080 srtnt
610 1031 775 1080 intrinsecus
791 1031 901 1080 uiscera
914 1029 994 1078 salua
1007 1035 1164 1080 conseruet:
1183 1035 1211 1079 et
1223 1030 1288 1093 qula
1300 1030 1390 1078 cordis

244 1099 388 1159 beneficio,
402 1098 478 1148 errius
489 1098 706 1148 dissimulatione
716 1099 811 1147 bruma
821 1097 985 1157 habebatur,
998 1097 1112 1146 idonens
1125 1097 1310 1148 emendationi
1322 1097 1389 1161 pub·

244 1165 292 1216 liei
305 1171 392 1216 status
406 1167 504 1225 extitit,
518 1166 590 1216 hano
602 1167 681 1216 deam
695 1181 765 1230 quae
778 1164 907 1214 uitalibus
920 1170 1032 1229 praeest
1041 1165 1279 1230 templosaorauit.
1293 1163 1335 1214 33.
1344 1166 1390 1214 eui

245 1234 319 1300 pulte
334 1233 446 1284 iubaeia
459 1239 487 1284 et
499 1234 587 1284 larido
599 1233 785 1294 sacrificatur,
804 1233 873 1297 quod
885 1232 928 1282 hIs
941 1232 1058 1282 marimo
1076 1233 1157 1282 rebus
1174 1233 1247 1283 uires
1267 1233 1390 1297 corporis

245 1302 414 1351 roborentur.
440 1317 503 1352 nam
524 1308 553 1352 et
565 1301 709 1352 Kalendae
727 1301 823 1350 Iuniae
846 1299 973 1350 sabariae
990 1299 1074 1366 uulgo
1093 1305 1242 1362 uocantur,
1261 1300 1389 1364 quiahoc

244 1385 338 1420 mense
352 1369 464 1420 adultae
477 1369 561 1420 fabae
575 1369 675 1420 diuinis
688 1369 769 1419 rebus
784 1367 954 1418 adhibentur.
979 1366 1020 1418 34.
1039 1369 1163 1432 sequitur
1172 1368 1257 1418 lulius
1270 1368 1315 1432 qui
1328 1382 1390 1417 eum

245 1437 394 1488 secuudum
408 1436 514 1486 Romuli
531 1437 730 1486 ordinationem
747 1436 847 1486 Martie
869 1434 936 1484 anni
952 1439 1065 1484 iouente
1083 1435 1246 1510 principium
1258 1435 1389 1496 Quintilis

246 1521 262 1554 a
275 1520 386 1554 neumare
398 1509 552 1566 uocaretur,
565 1504 741 1554 nihilominus
752 1509 845 1554 tamen
858 1502 941 1552 etiam
953 1508 1016 1567 post
1027 1503 1200 1568 praepositos
1216 1519 1232 1552 a
1244 1503 1333 1552 Numa
1344 1503 1387 1552 Ia·

245 1573 369 1622 ursanum
389 1588 421 1622 ac
434 1573 614 1622 Februarium
632 1573 745 1622 retinuit
762 1585 876 1632 nomon,
900 1585 960 1619 curn
978 1585 1032 1619 non
1049 1572 1188 1622 uideretur
1206 1571 1261 1620 iam
1279 1571 1390 1634 quintus

246 1655 306 1690 esse
320 1640 368 1689 sed
381 1640 526 1704 septimus:
545 1640 594 1690 sed
611 1644 708 1704 postea
725 1641 751 1688 in
771 1639 901 1688 honorem
913 1637 976 1687 Iulii
990 1637 1119 1688 Caesaris
1136 1638 1280 1688 dictatoris
1298 1637 1389 1702 legem

246 1708 353 1758 terente
366 1709 402 1757 Μ.
416 1708 533 1758 Antonia
544 1709 581 1757 Μ.
596 1705 651 1756 iilio
671 1707 781 1757 consule
794 1706 878 1756 Iulius
897 1704 1052 1770 appellatus
1065 1710 1121 1770 eat,
1144 1707 1213 1772 quod
1230 1705 1283 1756 hec
1295 1721 1389 1755 meuse

246 1791 272 1824 a.
285 1774 310 1823 d.
325 1779 448 1838 quartum
461 1775 525 1824 Idus
538 1773 674 1836 Quintiles
685 1775 770 1824 lulius
783 1780 943 1840 procreatus
960 1774 1004 1822 sit.
1029 1773 1071 1824 35.
1084 1775 1221 1838 Augrsstus
1234 1773 1334 1824 deinde
1347 1779 1390 1823 cst

245 1843 291 1908 qui
304 1841 416 1892 Sextilia
429 1847 513 1892 antea
525 1841 678 1892 uocabatur
690 1843 778 1892 donec
790 1841 886 1891 honori
899 1841 1015 1906 Augusti
1028 1842 1139 1891 daretur
1152 1857 1185 1892 ex
1198 1847 1311 1890 senatus
1325 1855 1389 1891 ceo·

245 1909 315 1960 sulto
329 1909 405 1959 crios
418 1910 504 1959 verha
521 1910 641 1960 subieci:
660 1909 729 1960 Cum
744 1911 897 1974 Imperator
911 1909 1017 1958 (iaesar
1028 1909 1165 1974 Augustus
1182 1923 1276 1959 mense
1292 1908 1389 1958 Sextili

246 1986 273 2028 et
285 1977 399 2042 primum
412 1977 582 2028 consulatum
594 1978 688 2028 inierit
700 1983 728 2028 et
739 1977 888 2042 triumphes
901 1983 957 2027 tres
969 1977 996 2026 in
1009 1977 1103 2026 urbem
1116 1977 1240 2026 intulerit
1257 1981 1286 2026 ot
1299 1991 1332 2026 er
1346 1977 1389 2025 ia·

244 2044 335 2095 nicole
348 2044 472 2109 legiones
485 2045 620 2096 deductae
633 2051 800 2111 secutaeque
813 2045 868 2094 sint
881 2045 939 2094 eius
952 2045 1076 2109 auspicia
1089 2060 1121 2095 ac
1134 2043 1228 2104 fidem,
1242 2044 1290 2093 sed
1302 2044 1389 2094 ethe-

244 2117 343 2178 gyptus
360 2113 413 2163 hoc
430 2128 524 2163 mense
542 2114 570 2162 in
589 2118 754 2179 potestatem
777 2112 870 2178 populi
887 2113 1003 2162 Romani
1020 2112 1134 2162 redacta
1152 2113 1189 2161 sit
1201 2111 1317 2175 finisque
1337 2112 1390 2161 hoc

243 2195 337 2231 mense
347 2179 428 2230 bellis
441 2181 566 2230 ciuilibus
578 2181 713 2247 inpositus
726 2183 762 2231 sit
775 2187 857 2244 atquc
870 2180 905 2230 ob
918 2179 968 2230 has
981 2194 1081 2230 causas
1092 2179 1138 2230 lric
1150 2179 1252 2230 mensis
1264 2178 1327 2228 huie
1339 2179 1390 2228 irn-

243 2249 321 2314 perio
333 2247 509 2298 felicissimus
521 2249 558 2298 sit
571 2265 604 2299 ac
617 2250 714 2309 fuerit,
727 2248 839 2314 plaeere
857 2248 966 2298 senatui
978 2253 1009 2296 ut
1020 2247 1065 2298 hic
1077 2249 1178 2298 mensis
1189 2247 1327 2312 Angustus
1340 2263 1389 2312 ap·

244 2315 370 2382 pelletur.
399 2317 467 2366 item
483 2316 656 2382 plebiscitum
674 2317 778 2366 iactum
796 2317 830 2366 eb
850 2315 966 2366 eandem
979 2331 1036 2366 rem
1049 2315 1132 2366 Sexto
1145 2314 1267 2365 Pooubio
1279 2314 1390 2364 tribuno

243 2384 352 2449 plebem
364 2390 488 2448 rogante.
507 2383 549 2434 36.
562 2385 664 2435 mensis
677 2385 838 2450 September
854 2383 1033 2450 principalem
1052 2384 1093 2433 sui
1111 2384 1211 2433 retinet
1226 2382 1390 2447 appellatio·

244 2467 319 2502 nem:
332 2467 413 2516 quem
421 2451 578 2502 Germanioi
592 2451 787 2518 appellatione,
801 2451 949 2501 Octobrem
960 2466 1027 2500 uero
1039 2465 1088 2501 auo
1100 2451 1390 2501 nomineDomitianus

243 2520 392 2570 inuaserat.
407 2518 448 2570 ³7.
462 2521 510 2570 eod
522 2521 569 2570 ubi
587 2521 736 2570 iufaustum
753 2519 917 2569 uocabulum
931 2519 1049 2570 exomni
1067 2535 1133 2569 aere
1145 2518 1190 2568 uel
1202 2533 1269 2568 saxo
1285 2518 1391 2582 placuit

245 2587 329 2648 erudi,
342 2603 452 2638 menses
465 2603 570 2653 quoque
579 2589 756 2652 usurpatione
768 2587 930 2650 tyrannicae
942 2586 1134 2652 appellationis
1148 2587 1221 2636 eruti
1234 2591 1309 2636 sont:
1324 2601 1388 2635 eau-

244 2657 283 2705 tio
301 2659 398 2719 postea
410 2656 562 2720 principum
575 2663 728 2706 ceterorum
740 2656 791 2705 diri
803 2655 901 2704 onrinis
918 2655 1041 2704 inlausta
1056 2655 1201 2706 nitentium
1216 2654 1356 2704 mensibus
1372 2669 1389 2702 a

244 2722 404 2788 Septembre
416 2738 501 2788 usque
515 2723 549 2772 ad
562 2723 744 2773 Decembrem
756 2724 847 2788 prisca
859 2723 969 2772 uomina
981 2723 1142 2772 reseruauit.
1167 2721 1208 2772 38.
1222 2722 1292 2772 haec
1305 2721 1359 2770 fuit
1372 2737 1389 2770 a

244 2789 358 2840 Remulo
370 2805 464 2840 annua
478 2791 606 2840 ordinata
618 2791 765 2852 dimensio,
785 2792 830 2855 qui
849 2791 920 2840 sicut
932 2805 1015 2855 supra
1026 2790 1083 2840 iarn
1099 2791 1215 2840 diximus
1229 2803 1329 2840 aunum
1341 2788 1388 2837 de·

244 2875 304 2908 corn
317 2858 449 2908 meusium
462 2858 566 2907 diorum
578 2873 644 2908 uero
657 2863 784 2922 quattuor
797 2864 824 2908 et
839 2863 1023 2908 trecentorum
1035 2858 1189 2908 habendum
1208 2873 1268 2907 ease
1286 2857 1388 2906 eonati·

244 2927 296 2974 tuit
308 2940 469 2988 mensesque
481 2927 522 2974 ita
534 2925 680 2990 disposuit,
697 2929 727 2975 ut
745 2931 873 2990 quattuor
885 2941 918 2976 ex
931 2925 974 2976 his
986 2926 1106 2976 tricenos
1118 2925 1248 2990 singulos,
1261 2939 1309 2974 sex
1321 2939 1389 2974 uero

244 2993 366 3042 tricenos
377 2993 513 3042 haberent
525 2993 593 3042 dies.
607 2991 704 3045 Sihsed
717 3009 777 3043 com
790 2995 813 3044 is
826 3009 954 3044 nrunerus
965 3009 1053 3060 nequo
1066 2995 1131 3044 solia
1144 2995 1233 3044 crrrsui
1245 3007 1335 3055 neque
1347 2991 1388 3040 ln·

243 3076 297 3110 nae
310 3061 462 3110 rationibus
474 3061 648 3123 conueniret,
661 3075 863 3126 nonnumquam
875 3075 926 3112 usu
937 3063 1069 3112 ueniebat
1084 3065 1114 3112 ut
1127 3063 1213 3126 frigus
1226 3061 1292 3110 anni
1304 3059 1388 3109 aesti-

242 3129 286 3177 uis
303 3128 441 3178 mensibus
460 3132 488 3178 et
507 3133 604 3178 contra
615 3127 692 3179 calor
703 3129 867 3179 hiemalibus
879 3130 1050 3195 proueniret:
1074 3130 1144 3194 quod
1157 3129 1202 3179 ubi
1216 3128 1387 3192 contigisset.

244 3201 350 3246 tautum
362 3195 466 3246 diemm
478 3197 538 3246 siue
550 3197 607 3246 ullo
619 3197 720 3246 mensis
732 3198 842 3247 nemine
856 3198 1033 3263 patiebantur
1050 3197 1156 3248 absumi
1169 3201 1298 3260 quantum
1313 3195 1347 3245 ad
1359 3195 1389 3244 id

244 3263 309 3314 anni
322 3271 430 3329 tempus
443 3264 592 3314 adduceret
604 3280 656 3329 quo
669 3264 741 3316 caeli
753 3265 865 3316 habitus
873 3266 989 3316 instanti
1001 3267 1103 3316 mensis
1117 3270 1196 3330 aptus
1208 3265 1389 3315 inueniretur.

242 3333 316 3382 XIII.
331 3333 385 3382 Sed
397 3337 508 3382 secutus
517 3333 619 3394 Numa,
634 3337 764 3398 quantum
776 3334 826 3384 snb
839 3333 918 3384 caelo
935 3334 995 3384 rudi
1009 3339 1037 3382 et
1048 3333 1160 3384 saeculo
1173 3331 1261 3382 adhoc
1274 3331 1390 3396 inpolito

242 3400 301 3450 solo
313 3400 425 3464 iugenio
437 3401 569 3466 magistro
583 3401 806 3466 conprehendere
818 3401 920 3467 potnit,
938 3401 983 3450 nel
996 3401 1060 3466 quia
1073 3401 1239 3451 Graeeomm
1258 3399 1389 3449 obserua-

242 3467 317 3518 tione
327 3468 421 3518 iorsan
429 3469 578 3519 iustmotus
585 3475 635 3532 est,
646 3469 910 3535 quinquagintadies
917 3468 1030 3532 addidit,
1039 3469 1249 3518 utiutreeentos
1256 3468 1389 3532 quinqua·

242 3536 321 3602 ginta
330 3540 457 3600 quattuor
469 3537 537 3600 dies,
545 3537 641 3602 quibus
652 3537 795 3588 duodecim
805 3538 888 3587 lunae
898 3551 992 3586 cursus
1004 3537 1101 3587 confici
1113 3535 1236 3595 eredidit,
1249 3549 1390 3584 anauson-

242 3603 409 3654 teoderetur.
422 3605 446 3653 2.
462 3609 543 3670 atque
555 3605 597 3654 his
608 3606 808 3670 quinquaginta
820 3621 837 3656 a
848 3619 878 3656 se
891 3605 991 3654 additis
1002 3604 1106 3654 adiecit
1117 3604 1185 3654 alios
1195 3617 1243 3654 sex
1253 3605 1390 3652 retractos

240 3664 295 3720 illia
306 3687 354 3721 aar
366 3673 505 3722 mensibus
517 3673 562 3738 qui
574 3673 687 3738 triginta
699 3673 841 3723 habebant
852 3673 924 3734 dies,
937 3673 964 3722 id
977 3679 1019 3722 est
1031 3673 1064 3744 de
1076 3671 1192 3737 singolis
1204 3669 1334 3734 singulos,
1345 3671 1389 3718 ia-

242 3743 353 3804 ctasque
367 3740 566 3805 qninquaginta
580 3746 607 3791 et
617 3756 664 3790 sex
677 3741 736 3792 dies
748 3741 777 3790 iu
789 3741 856 3790 druos
868 3755 954 3790 nouos
966 3753 1075 3790 menses
1087 3740 1146 3806 pari
1160 3739 1267 3787 rationo
1280 3737 1389 3786 diuisit:

241 3807 267 3858 3.
274 3823 307 3856 ao
317 3807 351 3857 de
362 3807 466 3857 dnobus
477 3809 595 3872 priorem
607 3809 764 3858 Ianuarium
777 3809 946 3873 arrnoupauit
957 3809 1125 3874 primumque
1139 3807 1205 3856 anni
1217 3821 1279 3856 esse
1291 3805 1389 3866 uoluit,

207 3901 212 3912 ·
241 3879 380 3939 tamqnam
389 3875 511 3940 bicipitis
521 3876 566 3926 dei
575 3891 697 3926 mensem
707 3877 900 3940 respicientem
911 3891 943 3925 ac
955 3877 1167 3940 prospicientem
1176 3874 1311 3923 transacti
1321 3874 1390 3935 anui

241 3943 323 3992 henr
340 3942 477 4006 turunque
490 3944 634 4008 principia,
648 3943 797 3993 secundum
816 3943 921 3994 dicauit
933 3945 1041 3994 Februo
1054 3943 1115 4004 deo,
1134 3943 1179 4006 qui
1197 3941 1390 3992 lustrationum

241 4015 340 4076 potens
353 4011 485 4060 creditur:
498 4011 610 4062 lustrari
623 4017 714 4061 autem
733 4027 766 4061 ec
778 4027 871 4061 mense
885 4012 1025 4062 ciuitatem
1037 4025 1155 4060 necesse
1168 4015 1243 4067 erat.
1262 4023 1313 4072 que
1331 4015 1389 4058 ata-

241 4078 293 4126 teir
304 4082 335 4126 ut
346 4079 419 4128 iusta
431 4079 473 4128 dis
485 4080 614 4129 Manibus
626 4078 805 4129 soluerentur.
827 4080 851 4128 4.
865 4080 969 4128 Numae
983 4079 1183 4129 ordinationem
1199 4077 1308 4128 finitimi
1326 4091 1389 4128 mox

241 4146 328 4196 secuti
341 4146 455 4196 totidem
465 4147 561 4198 diebus
571 4147 738 4212 totidemque
751 4147 890 4197 mensibus
900 4153 930 4196 ut
941 4147 1074 4212 Pompilio
1084 4147 1189 4212 placuit
1200 4159 1299 4195 aunum
1311 4157 1391 4195 suum

242 4217 391 4276 conputare
405 4219 568 4278 ceepenmt:
586 4215 635 4264 sed
653 4216 706 4264 hoc
724 4215 782 4264 solo
795 4215 1004 4280 discrepabant,
1024 4215 1093 4279 quod
1106 4229 1216 4264 memes
1232 4213 1390 4263 undetrice-

241 4294 304 4329 num
316 4280 503 4345 tricenumque
516 4297 629 4333 numero
647 4283 863 4333 altemauemnt.
883 4282 908 4332 5.
927 4281 1009 4347 paulo
1026 4289 1089 4348 post
1106 4283 1194 4331 h'urna
1210 4281 1239 4330 in
1257 4280 1390 4331 honorem

242 4347 345 4411 inparis
358 4349 471 4407 numeri,
483 4357 620 4400 secretum
631 4351 683 4402 hoc
697 4357 725 4400 et
737 4350 994 4414 antePythagoram
1005 4350 1175 4416 parturiente
1185 4353 1293 4410 nauus,
1306 4363 1389 4400 ιιιιιιιιι

242 4413 344 4465 adiecit
355 4415 429 4466 diem
437 4431 518 4480 quom
529 4419 659 4470 Ianuario
671 4418 748 4470 dedit
758 4423 789 4468 ut
800 4423 857 4468 tarn
867 4419 978 4469 inarum
992 4433 1072 4484 quam
1081 4417 1110 4468 in
1122 4417 1262 4468 mensibus
1272 4417 1391 4482 mugnhs
