<?xml version="1.0" encoding="UTF-8"?>
<!DOCTYPE html PUBLIC "-//W3C//DTD XHTML 1.0 Transitional//EN"
    "http://www.w3.org/TR/xhtml1/DTD/xhtml1-transitional.dtd">
<html xmlns="http://www.w3.org/1999/xhtml" xml:lang="en" lang="en">
 <head>
  <title>
</title>
<meta http-equiv="Content-Type" content="text/html;charset=utf-8" />
  <meta name='ocr-system' content='tesseract 3.04.00' />
  <meta name='ocr-capabilities' content='ocr_page ocr_carea ocr_par ocr_line ocrx_word'/>
</head>
<body>
  <div class='ocr_page' id='page_1' title='image "./csvetonitranqvi01ritsgoog_0208.png"; bbox 0 0 3072 5064; ppageno 0'>
   <div class='ocr_carea' id='block_1_1' title="bbox 519 389 1276 464">
    <p class='ocr_par' dir='ltr' id='par_1_1' title="bbox 519 389 1276 464">
     <span class='ocr_line' id='line_1_1' title="bbox 519 389 1276 464; baseline -0.005 -8"><span class='ocrx_word' id='word_1_1' title='bbox 519 411 562 456; x_wconf 83' lang='lat' dir='ltr'><strong>nn</strong></span> <span class='ocrx_word' id='word_1_2' title='bbox 584 411 671 456; x_wconf 81' lang='lat' dir='ltr'><strong>suso</strong></span> <span class='ocrx_word' id='word_1_3' title='bbox 694 409 898 454; x_wconf 81' lang='lat' dir='ltr'><strong>nousncsvs</strong></span> <span class='ocrx_word' id='word_1_4' title='bbox 1140 454 1144 464; x_wconf 70' lang='grc'>,</span> <span class='ocrx_word' id='word_1_5' title='bbox 1217 389 1276 452; x_wconf 81' lang='grc'><strong>177</strong></span> 
     </span>
    </p>
   </div>
   <div class='ocr_carea' id='block_1_2' title="bbox 118 555 1277 1054">
    <p class='ocr_par' dir='ltr' id='par_1_2' title="bbox 118 555 1277 1054">
     <span class='ocr_line' id='line_1_2' title="bbox 138 555 1276 656; baseline -0.01 -26"><span class='ocrx_word' id='word_1_6' title='bbox 138 563 212 630; x_wconf 88' lang='lat' dir='ltr'><strong>solis</strong></span> <span class='ocrx_word' id='word_1_7' title='bbox 235 565 343 628; x_wconf 80' lang='lat' dir='ltr'><strong>statio.</strong></span> <span class='ocrx_word' id='word_1_8' title='bbox 387 561 627 656; x_wconf 77' lang='lat' dir='ltr'><strong>aequinoctium</strong></span> <span class='ocrx_word' id='word_1_9' title='bbox 656 579 752 640; x_wconf 91' lang='lat' dir='ltr'><strong>uero,</strong></span> <span class='ocrx_word' id='word_1_10' title='bbox 780 557 867 645; x_wconf 90' lang='lat' dir='ltr'><strong>quod</strong></span> <span class='ocrx_word' id='word_1_11' title='bbox 894 565 971 622; x_wconf 89' lang='lat' dir='ltr'><strong>tuuc</strong></span> <span class='ocrx_word' id='word_1_12' title='bbox 998 555 1068 621; x_wconf 89' lang='lat' dir='ltr'><strong>dias</strong></span> <span class='ocrx_word' id='word_1_13' title='bbox 1095 563 1129 620; x_wconf 83' lang='lat' dir='ltr'><strong>et</strong></span> <span class='ocrx_word' id='word_1_14' title='bbox 1153 579 1220 620; x_wconf 86' lang='lat' dir='ltr'><strong>nox</strong></span> <span class='ocrx_word' id='word_1_15' title='bbox 1242 557 1276 620; x_wconf 89' lang='lat' dir='ltr'><strong>in</strong></span> 
     </span>
     <span class='ocr_line' id='line_1_3' title="bbox 137 659 1275 750; baseline -0.008 -20"><span class='ocrx_word' id='word_1_16' title='bbox 137 667 332 750; x_wconf 77' lang='lat' dir='ltr'><strong>aequitatem</strong></span> <span class='ocrx_word' id='word_1_17' title='bbox 355 663 506 727; x_wconf 84' lang='lat' dir='ltr'><strong>horarum</strong></span> <span class='ocrx_word' id='word_1_18' title='bbox 530 659 753 726; x_wconf 88' lang='lat' dir='ltr'><strong>duodenarum</strong></span> <span class='ocrx_word' id='word_1_19' title='bbox 776 667 982 724; x_wconf 88' lang='lat' dir='ltr'><strong>reuertuntur</strong></span> <span class='ocrx_word' id='word_1_20' title='bbox 999 659 1186 746; x_wconf 84' lang='lat' dir='ltr'><strong>coaequatis</strong></span> <span class='ocrx_word' id='word_1_21' title='bbox 1204 679 1275 744; x_wconf 85' lang='lat' dir='ltr'><strong>spa·</strong></span> 
     </span>
     <span class='ocr_line' id='line_1_4' title="bbox 136 759 1277 830; baseline -0.007 0"><span class='ocrx_word' id='word_1_22' title='bbox 136 769 187 830; x_wconf 87' lang='lat' dir='ltr'><strong>tiis</strong></span> <span class='ocrx_word' id='word_1_23' title='bbox 210 767 291 829; x_wconf 87' lang='lat' dir='ltr'><strong>suis.</strong></span> <span class='ocrx_word' id='word_1_24' title='bbox 338 762 511 828; x_wconf 76' lang='lat' dir='ltr'><strong>solstitium</strong></span> <span class='ocrx_word' id='word_1_25' title='bbox 541 772 648 826; x_wconf 87' lang='lat' dir='ltr'><strong>autem</strong></span> <span class='ocrx_word' id='word_1_26' title='bbox 673 763 834 824; x_wconf 87' lang='lat' dir='ltr'><strong>aestiuum</strong></span> <span class='ocrx_word' id='word_1_27' title='bbox 855 759 931 824; x_wconf 90' lang='lat' dir='ltr'><strong>ideo</strong></span> <span class='ocrx_word' id='word_1_28' title='bbox 958 777 1126 824; x_wconf 67' lang='lat' dir='ltr'><strong>essenos</strong></span> <span class='ocrx_word' id='word_1_29' title='bbox 1157 759 1277 822; x_wconf 86' lang='lat' dir='ltr'><strong>dicitur</strong></span> 
     </span>
     <span class='ocr_line' id='line_1_5' title="bbox 136 861 1276 952; baseline -0.007 -20"><span class='ocrx_word' id='word_1_30' title='bbox 136 889 170 932; x_wconf 90' lang='lat' dir='ltr'><strong>eo</strong></span> <span class='ocrx_word' id='word_1_31' title='bbox 191 863 281 952; x_wconf 91' lang='lat' dir='ltr'><strong>quod</strong></span> <span class='ocrx_word' id='word_1_32' title='bbox 304 885 348 930; x_wconf 82' lang='lat' dir='ltr'><strong>ex</strong></span> <span class='ocrx_word' id='word_1_33' title='bbox 368 886 407 929; x_wconf 88' lang='lat' dir='ltr'><strong>eo</strong></span> <span class='ocrx_word' id='word_1_34' title='bbox 429 863 481 928; x_wconf 94' lang='lat' dir='ltr'><strong>dic</strong></span> <span class='ocrx_word' id='word_1_35' title='bbox 504 862 629 950; x_wconf 83' lang='lat' dir='ltr'>lampas</span> <span class='ocrx_word' id='word_1_36' title='bbox 653 861 730 927; x_wconf 89' lang='lat' dir='ltr'><strong>solis</strong></span> <span class='ocrx_word' id='word_1_37' title='bbox 754 861 934 927; x_wconf 83' lang='lat' dir='ltr'><strong>claritatem</strong></span> <span class='ocrx_word' id='word_1_38' title='bbox 958 862 1112 926; x_wconf 88' lang='lat' dir='ltr'><strong>maiorem</strong></span> <span class='ocrx_word' id='word_1_39' title='bbox 1136 861 1276 947; x_wconf 87' lang='lat' dir='ltr'><strong>accipiat</strong></span> 
     </span>
     <span class='ocr_line' id='line_1_6' title="bbox 118 963 1070 1054; baseline -0.005 -24"><span class='ocrx_word' id='word_1_40' title='bbox 118 965 341 1054; x_wconf 68' lang='lat' dir='ltr'><strong>senioremque</strong></span> <span class='ocrx_word' id='word_1_41' title='bbox 364 965 498 1029; x_wconf 88' lang='lat' dir='ltr'><strong>nimium</strong></span> <span class='ocrx_word' id='word_1_42' title='bbox 522 964 727 1028; x_wconf 85' lang='lat' dir='ltr'><strong>aduenientis</strong></span> <span class='ocrx_word' id='word_1_43' title='bbox 750 964 885 1028; x_wconf 84' lang='lat' dir='ltr'><strong>aestatis</strong></span> <span class='ocrx_word' id='word_1_44' title='bbox 909 963 1070 1027; x_wconf 89' lang='lat' dir='ltr'><strong>infundat.</strong></span> 
     </span>
    </p>
   </div>
   <div class='ocr_carea' id='block_1_3' title="bbox 133 1116 1275 1781">
    <p class='ocr_par' dir='ltr' id='par_1_3' title="bbox 133 1116 1275 1781">
     <span class='ocr_line' id='line_1_7' title="bbox 135 1116 1275 1186; baseline 0 -16"><span class='ocrx_word' id='word_1_45' title='bbox 135 1137 199 1186; x_wconf 84' lang='lat' dir='ltr'><strong>quse</strong></span> <span class='ocrx_word' id='word_1_46' title='bbox 224 1121 327 1171; x_wconf 83' lang='lat' dir='ltr'><strong>Gracci</strong></span> <span class='ocrx_word' id='word_1_47' title='bbox 352 1116 501 1185; x_wconf 72' lang='grc' dir='ltr'><strong><em>ἰσημερίας</em></strong></span> <span class='ocrx_word' id='word_1_48' title='bbox 523 1125 634 1170; x_wconf 86' lang='lat' dir='ltr'><strong>uocant.</strong></span> <span class='ocrx_word' id='word_1_49' title='bbox 675 1123 738 1169; x_wconf 86' lang='lat' dir='ltr'><strong>snat</strong></span> <span class='ocrx_word' id='word_1_50' title='bbox 761 1125 853 1169; x_wconf 85' lang='lat' dir='ltr'><strong>sutem</strong></span> <span class='ocrx_word' id='word_1_51' title='bbox 876 1119 943 1170; x_wconf 85' lang='lat' dir='ltr'>VIII</span> <span class='ocrx_word' id='word_1_52' title='bbox 961 1117 1102 1168; x_wconf 77' lang='lat' dir='ltr'><strong>Kalendas</strong></span> <span class='ocrx_word' id='word_1_53' title='bbox 1120 1119 1221 1184; x_wconf 76' lang='lat' dir='ltr'><strong>Aprilis</strong></span> <span class='ocrx_word' id='word_1_54' title='bbox 1246 1124 1275 1170; x_wconf 87' lang='lat' dir='ltr'><strong>et</strong></span> 
     </span>
     <span class='ocr_line' id='line_1_8' title="bbox 135 1185 1274 1252; baseline -0.002 -14"><span class='ocrx_word' id='word_1_55' title='bbox 135 1189 197 1241; x_wconf 88' lang='lat' dir='ltr'><strong>Vlll</strong></span> <span class='ocrx_word' id='word_1_56' title='bbox 215 1189 337 1239; x_wconf 82' lang='lat' dir='ltr'><strong>Kslcud.</strong></span> <span class='ocrx_word' id='word_1_57' title='bbox 357 1189 454 1239; x_wconf 91' lang='lat' dir='ltr'><strong>Octob.</strong></span> <span class='ocrx_word' id='word_1_58' title='bbox 473 1185 537 1238; x_wconf 61' lang='lat' dir='ltr'><strong>die!</strong></span> <span class='ocrx_word' id='word_1_59' title='bbox 564 1189 651 1237; x_wconf 84' lang='lat' dir='ltr'><strong>Vsrro</strong></span> <span class='ocrx_word' id='word_1_60' title='bbox 668 1189 701 1237; x_wconf 84' lang='lat' dir='ltr'><strong>L.</strong></span> <span class='ocrx_word' id='word_1_61' title='bbox 720 1188 751 1236; x_wconf 89' lang='lat' dir='ltr'><strong>L.</strong></span> <span class='ocrx_word' id='word_1_62' title='bbox 771 1187 801 1237; x_wconf 80' lang='lat' dir='ltr'><strong>e:</strong></span> <span class='ocrx_word' id='word_1_63' title='bbox 825 1188 925 1237; x_wconf 79' lang='lat' dir='ltr'><strong>‘Dicte</strong></span> <span class='ocrx_word' id='word_1_64' title='bbox 943 1188 1038 1237; x_wconf 87' lang='lat' dir='ltr'><strong>brumn</strong></span> <span class='ocrx_word' id='word_1_65' title='bbox 1056 1187 1127 1252; x_wconf 88' lang='lat' dir='ltr'><strong>quod</strong></span> <span class='ocrx_word' id='word_1_66' title='bbox 1145 1189 1274 1240; x_wconf 80' lang='lat' dir='ltr'><strong>breuIssi-</strong></span> 
     </span>
     <span class='ocr_line' id='line_1_9' title="bbox 136 1254 1275 1318; baseline -0.003 -11"><span class='ocrx_word' id='word_1_67' title='bbox 136 1273 189 1308; x_wconf 83' lang='lat' dir='ltr'><strong>mos</strong></span> <span class='ocrx_word' id='word_1_68' title='bbox 211 1262 279 1308; x_wconf 89' lang='lat' dir='ltr'><strong>tuuc</strong></span> <span class='ocrx_word' id='word_1_69' title='bbox 302 1257 361 1308; x_wconf 89' lang='lat' dir='ltr'><strong>dies</strong></span> <span class='ocrx_word' id='word_1_70' title='bbox 384 1261 442 1317; x_wconf 85' lang='lat' dir='ltr'><strong>est;</strong></span> <span class='ocrx_word' id='word_1_71' title='bbox 471 1255 618 1305; x_wconf 74' lang='lat' dir='ltr'><strong>solstitium</strong></span> <span class='ocrx_word' id='word_1_72' title='bbox 642 1255 712 1318; x_wconf 90' lang='lat' dir='ltr'><strong>quod</strong></span> <span class='ocrx_word' id='word_1_73' title='bbox 735 1254 777 1304; x_wconf 93' lang='lat' dir='ltr'><strong>sol</strong></span> <span class='ocrx_word' id='word_1_74' title='bbox 800 1271 832 1305; x_wconf 89' lang='lat' dir='ltr'><strong>eo</strong></span> <span class='ocrx_word' id='word_1_75' title='bbox 856 1255 901 1305; x_wconf 86' lang='lat' dir='ltr'><strong>die</strong></span> <span class='ocrx_word' id='word_1_76' title='bbox 920 1255 1019 1305; x_wconf 85' lang='lat' dir='ltr'><strong>sistere</strong></span> <span class='ocrx_word' id='word_1_77' title='bbox 1038 1255 1196 1317; x_wconf 84' lang='lat' dir='ltr'><strong>uidebatnr;</strong></span> <span class='ocrx_word' id='word_1_78' title='bbox 1227 1261 1275 1306; x_wconf 83' lang='lat' dir='ltr'><strong>sut</strong></span> 
     </span>
     <span class='ocr_line' id='line_1_10' title="bbox 135 1322 1274 1390; baseline 0 -16"><span class='ocrx_word' id='word_1_79' title='bbox 135 1325 199 1390; x_wconf 90' lang='lat' dir='ltr'><strong>quod</strong></span> <span class='ocrx_word' id='word_1_80' title='bbox 224 1323 262 1374; x_wconf 86' lang='lat' dir='ltr'><strong>ad</strong></span> <span class='ocrx_word' id='word_1_81' title='bbox 286 1339 336 1374; x_wconf 88' lang='lat' dir='ltr'><strong>nos</strong></span> <span class='ocrx_word' id='word_1_82' title='bbox 357 1339 466 1374; x_wconf 85' lang='lat' dir='ltr'><strong>uersum</strong></span> <span class='ocrx_word' id='word_1_83' title='bbox 489 1325 639 1389; x_wconf 82' lang='lat' dir='ltr'><strong>proximum</strong></span> <span class='ocrx_word' id='word_1_84' title='bbox 662 1327 704 1372; x_wconf 89' lang='lat' dir='ltr'><strong>est</strong></span> <span class='ocrx_word' id='word_1_85' title='bbox 726 1322 882 1373; x_wconf 82' lang='lat' dir='ltr'><strong>solstitium.</strong></span> <span class='ocrx_word' id='word_1_86' title='bbox 918 1337 998 1390; x_wconf 89' lang='lat' dir='ltr'><strong>quom</strong></span> <span class='ocrx_word' id='word_1_87' title='bbox 1016 1325 1093 1372; x_wconf 89' lang='lat' dir='ltr'><strong>uenit</strong></span> <span class='ocrx_word' id='word_1_88' title='bbox 1109 1324 1139 1374; x_wconf 90' lang='lat' dir='ltr'><strong>iu</strong></span> <span class='ocrx_word' id='word_1_89' title='bbox 1157 1323 1274 1374; x_wconf 88' lang='lat' dir='ltr'><strong>medium</strong></span> 
     </span>
     <span class='ocr_line' id='line_1_11' title="bbox 134 1389 1273 1461; baseline 0.001 -20"><span class='ocrx_word' id='word_1_90' title='bbox 134 1394 251 1461; x_wconf 81' lang='lat' dir='ltr'><strong>spatiqm</strong></span> <span class='ocrx_word' id='word_1_91' title='bbox 274 1393 347 1442; x_wconf 87' lang='lat' dir='ltr'><strong>inter</strong></span> <span class='ocrx_word' id='word_1_92' title='bbox 370 1391 493 1442; x_wconf 85' lang='lat' dir='ltr'><strong>brumam</strong></span> <span class='ocrx_word' id='word_1_93' title='bbox 516 1396 545 1440; x_wconf 91' lang='lat' dir='ltr'><strong>et</strong></span> <span class='ocrx_word' id='word_1_94' title='bbox 562 1391 723 1450; x_wconf 71' lang='lat' dir='ltr'><strong>solstitium,</strong></span> <span class='ocrx_word' id='word_1_95' title='bbox 748 1390 819 1455; x_wconf 91' lang='lat' dir='ltr'><strong>quod</strong></span> <span class='ocrx_word' id='word_1_96' title='bbox 842 1390 902 1440; x_wconf 84' lang='lat' dir='ltr'><strong>dies</strong></span> <span class='ocrx_word' id='word_1_97' title='bbox 926 1405 1029 1456; x_wconf 79' lang='lat' dir='ltr'><strong>aequus</strong></span> <span class='ocrx_word' id='word_1_98' title='bbox 1053 1389 1084 1440; x_wconf 85' lang='lat' dir='ltr'><strong>fit</strong></span> <span class='ocrx_word' id='word_1_99' title='bbox 1103 1407 1136 1442; x_wconf 91' lang='lat' dir='ltr'><strong>ac</strong></span> <span class='ocrx_word' id='word_1_100' title='bbox 1156 1407 1208 1443; x_wconf 83' lang='lat' dir='ltr'><strong>uox</strong></span> <span class='ocrx_word' id='word_1_101' title='bbox 1227 1407 1273 1442; x_wconf 82' lang='lat' dir='ltr'><strong>se·</strong></span> 
     </span>
     <span class='ocr_line' id='line_1_12' title="bbox 135 1456 1274 1526; baseline -0.001 -17"><span class='ocrx_word' id='word_1_102' title='bbox 135 1460 301 1526; x_wconf 87' lang='lat' dir='ltr'><strong>quinoctium</strong></span> <span class='ocrx_word' id='word_1_103' title='bbox 319 1456 439 1509; x_wconf 80' lang='lat' dir='ltr'><strong>dIcitur.&#39;</strong></span> <span class='ocrx_word' id='word_1_104' title='bbox 464 1485 498 1494; x_wconf 86' lang='lat'>—</span> <span class='ocrx_word' id='word_1_105' title='bbox 521 1458 691 1509; x_wconf 79' lang='lat' dir='ltr'><strong>Glossarium</strong></span> <span class='ocrx_word' id='word_1_106' title='bbox 709 1459 874 1508; x_wconf 78' lang='lat' dir='ltr'><strong>Vaticanum</strong></span> <span class='ocrx_word' id='word_1_107' title='bbox 893 1459 983 1520; x_wconf 81' lang='lat' dir='ltr'><strong>(Aust.</strong></span> <span class='ocrx_word' id='word_1_108' title='bbox 1002 1459 1083 1510; x_wconf 83' lang='lat' dir='ltr'><strong>cluss.</strong></span> <span class='ocrx_word' id='word_1_109' title='bbox 1103 1457 1145 1509; x_wconf 89' lang='lat' dir='ltr'><strong>ud.</strong></span> <span class='ocrx_word' id='word_1_110' title='bbox 1164 1460 1232 1510; x_wconf 85' lang='lat' dir='ltr'><strong>Mai.</strong></span> <span class='ocrx_word' id='word_1_111' title='bbox 1251 1462 1274 1508; x_wconf 92' lang='lat' dir='ltr'>V</span> 
     </span>
     <span class='ocr_line' id='line_1_13' title="bbox 134 1525 1274 1593; baseline 0.001 -16"><span class='ocrx_word' id='word_1_112' title='bbox 134 1543 157 1592; x_wconf 88' lang='lat' dir='ltr'><strong>p.</strong></span> <span class='ocrx_word' id='word_1_113' title='bbox 169 1527 244 1592; x_wconf 72' lang='lat' dir='ltr'><strong>som:</strong></span> <span class='ocrx_word' id='word_1_114' title='bbox 259 1527 427 1593; x_wconf 81' lang='lat' dir='ltr'><strong>‘Lampsdss</strong></span> <span class='ocrx_word' id='word_1_115' title='bbox 441 1527 521 1590; x_wconf 75' lang='lat' dir='ltr'><strong>(immo</strong></span> <span class='ocrx_word' id='word_1_116' title='bbox 534 1526 690 1592; x_wconf 83' lang='lat' dir='ltr'><strong>lampada),</strong></span> <span class='ocrx_word' id='word_1_117' title='bbox 704 1525 852 1576; x_wconf 86' lang='lat' dir='ltr'><strong>solstitium</strong></span> <span class='ocrx_word' id='word_1_118' title='bbox 866 1525 1015 1588; x_wconf 87' lang='lat' dir='ltr'><strong>aestiuum,</strong></span> <span class='ocrx_word' id='word_1_119' title='bbox 1036 1525 1107 1590; x_wconf 93' lang='lat' dir='ltr'><strong>quod</strong></span> <span class='ocrx_word' id='word_1_120' title='bbox 1124 1533 1166 1578; x_wconf 87' lang='lat' dir='ltr'><strong>est</strong></span> <span class='ocrx_word' id='word_1_121' title='bbox 1187 1529 1274 1578; x_wconf 89' lang='lat' dir='ltr'>·v111·</span> 
     </span>
     <span class='ocr_line' id='line_1_14' title="bbox 135 1591 1273 1662; baseline 0 -18"><span class='ocrx_word' id='word_1_122' title='bbox 135 1595 191 1644; x_wconf 64' lang='grc' dir='ltr'><strong>Καὶ.</strong></span> <span class='ocrx_word' id='word_1_123' title='bbox 211 1594 310 1657; x_wconf 80' lang='lat' dir='ltr'><strong>iulias;</strong></span> <span class='ocrx_word' id='word_1_124' title='bbox 339 1595 403 1645; x_wconf 89' lang='lat' dir='ltr'><strong>ideo</strong></span> <span class='ocrx_word' id='word_1_125' title='bbox 425 1593 569 1662; x_wconf 78' lang='lat' dir='ltr'><strong>lampadas</strong></span> <span class='ocrx_word' id='word_1_126' title='bbox 593 1597 673 1657; x_wconf 79' lang='lat' dir='ltr'><strong>(immo</strong></span> <span class='ocrx_word' id='word_1_127' title='bbox 697 1591 837 1658; x_wconf 78' lang='lat' dir='ltr'><strong>lampada)</strong></span> <span class='ocrx_word' id='word_1_128' title='bbox 856 1593 958 1644; x_wconf 89' lang='lat' dir='ltr'><strong>dieitur</strong></span> <span class='ocrx_word' id='word_1_129' title='bbox 981 1607 1013 1643; x_wconf 91' lang='lat' dir='ltr'><strong>eo</strong></span> <span class='ocrx_word' id='word_1_130' title='bbox 1039 1593 1109 1658; x_wconf 91' lang='lat' dir='ltr'><strong>quod</strong></span> <span class='ocrx_word' id='word_1_131' title='bbox 1127 1609 1161 1646; x_wconf 90' lang='lat' dir='ltr'><strong>ex</strong></span> <span class='ocrx_word' id='word_1_132' title='bbox 1179 1611 1211 1646; x_wconf 86' lang='lat' dir='ltr'><strong>eo</strong></span> <span class='ocrx_word' id='word_1_133' title='bbox 1229 1597 1273 1644; x_wconf 87' lang='lat' dir='ltr'><strong>dis</strong></span> 
     </span>
     <span class='ocr_line' id='line_1_15' title="bbox 133 1661 1274 1728; baseline 0.001 -17"><span class='ocrx_word' id='word_1_134' title='bbox 133 1661 235 1728; x_wconf 81' lang='lat' dir='ltr'><strong>lampas</strong></span> <span class='ocrx_word' id='word_1_135' title='bbox 253 1661 322 1714; x_wconf 85' lang='lat' dir='ltr'><strong>solis</strong></span> <span class='ocrx_word' id='word_1_136' title='bbox 339 1661 496 1714; x_wconf 71' lang='lat' dir='ltr'><strong>claritatem</strong></span> <span class='ocrx_word' id='word_1_137' title='bbox 514 1663 645 1714; x_wconf 86' lang='lat' dir='ltr'><strong>maiorem</strong></span> <span class='ocrx_word' id='word_1_138' title='bbox 663 1663 787 1728; x_wconf 80' lang='lat' dir='ltr'><strong>accipiet</strong></span> <span class='ocrx_word' id='word_1_139' title='bbox 804 1661 977 1727; x_wconf 83' lang='lat' dir='ltr'><strong>caloremque</strong></span> <span class='ocrx_word' id='word_1_140' title='bbox 994 1661 1107 1712; x_wconf 88' lang='lat' dir='ltr'><strong>nimium</strong></span> <span class='ocrx_word' id='word_1_141' title='bbox 1126 1663 1274 1714; x_wconf 82' lang='lat' dir='ltr'><strong>aduenien-</strong></span> 
     </span>
     <span class='ocr_line' id='line_1_16' title="bbox 133 1729 466 1781; baseline 0.006 -3"><span class='ocrx_word' id='word_1_142' title='bbox 133 1729 167 1780; x_wconf 82' lang='lat' dir='ltr'><strong>tis</strong></span> <span class='ocrx_word' id='word_1_143' title='bbox 183 1731 301 1781; x_wconf 64' lang='lat' dir='ltr'><strong>astam</strong></span> <span class='ocrx_word' id='word_1_144' title='bbox 318 1730 466 1781; x_wconf 77' lang='lat' dir='ltr'><strong>Infundet&#39;</strong></span> 
     </span>
    </p>
   </div>
   <div class='ocr_carea' id='block_1_4' title="bbox 132 1861 1274 2292">
    <p class='ocr_par' dir='ltr' id='par_1_4' title="bbox 132 1861 1274 2292">
     <span class='ocr_line' id='line_1_17' title="bbox 214 1861 1273 1952; baseline -0.002 -22"><span class='ocrx_word' id='word_1_145' title='bbox 214 1879 224 1930; x_wconf 88' lang='lat'>1</span> <span class='ocrx_word' id='word_1_146' title='bbox 244 1868 419 1949; x_wconf 89' lang='lat' dir='ltr'><strong>equinoctio</strong></span> <span class='ocrx_word' id='word_1_147' title='bbox 434 1863 474 1927; x_wconf 79' lang='grc' dir='ltr'><strong>Β1</strong></span> <span class='ocrx_word' id='word_1_148' title='bbox 496 1863 510 1952; x_wconf 87' lang='grc' dir='ltr'><strong>ΙΙ</strong></span> <span class='ocrx_word' id='word_1_149' title='bbox 530 1877 547 1930; x_wconf 72' lang='lat'>2</span> <span class='ocrx_word' id='word_1_150' title='bbox 564 1870 734 1950; x_wconf 68' lang='lat' dir='ltr'><strong>equitaterl</strong></span> <span class='ocrx_word' id='word_1_151' title='bbox 754 1863 768 1948; x_wconf 84' lang='grc' dir='ltr'><strong>ΙΙ</strong></span> <span class='ocrx_word' id='word_1_152' title='bbox 790 1889 910 1930; x_wconf 84' lang='lat' dir='ltr'><strong>orarum</strong></span> <span class='ocrx_word' id='word_1_153' title='bbox 927 1861 1008 1925; x_wconf 64' lang='grc' dir='ltr'><strong>ΑΙΒ.1</strong></span> <span class='ocrx_word' id='word_1_154' title='bbox 1024 1861 1038 1949; x_wconf 81' lang='grc' dir='ltr'><strong>ΙΙ</strong></span> <span class='ocrx_word' id='word_1_155' title='bbox 1054 1867 1273 1929; x_wconf 83' lang='lat' dir='ltr'><strong>duodenarium</strong></span> 
     </span>
     <span class='ocr_line' id='line_1_18' title="bbox 132 1949 1274 2072; baseline 0.002 -60"><span class='ocrx_word' id='word_1_156' title='bbox 132 1949 187 2033; x_wconf 74' lang='lat' dir='ltr'><strong>All</strong></span> <span class='ocrx_word' id='word_1_157' title='bbox 207 1952 391 2033; x_wconf 79' lang='lat' dir='ltr'><strong>quoequalis</strong></span> <span class='ocrx_word' id='word_1_158' title='bbox 408 1955 437 2012; x_wconf 88' lang='lat' dir='ltr'><em>B</em></span> <span class='ocrx_word' id='word_1_159' title='bbox 458 1973 516 2033; x_wconf 90' lang='lat' dir='ltr'><strong>quo</strong></span> <span class='ocrx_word' id='word_1_160' title='bbox 529 1951 685 2034; x_wconf 71' lang='lat' dir='ltr'><strong>equentib3</strong></span> <span class='ocrx_word' id='word_1_161' title='bbox 712 1949 774 2072; x_wconf 50' lang='lat' dir='ltr'><strong>All</strong></span> <span class='ocrx_word' id='word_1_162' title='bbox 793 1965 811 2019; x_wconf 81' lang='grc'>3</span> <span class='ocrx_word' id='word_1_163' title='bbox 832 1953 1019 2022; x_wconf 83' lang='lat' dir='ltr'><strong>solesticium</strong></span> <span class='ocrx_word' id='word_1_164' title='bbox 1041 1949 1077 2012; x_wconf 79' lang='grc' dir='ltr'><strong>Α1</strong></span> <span class='ocrx_word' id='word_1_165' title='bbox 1100 1954 1274 2014; x_wconf 88' lang='lat' dir='ltr'><strong>solistitium</strong></span> 
     </span>
     <span class='ocr_line' id='line_1_19' title="bbox 133 2031 1273 2120; baseline 0.004 -26"><span class='ocrx_word' id='word_1_166' title='bbox 133 2033 193 2096; x_wconf 74' lang='grc' dir='ltr'><strong>ΒΑ2</strong></span> <span class='ocrx_word' id='word_1_167' title='bbox 209 2034 224 2120; x_wconf 80' lang='grc' dir='ltr'><strong>ΙΙ</strong></span> <span class='ocrx_word' id='word_1_168' title='bbox 238 2038 385 2116; x_wconf 84' lang='lat' dir='ltr'><strong>lampada</strong></span> <span class='ocrx_word' id='word_1_169' title='bbox 394 2041 502 2112; x_wconf 78' lang='lat' dir='ltr'><strong>scripsi</strong></span> <span class='ocrx_word' id='word_1_170' title='bbox 507 2063 516 2096; x_wconf 90' lang='grc'><strong>.·</strong></span> <span class='ocrx_word' id='word_1_171' title='bbox 528 2037 686 2118; x_wconf 83' lang='lat' dir='ltr'><strong>lampadas</strong></span> <span class='ocrx_word' id='word_1_172' title='bbox 699 2042 752 2098; x_wconf 83' lang='lat' dir='ltr'><strong>AB</strong></span> <span class='ocrx_word' id='word_1_173' title='bbox 777 2038 894 2120; x_wconf 77' lang='lat' dir='ltr'><strong>lampas</strong></span> <span class='ocrx_word' id='word_1_174' title='bbox 907 2033 948 2096; x_wconf 82' lang='lat' dir='ltr'><strong>B²</strong></span> <span class='ocrx_word' id='word_1_175' title='bbox 963 2031 976 2118; x_wconf 75' lang='lat' dir='ltr'><strong>ll</strong></span> <span class='ocrx_word' id='word_1_176' title='bbox 990 2046 1008 2097; x_wconf 76' lang='lat'>4</span> <span class='ocrx_word' id='word_1_177' title='bbox 1021 2036 1182 2118; x_wconf 82' lang='lat' dir='ltr'><strong>lampadas</strong></span> <span class='ocrx_word' id='word_1_178' title='bbox 1193 2035 1273 2098; x_wconf 64' lang='grc' dir='ltr'><strong>ΒῙΑ2</strong></span> 
     </span>
     <span class='ocr_line' id='line_1_20' title="bbox 133 2117 1273 2205; baseline -0.001 -21"><span class='ocrx_word' id='word_1_179' title='bbox 133 2119 176 2204; x_wconf 75' lang='grc'><strong>115</strong></span> <span class='ocrx_word' id='word_1_180' title='bbox 193 2117 383 2204; x_wconf 73' lang='lat' dir='ltr'><strong>caloremqes</strong></span> <span class='ocrx_word' id='word_1_181' title='bbox 399 2125 427 2180; x_wconf 86' lang='lat' dir='ltr'><em>B</em></span> <span class='ocrx_word' id='word_1_182' title='bbox 441 2119 455 2202; x_wconf 77' lang='grc' dir='ltr'>Η</span> <span class='ocrx_word' id='word_1_183' title='bbox 470 2121 670 2183; x_wconf 87' lang='lat' dir='ltr'><strong>aduenientes</strong></span> <span class='ocrx_word' id='word_1_184' title='bbox 692 2120 731 2181; x_wconf 90' lang='lat' dir='ltr'><strong>B¹</strong></span> <span class='ocrx_word' id='word_1_185' title='bbox 748 2123 882 2183; x_wconf 85' lang='lat' dir='ltr'><strong>aduentu</strong></span> <span class='ocrx_word' id='word_1_186' title='bbox 902 2126 983 2198; x_wconf 72' lang='lat' dir='ltr'><strong>culpo</strong></span> <span class='ocrx_word' id='word_1_187' title='bbox 999 2117 1012 2205; x_wconf 67' lang='lat' dir='ltr'><strong>ll</strong></span> <span class='ocrx_word' id='word_1_188' title='bbox 1027 2123 1115 2182; x_wconf 90' lang='lat' dir='ltr'><strong>statis</strong></span> <span class='ocrx_word' id='word_1_189' title='bbox 1134 2129 1159 2182; x_wconf 87' lang='grc' dir='ltr'><em>Α</em></span> <span class='ocrx_word' id='word_1_190' title='bbox 1173 2133 1273 2184; x_wconf 88' lang='lat' dir='ltr'><strong>aesta-</strong></span> 
     </span>
     <span class='ocr_line' id='line_1_21' title="bbox 132 2201 577 2292; baseline 0.011 -28"><span class='ocrx_word' id='word_1_191' title='bbox 132 2217 175 2266; x_wconf 87' lang='lat' dir='ltr'><strong>tes</strong></span> <span class='ocrx_word' id='word_1_192' title='bbox 190 2203 231 2267; x_wconf 87' lang='lat' dir='ltr'><strong>B¹</strong></span> <span class='ocrx_word' id='word_1_193' title='bbox 248 2201 264 2292; x_wconf 77' lang='lat' dir='ltr'>ss</span> <span class='ocrx_word' id='word_1_194' title='bbox 277 2207 478 2270; x_wconf 83' lang='lat' dir='ltr'><strong>lnIundentA</strong></span> <span class='ocrx_word' id='word_1_195' title='bbox 564 2215 577 2248; x_wconf 58' lang='lat' dir='ltr'><strong>l</strong></span> 
     </span>
    </p>
   </div>
   <div class='ocr_carea' id='block_1_5' title="bbox 285 2407 1111 2461">
    <p class='ocr_par' dir='ltr' id='par_1_5' title="bbox 285 2407 1111 2461">
     <span class='ocr_line' id='line_1_22' title="bbox 285 2407 1111 2461; baseline -0.001 -1"><span class='ocrx_word' id='word_1_196' title='bbox 285 2407 553 2461; x_wconf 76' lang='lat' dir='ltr'>SVPPLEIIENTA</span> <span class='ocrx_word' id='word_1_197' title='bbox 570 2409 674 2460; x_wconf 87' lang='lat' dir='ltr'>LIBRI</span> <span class='ocrx_word' id='word_1_198' title='bbox 691 2409 742 2460; x_wconf 78' lang='lat' dir='ltr'><strong>Dis</strong></span> <span class='ocrx_word' id='word_1_199' title='bbox 760 2409 858 2461; x_wconf 84' lang='lat' dir='ltr'>ANNO</span> <span class='ocrx_word' id='word_1_200' title='bbox 877 2408 1111 2461; x_wconf 82' lang='lat' dir='ltr'>ROMANORVM</span> 
     </span>
    </p>
   </div>
   <div class='ocr_carea' id='block_1_6' title="bbox 123 2527 1272 4492">
    <p class='ocr_par' dir='ltr' id='par_1_6' title="bbox 123 2527 1272 4492">
     <span class='ocr_line' id='line_1_23' title="bbox 210 2527 1270 2596; baseline -0.003 -17"><span class='ocrx_word' id='word_1_201' title='bbox 210 2527 382 2580; x_wconf 84' lang='lat' dir='ltr'><strong>Censorinus</strong></span> <span class='ocrx_word' id='word_1_202' title='bbox 404 2527 436 2577; x_wconf 88' lang='lat' dir='ltr'><strong>de</strong></span> <span class='ocrx_word' id='word_1_203' title='bbox 459 2527 504 2580; x_wconf 81' lang='lat' dir='ltr'><strong>dle</strong></span> <span class='ocrx_word' id='word_1_204' title='bbox 528 2527 618 2578; x_wconf 81' lang='lat' dir='ltr'><strong>netuli</strong></span> <span class='ocrx_word' id='word_1_205' title='bbox 634 2527 699 2578; x_wconf 87' lang='lat' dir='ltr'><strong>XVI</strong></span> <span class='ocrx_word' id='word_1_206' title='bbox 717 2528 742 2577; x_wconf 85' lang='lat'><strong>7.</strong></span> <span class='ocrx_word' id='word_1_207' title='bbox 777 2530 875 2596; x_wconf 79' lang='lat' dir='ltr'><strong>lisque</strong></span> <span class='ocrx_word' id='word_1_208' title='bbox 898 2532 930 2578; x_wconf 91' lang='lat' dir='ltr'><strong>ut</strong></span> <span class='ocrx_word' id='word_1_209' title='bbox 950 2527 1063 2579; x_wconf 80' lang='lat' dir='ltr'><strong>saecula</strong></span> <span class='ocrx_word' id='word_1_210' title='bbox 1086 2528 1187 2593; x_wconf 87' lang='lat' dir='ltr'><strong>possim</strong></span> <span class='ocrx_word' id='word_1_211' title='bbox 1211 2543 1270 2594; x_wconf 87' lang='lat' dir='ltr'><strong>per·</strong></span> 
     </span>
     <span class='ocr_line' id='line_1_24' title="bbox 130 2594 1271 2662; baseline -0.002 -16"><span class='ocrx_word' id='word_1_212' title='bbox 130 2609 235 2647; x_wconf 80' lang='lat' dir='ltr'><strong>currere</strong></span> <span class='ocrx_word' id='word_1_213' title='bbox 253 2599 284 2646; x_wconf 82' lang='lat' dir='ltr'><strong>et</strong></span> <span class='ocrx_word' id='word_1_214' title='bbox 300 2594 353 2646; x_wconf 91' lang='lat' dir='ltr'><strong>hoc</strong></span> <span class='ocrx_word' id='word_1_215' title='bbox 370 2601 492 2646; x_wconf 87' lang='lat' dir='ltr'><strong>nostrum</strong></span> <span class='ocrx_word' id='word_1_216' title='bbox 509 2611 641 2661; x_wconf 85' lang='lat' dir='ltr'><strong>praeseus</strong></span> <span class='ocrx_word' id='word_1_217' title='bbox 659 2595 820 2662; x_wconf 75' lang='lat' dir='ltr'><strong>designare,</strong></span> <span class='ocrx_word' id='word_1_218' title='bbox 842 2597 950 2647; x_wconf 82' lang='lat' dir='ltr'><strong>omissis</strong></span> <span class='ocrx_word' id='word_1_219' title='bbox 969 2597 1060 2647; x_wconf 72' lang='lat' dir='ltr'><strong>astreis</strong></span> <span class='ocrx_word' id='word_1_220' title='bbox 1079 2595 1271 2662; x_wconf 79' lang='lat' dir='ltr'><strong>argenteisque</strong></span> 
     </span>
     <span class='ocr_line' id='line_1_25' title="bbox 131 2663 1271 2730; baseline 0.002 -20"><span class='ocrx_word' id='word_1_221' title='bbox 131 2669 157 2712; x_wconf 86' lang='lat' dir='ltr'><strong>st</strong></span> <span class='ocrx_word' id='word_1_222' title='bbox 172 2663 223 2714; x_wconf 84' lang='lat' dir='ltr'><strong>hoc</strong></span> <span class='ocrx_word' id='word_1_223' title='bbox 242 2678 332 2728; x_wconf 79' lang='lat' dir='ltr'><strong>genus</strong></span> <span class='ocrx_word' id='word_1_224' title='bbox 349 2664 467 2730; x_wconf 87' lang='lat' dir='ltr'><strong>poeticis</strong></span> <span class='ocrx_word' id='word_1_225' title='bbox 490 2677 507 2714; x_wconf 79' lang='lat' dir='ltr'><strong>a</strong></span> <span class='ocrx_word' id='word_1_226' title='bbox 530 2663 642 2714; x_wconf 91' lang='lat' dir='ltr'><strong>conditu</strong></span> <span class='ocrx_word' id='word_1_227' title='bbox 664 2664 738 2715; x_wconf 91' lang='lat' dir='ltr'><strong>urbis</strong></span> <span class='ocrx_word' id='word_1_228' title='bbox 761 2665 864 2714; x_wconf 76' lang='lat' dir='ltr'><strong>Romae</strong></span> <span class='ocrx_word' id='word_1_229' title='bbox 888 2665 997 2728; x_wconf 85' lang='lat' dir='ltr'><strong>patriae</strong></span> <span class='ocrx_word' id='word_1_230' title='bbox 1021 2671 1129 2714; x_wconf 85' lang='lat' dir='ltr'><strong>nostrae</strong></span> <span class='ocrx_word' id='word_1_231' title='bbox 1154 2677 1271 2714; x_wconf 87' lang='lat' dir='ltr'><strong>eommu-</strong></span> 
     </span>
     <span class='ocr_line' id='line_1_26' title="bbox 130 2731 1270 2794; baseline 0 -14"><span class='ocrx_word' id='word_1_232' title='bbox 130 2731 168 2780; x_wconf 85' lang='lat' dir='ltr'><strong>nis</strong></span> <span class='ocrx_word' id='word_1_233' title='bbox 184 2731 327 2793; x_wconf 78' lang='lat' dir='ltr'><strong>exordiar,</strong></span> <span class='ocrx_word' id='word_1_234' title='bbox 351 2731 439 2781; x_wconf 82' lang='lat' dir='ltr'>XVII.</span> <span class='ocrx_word' id='word_1_235' title='bbox 464 2737 493 2780; x_wconf 86' lang='lat' dir='ltr'><strong>et</strong></span> <span class='ocrx_word' id='word_1_236' title='bbox 510 2732 640 2794; x_wconf 87' lang='lat' dir='ltr'><strong>qnoniam</strong></span> <span class='ocrx_word' id='word_1_237' title='bbox 657 2732 773 2782; x_wconf 87' lang='lat' dir='ltr'><strong>saecula</strong></span> <span class='ocrx_word' id='word_1_238' title='bbox 795 2737 843 2782; x_wconf 90' lang='lat' dir='ltr'><strong>aut</strong></span> <span class='ocrx_word' id='word_1_239' title='bbox 860 2731 1000 2782; x_wconf 85' lang='lat' dir='ltr'><strong>uoturslia</strong></span> <span class='ocrx_word' id='word_1_240' title='bbox 1017 2738 1080 2782; x_wconf 89' lang='lat' dir='ltr'><strong>suut</strong></span> <span class='ocrx_word' id='word_1_241' title='bbox 1098 2737 1147 2782; x_wconf 87' lang='lat' dir='ltr'><strong>aut</strong></span> <span class='ocrx_word' id='word_1_242' title='bbox 1165 2731 1270 2792; x_wconf 83' lang='lat' dir='ltr'><strong>ciuilis,</strong></span> 
     </span>
     <span class='ocr_line' id='line_1_27' title="bbox 129 2797 1270 2865; baseline 0 -18"><span class='ocrx_word' id='word_1_243' title='bbox 129 2799 200 2862; x_wconf 78' lang='lat' dir='ltr'><strong>prius</strong></span> <span class='ocrx_word' id='word_1_244' title='bbox 222 2799 258 2849; x_wconf 89' lang='lat' dir='ltr'><strong>de</strong></span> <span class='ocrx_word' id='word_1_245' title='bbox 283 2797 456 2850; x_wconf 76' lang='lat' dir='ltr'><strong>naturalibus</strong></span> <span class='ocrx_word' id='word_1_246' title='bbox 479 2799 577 2848; x_wconf 86' lang='lat' dir='ltr'><strong>dicam.</strong></span> <span class='ocrx_word' id='word_1_247' title='bbox 613 2799 638 2849; x_wconf 86' lang='lat'><strong>2.</strong></span> <span class='ocrx_word' id='word_1_248' title='bbox 663 2799 809 2860; x_wconf 80' lang='lat' dir='ltr'><strong>Saeculum</strong></span> <span class='ocrx_word' id='word_1_249' title='bbox 832 2807 875 2850; x_wconf 89' lang='lat' dir='ltr'><strong>est</strong></span> <span class='ocrx_word' id='word_1_250' title='bbox 897 2800 1017 2865; x_wconf 85' lang='lat' dir='ltr'><strong>spetium</strong></span> <span class='ocrx_word' id='word_1_251' title='bbox 1040 2801 1115 2850; x_wconf 85' lang='lat' dir='ltr'><strong>uitae</strong></span> <span class='ocrx_word' id='word_1_252' title='bbox 1134 2799 1270 2849; x_wconf 74' lang='lat' dir='ltr'><strong>humanus</strong></span> 
     </span>
     <span class='ocr_line' id='line_1_28' title="bbox 129 2862 1270 2934; baseline 0.001 -19"><span class='ocrx_word' id='word_1_253' title='bbox 129 2865 315 2932; x_wconf 70' lang='lat' dir='ltr'><strong>longissimum</strong></span> <span class='ocrx_word' id='word_1_254' title='bbox 332 2871 414 2932; x_wconf 85' lang='lat' dir='ltr'><strong>partu</strong></span> <span class='ocrx_word' id='word_1_255' title='bbox 432 2872 461 2916; x_wconf 90' lang='lat' dir='ltr'><strong>et</strong></span> <span class='ocrx_word' id='word_1_256' title='bbox 477 2871 563 2917; x_wconf 87' lang='lat' dir='ltr'><strong>morte</strong></span> <span class='ocrx_word' id='word_1_257' title='bbox 581 2865 732 2917; x_wconf 86' lang='lat' dir='ltr'><strong>definitum.</strong></span> <span class='ocrx_word' id='word_1_258' title='bbox 768 2862 853 2932; x_wconf 85' lang='lat' dir='ltr'><strong>querc</strong></span> <span class='ocrx_word' id='word_1_259' title='bbox 872 2869 918 2934; x_wconf 94' lang='lat' dir='ltr'><strong>qui</strong></span> <span class='ocrx_word' id='word_1_260' title='bbox 937 2881 1022 2918; x_wconf 84' lang='lat' dir='ltr'><strong>anuos</strong></span> <span class='ocrx_word' id='word_1_261' title='bbox 1040 2868 1155 2932; x_wconf 83' lang='lat' dir='ltr'><strong>triginta</strong></span> <span class='ocrx_word' id='word_1_262' title='bbox 1175 2883 1270 2918; x_wconf 86' lang='lat' dir='ltr'><strong>saecu-</strong></span> 
     </span>
     <span class='ocr_line' id='line_1_29' title="bbox 129 2928 1272 3000; baseline 0 -18"><span class='ocrx_word' id='word_1_263' title='bbox 129 2932 181 2984; x_wconf 85' lang='lat' dir='ltr'><strong>lum</strong></span> <span class='ocrx_word' id='word_1_264' title='bbox 196 2941 333 3000; x_wconf 81' lang='lat' dir='ltr'><strong>putarunt</strong></span> <span class='ocrx_word' id='word_1_265' title='bbox 350 2933 463 2984; x_wconf 86' lang='lat' dir='ltr'><strong>multum</strong></span> <span class='ocrx_word' id='word_1_266' title='bbox 480 2933 609 2984; x_wconf 87' lang='lat' dir='ltr'><strong>uidentur</strong></span> <span class='ocrx_word' id='word_1_267' title='bbox 625 2949 742 2986; x_wconf 78' lang='lat' dir='ltr'><strong>errasse.</strong></span> <span class='ocrx_word' id='word_1_268' title='bbox 778 2935 829 2985; x_wconf 93' lang='lat' dir='ltr'><strong>hoc</strong></span> <span class='ocrx_word' id='word_1_269' title='bbox 842 2937 915 2985; x_wconf 83' lang='lat' dir='ltr'><strong>enlm</strong></span> <span class='ocrx_word' id='word_1_270' title='bbox 930 2939 1036 3000; x_wconf 87' lang='lat' dir='ltr'><strong>tempus</strong></span> <span class='ocrx_word' id='word_1_271' title='bbox 1054 2928 1159 3000; x_wconf 75' lang='grc' dir='ltr'><strong><em>γενεὰν</em></strong></span> <span class='ocrx_word' id='word_1_272' title='bbox 1176 2934 1272 2984; x_wconf 86' lang='lat' dir='ltr'><strong>uocari</strong></span> 
     </span>
     <span class='ocr_line' id='line_1_30' title="bbox 129 3001 1271 3068; baseline 0.002 -18"><span class='ocrx_word' id='word_1_273' title='bbox 129 3001 286 3052; x_wconf 79' lang='lat' dir='ltr'><strong>Herselitus</strong></span> <span class='ocrx_word' id='word_1_274' title='bbox 305 3006 470 3064; x_wconf 78' lang='lat' dir='ltr'><strong>auctorest,</strong></span> <span class='ocrx_word' id='word_1_275' title='bbox 488 3001 553 3066; x_wconf 84' lang='lat' dir='ltr'><strong>quis</strong></span> <span class='ocrx_word' id='word_1_276' title='bbox 571 3003 646 3052; x_wconf 89' lang='lat' dir='ltr'><strong>orbis</strong></span> <span class='ocrx_word' id='word_1_277' title='bbox 665 3004 767 3052; x_wconf 79' lang='lat' dir='ltr'><strong>aetatis</strong></span> <span class='ocrx_word' id='word_1_278' title='bbox 786 3005 814 3052; x_wconf 91' lang='lat' dir='ltr'><strong>in</strong></span> <span class='ocrx_word' id='word_1_279' title='bbox 832 3019 865 3052; x_wconf 89' lang='lat' dir='ltr'><strong>eo</strong></span> <span class='ocrx_word' id='word_1_280' title='bbox 883 3003 919 3052; x_wconf 90' lang='lat' dir='ltr'><strong>sit</strong></span> <span class='ocrx_word' id='word_1_281' title='bbox 936 3005 1035 3068; x_wconf 82' lang='lat' dir='ltr'><strong>spatio.</strong></span> <span class='ocrx_word' id='word_1_282' title='bbox 1068 3004 1161 3054; x_wconf 87' lang='lat' dir='ltr'><strong>orbem</strong></span> <span class='ocrx_word' id='word_1_283' title='bbox 1180 3008 1271 3054; x_wconf 85' lang='lat' dir='ltr'><strong>autom</strong></span> 
     </span>
     <span class='ocr_line' id='line_1_31' title="bbox 127 3069 1270 3130; baseline -0.002 -10"><span class='ocrx_word' id='word_1_284' title='bbox 127 3077 208 3120; x_wconf 74' lang='lat' dir='ltr'><strong>uocat</strong></span> <span class='ocrx_word' id='word_1_285' title='bbox 224 3069 345 3130; x_wconf 78' lang='lat' dir='ltr'><strong>aetatis,</strong></span> <span class='ocrx_word' id='word_1_286' title='bbox 363 3069 426 3118; x_wconf 87' lang='lat' dir='ltr'><strong>dum</strong></span> <span class='ocrx_word' id='word_1_287' title='bbox 443 3075 544 3120; x_wconf 77' lang='lat' dir='ltr'><strong>nature</strong></span> <span class='ocrx_word' id='word_1_288' title='bbox 561 3069 682 3120; x_wconf 72' lang='lat' dir='ltr'><strong>huruuua</strong></span> <span class='ocrx_word' id='word_1_289' title='bbox 704 3086 722 3121; x_wconf 83' lang='lat' dir='ltr'><strong>a</strong></span> <span class='ocrx_word' id='word_1_290' title='bbox 745 3071 862 3120; x_wconf 86' lang='lat' dir='ltr'><strong>sementi</strong></span> <span class='ocrx_word' id='word_1_291' title='bbox 886 3070 921 3120; x_wconf 86' lang='lat' dir='ltr'><strong>ad</strong></span> <span class='ocrx_word' id='word_1_292' title='bbox 943 3075 1092 3121; x_wconf 88' lang='lat' dir='ltr'><strong>sementem</strong></span> <span class='ocrx_word' id='word_1_293' title='bbox 1115 3071 1270 3121; x_wconf 87' lang='lat' dir='ltr'><strong>reuertitur.</strong></span> 
     </span>
     <span class='ocr_line' id='line_1_32' title="bbox 128 3133 1270 3202; baseline 0.002 -18"><span class='ocrx_word' id='word_1_294' title='bbox 128 3135 176 3188; x_wconf 84' lang='lat' dir='ltr'><strong>hoc</strong></span> <span class='ocrx_word' id='word_1_295' title='bbox 193 3133 306 3202; x_wconf 74' lang='lat' dir='ltr'><strong>qdidem</strong></span> <span class='ocrx_word' id='word_1_296' title='bbox 324 3133 426 3202; x_wconf 72' lang='grc' dir='ltr'><strong><em>γενεᾶς</em></strong></span> <span class='ocrx_word' id='word_1_297' title='bbox 437 3141 544 3202; x_wconf 83' lang='lat' dir='ltr'><strong>tempus</strong></span> <span class='ocrx_word' id='word_1_298' title='bbox 557 3137 607 3187; x_wconf 88' lang='lat' dir='ltr'><strong>alii</strong></span> <span class='ocrx_word' id='word_1_299' title='bbox 626 3138 708 3188; x_wconf 86' lang='lat' dir='ltr'><strong>aliter</strong></span> <span class='ocrx_word' id='word_1_300' title='bbox 724 3138 898 3188; x_wconf 85' lang='lat' dir='ltr'><strong>definierunt.</strong></span> <span class='ocrx_word' id='word_1_301' title='bbox 927 3137 1081 3190; x_wconf 87' lang='lat' dir='ltr'><strong>Herodicus</strong></span> <span class='ocrx_word' id='word_1_302' title='bbox 1095 3154 1179 3189; x_wconf 85' lang='lat' dir='ltr'><strong>sunus</strong></span> <span class='ocrx_word' id='word_1_303' title='bbox 1193 3139 1270 3202; x_wconf 91' lang='lat' dir='ltr'><strong>quin-</strong></span> 
     </span>
     <span class='ocr_line' id='line_1_33' title="bbox 128 3197 1272 3272; baseline -0.001 -17"><span class='ocrx_word' id='word_1_304' title='bbox 128 3219 176 3268; x_wconf 81' lang='lat' dir='ltr'><strong>que</strong></span> <span class='ocrx_word' id='word_1_305' title='bbox 188 3211 218 3254; x_wconf 85' lang='lat' dir='ltr'><strong>et</strong></span> <span class='ocrx_word' id='word_1_306' title='bbox 227 3205 332 3268; x_wconf 81' lang='lat' dir='ltr'><strong>uiginti</strong></span> <span class='ocrx_word' id='word_1_307' title='bbox 344 3205 442 3255; x_wconf 85' lang='lat' dir='ltr'><strong>scribit</strong></span> <span class='ocrx_word' id='word_1_308' title='bbox 453 3204 510 3254; x_wconf 88' lang='lat' dir='ltr'><strong>dici</strong></span> <span class='ocrx_word' id='word_1_309' title='bbox 521 3197 634 3270; x_wconf 74' lang='grc' dir='ltr'><strong>γενεάν,</strong></span> <span class='ocrx_word' id='word_1_310' title='bbox 647 3207 741 3257; x_wconf 86' lang='lat' dir='ltr'><strong>Zenon</strong></span> <span class='ocrx_word' id='word_1_311' title='bbox 753 3206 878 3272; x_wconf 75' lang='lat' dir='ltr'><strong>triginta.</strong></span> <span class='ocrx_word' id='word_1_312' title='bbox 903 3205 926 3256; x_wconf 83' lang='lat'><strong>3.</strong></span> <span class='ocrx_word' id='word_1_313' title='bbox 941 3205 1088 3256; x_wconf 78' lang='lat' dir='ltr'><strong>Saeculum</strong></span> <span class='ocrx_word' id='word_1_314' title='bbox 1103 3212 1194 3256; x_wconf 81' lang='lat' dir='ltr'><strong>eutem</strong></span> <span class='ocrx_word' id='word_1_315' title='bbox 1207 3205 1272 3270; x_wconf 87' lang='lat' dir='ltr'><strong>quid</strong></span> 
     </span>
     <span class='ocr_line' id='line_1_34' title="bbox 128 3271 1269 3340; baseline 0.002 -20"><span class='ocrx_word' id='word_1_316' title='bbox 128 3273 161 3322; x_wconf 82' lang='lat' dir='ltr'><strong>sit</strong></span> <span class='ocrx_word' id='word_1_317' title='bbox 176 3287 265 3338; x_wconf 82' lang='lat' dir='ltr'><strong>usqne</strong></span> <span class='ocrx_word' id='word_1_318' title='bbox 291 3271 380 3322; x_wconf 71' lang='lat' dir='ltr'><strong>udum</strong></span> <span class='ocrx_word' id='word_1_319' title='bbox 402 3273 521 3323; x_wconf 86' lang='lat' dir='ltr'><strong>arbitror</strong></span> <span class='ocrx_word' id='word_1_320' title='bbox 539 3272 574 3322; x_wconf 87' lang='lat' dir='ltr'><strong>ad</strong></span> <span class='ocrx_word' id='word_1_321' title='bbox 592 3273 692 3324; x_wconf 85' lang='lat' dir='ltr'><strong>subtiIe</strong></span> <span class='ocrx_word' id='word_1_322' title='bbox 712 3275 897 3324; x_wconf 77' lang='lat' dir='ltr'><strong>examinatum</strong></span> <span class='ocrx_word' id='word_1_323' title='bbox 915 3289 968 3324; x_wconf 90' lang='lat' dir='ltr'><strong>uon</strong></span> <span class='ocrx_word' id='word_1_324' title='bbox 987 3289 1057 3324; x_wconf 87' lang='lat' dir='ltr'><strong>esse.</strong></span> <span class='ocrx_word' id='word_1_325' title='bbox 1092 3278 1192 3340; x_wconf 81' lang='lat' dir='ltr'><strong>postue</strong></span> <span class='ocrx_word' id='word_1_326' title='bbox 1212 3273 1269 3338; x_wconf 88' lang='lat' dir='ltr'><strong>qui-</strong></span> 
     </span>
     <span class='ocr_line' id='line_1_35' title="bbox 126 3339 1271 3406; baseline 0.002 -18"><span class='ocrx_word' id='word_1_327' title='bbox 126 3339 184 3390; x_wconf 84' lang='lat' dir='ltr'><strong>dem</strong></span> <span class='ocrx_word' id='word_1_328' title='bbox 201 3340 293 3390; x_wconf 74' lang='lat' dir='ltr'><strong>multa</strong></span> <span class='ocrx_word' id='word_1_329' title='bbox 310 3339 486 3390; x_wconf 87' lang='lat' dir='ltr'><strong>incredibilia</strong></span> <span class='ocrx_word' id='word_1_330' title='bbox 503 3341 672 3405; x_wconf 88' lang='lat' dir='ltr'><strong>scripserunt</strong></span> <span class='ocrx_word' id='word_1_331' title='bbox 689 3357 741 3392; x_wconf 91' lang='lat' dir='ltr'><strong>uae</strong></span> <span class='ocrx_word' id='word_1_332' title='bbox 760 3343 849 3391; x_wconf 88' lang='lat' dir='ltr'><strong>minus</strong></span> <span class='ocrx_word' id='word_1_333' title='bbox 866 3342 992 3392; x_wconf 88' lang='lat' dir='ltr'><strong>historici</strong></span> <span class='ocrx_word' id='word_1_334' title='bbox 1011 3341 1126 3404; x_wconf 84' lang='lat' dir='ltr'><strong>Gracci,</strong></span> <span class='ocrx_word' id='word_1_335' title='bbox 1146 3340 1271 3406; x_wconf 77' lang='lat' dir='ltr'><strong>quemuis</strong></span> 
     </span>
     <span class='ocr_line' id='line_1_36' title="bbox 128 3407 1269 3474; baseline 0.002 -20"><span class='ocrx_word' id='word_1_336' title='bbox 128 3422 171 3458; x_wconf 81' lang='lat' dir='ltr'><strong>eos</strong></span> <span class='ocrx_word' id='word_1_337' title='bbox 191 3424 210 3458; x_wconf 80' lang='lat' dir='ltr'><strong>a</strong></span> <span class='ocrx_word' id='word_1_338' title='bbox 234 3423 304 3457; x_wconf 87' lang='lat' dir='ltr'><strong>uero</strong></span> <span class='ocrx_word' id='word_1_339' title='bbox 326 3422 376 3472; x_wconf 84' lang='lat' dir='ltr'><strong>par</strong></span> <span class='ocrx_word' id='word_1_340' title='bbox 394 3422 449 3458; x_wconf 88' lang='lat' dir='ltr'><strong>uon</strong></span> <span class='ocrx_word' id='word_1_341' title='bbox 467 3408 521 3458; x_wconf 80' lang='lat' dir='ltr'><strong>ruit</strong></span> <span class='ocrx_word' id='word_1_342' title='bbox 538 3407 684 3471; x_wconf 77' lang='lat' dir='ltr'><strong>decedere3</strong></span> <span class='ocrx_word' id='word_1_343' title='bbox 709 3417 740 3459; x_wconf 94' lang='lat' dir='ltr'><strong>ut</strong></span> <span class='ocrx_word' id='word_1_344' title='bbox 762 3410 931 3472; x_wconf 88' lang='lat' dir='ltr'><strong>Herodotus,</strong></span> <span class='ocrx_word' id='word_1_345' title='bbox 956 3409 1028 3474; x_wconf 85' lang='lat' dir='ltr'><strong>epod</strong></span> <span class='ocrx_word' id='word_1_346' title='bbox 1050 3423 1130 3473; x_wconf 89' lang='lat' dir='ltr'><strong>quem</strong></span> <span class='ocrx_word' id='word_1_347' title='bbox 1153 3409 1269 3474; x_wconf 80' lang='lat' dir='ltr'><strong>legimus</strong></span> 
     </span>
     <span class='ocr_line' id='line_1_37' title="bbox 127 3475 1270 3542; baseline 0.002 -19"><span class='ocrx_word' id='word_1_348' title='bbox 127 3475 344 3540; x_wconf 74' lang='lat' dir='ltr'><strong>Argmthonium</strong></span> <span class='ocrx_word' id='word_1_349' title='bbox 366 3475 568 3526; x_wconf 75' lang='lat' dir='ltr'><strong>&#39;l&#39;artessiorum</strong></span> <span class='ocrx_word' id='word_1_350' title='bbox 595 3493 688 3542; x_wconf 77' lang='lat' dir='ltr'><strong>regem</strong></span> <span class='ocrx_word' id='word_1_351' title='bbox 716 3483 825 3528; x_wconf 87' lang='lat' dir='ltr'><strong>centum</strong></span> <span class='ocrx_word' id='word_1_352' title='bbox 850 3483 877 3528; x_wconf 90' lang='lat' dir='ltr'><strong>et</strong></span> <span class='ocrx_word' id='word_1_353' title='bbox 905 3477 1107 3542; x_wconf 79' lang='lat' dir='ltr'><strong>quiuquaquts</strong></span> <span class='ocrx_word' id='word_1_354' title='bbox 1138 3491 1270 3526; x_wconf 77' lang='lat' dir='ltr'><strong>annorum</strong></span> 
     </span>
     <span class='ocr_line' id='line_1_38' title="bbox 127 3541 1270 3609; baseline 0 -19"><span class='ocrx_word' id='word_1_355' title='bbox 127 3543 221 3606; x_wconf 67' lang='lat' dir='ltr'><strong>sumne,</strong></span> <span class='ocrx_word' id='word_1_356' title='bbox 248 3549 300 3593; x_wconf 83' lang='lat' dir='ltr'><strong>sut</strong></span> <span class='ocrx_word' id='word_1_357' title='bbox 316 3541 443 3608; x_wconf 82' lang='lat' dir='ltr'><strong>Ephorus</strong></span> <span class='ocrx_word' id='word_1_358' title='bbox 461 3543 507 3608; x_wconf 92' lang='lat' dir='ltr'><strong>qui</strong></span> <span class='ocrx_word' id='word_1_359' title='bbox 530 3543 617 3595; x_wconf 87' lang='lat' dir='ltr'><strong>trsdit</strong></span> <span class='ocrx_word' id='word_1_360' title='bbox 633 3545 758 3595; x_wconf 81' lang='lat' dir='ltr'><strong>Arcadas</strong></span> <span class='ocrx_word' id='word_1_361' title='bbox 781 3545 872 3595; x_wconf 86' lang='lat' dir='ltr'><strong>dicere</strong></span> <span class='ocrx_word' id='word_1_362' title='bbox 896 3543 968 3609; x_wconf 86' lang='lat' dir='ltr'><strong>apud</strong></span> <span class='ocrx_word' id='word_1_363' title='bbox 992 3560 1021 3594; x_wconf 88' lang='lat' dir='ltr'><strong>so</strong></span> <span class='ocrx_word' id='word_1_364' title='bbox 1045 3557 1125 3608; x_wconf 79' lang='lat' dir='ltr'><strong>reges</strong></span> <span class='ocrx_word' id='word_1_365' title='bbox 1143 3544 1270 3608; x_wconf 75' lang='lat' dir='ltr'><strong>antiquos</strong></span> 
     </span>
     <span class='ocr_line' id='line_1_39' title="bbox 127 3610 1269 3676; baseline -0.001 -18"><span class='ocrx_word' id='word_1_366' title='bbox 127 3611 228 3676; x_wconf 74' lang='lat' dir='ltr'><strong>aliquot</strong></span> <span class='ocrx_word' id='word_1_367' title='bbox 240 3610 279 3661; x_wconf 76' lang='lat' dir='ltr'><strong>ed</strong></span> <span class='ocrx_word' id='word_1_368' title='bbox 291 3615 431 3662; x_wconf 87' lang='lat' dir='ltr'><strong>trecentos</strong></span> <span class='ocrx_word' id='word_1_369' title='bbox 448 3611 549 3662; x_wconf 82' lang='lat' dir='ltr'><strong>uixisse</strong></span> <span class='ocrx_word' id='word_1_370' title='bbox 569 3627 664 3663; x_wconf 81' lang='lat' dir='ltr'><strong>annos.</strong></span> <span class='ocrx_word' id='word_1_371' title='bbox 695 3613 719 3661; x_wconf 79' lang='grc'><strong>4.</strong></span> <span class='ocrx_word' id='word_1_372' title='bbox 739 3626 832 3662; x_wconf 89' lang='lat' dir='ltr'><strong>nerum</strong></span> <span class='ocrx_word' id='word_1_373' title='bbox 845 3611 915 3662; x_wconf 83' lang='lat' dir='ltr'><strong>hoec</strong></span> <span class='ocrx_word' id='word_1_374' title='bbox 927 3617 958 3662; x_wconf 89' lang='lat' dir='ltr'><strong>ut</strong></span> <span class='ocrx_word' id='word_1_375' title='bbox 970 3611 1100 3662; x_wconf 80' lang='lat' dir='ltr'><strong>fabulosa</strong></span> <span class='ocrx_word' id='word_1_376' title='bbox 1111 3611 1269 3675; x_wconf 79' lang='lat' dir='ltr'><strong>praetereo:</strong></span> 
     </span>
     <span class='ocr_line' id='line_1_40' title="bbox 126 3678 1270 3746; baseline -0.003 -16"><span class='ocrx_word' id='word_1_377' title='bbox 126 3679 172 3730; x_wconf 81' lang='lat' dir='ltr'><strong>sed</strong></span> <span class='ocrx_word' id='word_1_378' title='bbox 191 3682 269 3730; x_wconf 86' lang='lat' dir='ltr'><strong>iuter</strong></span> <span class='ocrx_word' id='word_1_379' title='bbox 292 3679 368 3744; x_wconf 83' lang='lat' dir='ltr'><strong>ipsos</strong></span> <span class='ocrx_word' id='word_1_380' title='bbox 386 3678 538 3745; x_wconf 79' lang='lat' dir='ltr'><strong>astrologos</strong></span> <span class='ocrx_word' id='word_1_381' title='bbox 562 3681 609 3744; x_wconf 88' lang='lat' dir='ltr'><strong>qui</strong></span> <span class='ocrx_word' id='word_1_382' title='bbox 626 3681 655 3730; x_wconf 89' lang='lat' dir='ltr'><strong>in</strong></span> <span class='ocrx_word' id='word_1_383' title='bbox 672 3681 815 3731; x_wconf 85' lang='lat' dir='ltr'><strong>stellarum</strong></span> <span class='ocrx_word' id='word_1_384' title='bbox 833 3679 1024 3746; x_wconf 79' lang='lat' dir='ltr'><strong>signorumque</strong></span> <span class='ocrx_word' id='word_1_385' title='bbox 1048 3679 1156 3729; x_wconf 76' lang='lat' dir='ltr'><strong>ratione</strong></span> <span class='ocrx_word' id='word_1_386' title='bbox 1175 3691 1270 3727; x_wconf 88' lang='lat' dir='ltr'><strong>uerum</strong></span> 
     </span>
     <span class='ocr_line' id='line_1_41' title="bbox 126 3744 1269 3812; baseline -0.002 -18"><span class='ocrx_word' id='word_1_387' title='bbox 126 3753 283 3798; x_wconf 67' lang='lat' dir='ltr'><strong>scrutantur</strong></span> <span class='ocrx_word' id='word_1_388' title='bbox 304 3761 479 3811; x_wconf 79' lang='lat' dir='ltr'><strong>nequaquem</strong></span> <span class='ocrx_word' id='word_1_389' title='bbox 502 3748 587 3798; x_wconf 83' lang='lat' dir='ltr'><strong>etism</strong></span> <span class='ocrx_word' id='word_1_390' title='bbox 609 3750 749 3799; x_wconf 89' lang='lat' dir='ltr'><strong>conuenit.</strong></span> <span class='ocrx_word' id='word_1_391' title='bbox 786 3749 925 3812; x_wconf 82' lang='lat' dir='ltr'><strong>Epigenes</strong></span> <span class='ocrx_word' id='word_1_392' title='bbox 947 3747 978 3797; x_wconf 89' lang='lat' dir='ltr'><strong>iu</strong></span> <span class='ocrx_word' id='word_1_393' title='bbox 1001 3752 1110 3796; x_wconf 88' lang='lat' dir='ltr'><strong>centum</strong></span> <span class='ocrx_word' id='word_1_394' title='bbox 1127 3744 1269 3795; x_wconf 84' lang='lat' dir='ltr'><strong>duodecim</strong></span> 
     </span>
     <span class='ocr_line' id='line_1_42' title="bbox 127 3813 1270 3880; baseline -0.003 -14"><span class='ocrx_word' id='word_1_395' title='bbox 127 3817 203 3866; x_wconf 82' lang='lat' dir='ltr'><strong>mnis</strong></span> <span class='ocrx_word' id='word_1_396' title='bbox 225 3814 420 3880; x_wconf 80' lang='lat' dir='ltr'><strong>longissimum</strong></span> <span class='ocrx_word' id='word_1_397' title='bbox 443 3815 531 3865; x_wconf 76' lang='lat' dir='ltr'><strong>uitem</strong></span> <span class='ocrx_word' id='word_1_398' title='bbox 553 3817 709 3874; x_wconf 89' lang='lat' dir='ltr'><strong>coustituit,</strong></span> <span class='ocrx_word' id='word_1_399' title='bbox 731 3817 849 3866; x_wconf 86' lang='lat' dir='ltr'><strong>Berosus</strong></span> <span class='ocrx_word' id='word_1_400' title='bbox 875 3820 966 3865; x_wconf 87' lang='lat' dir='ltr'><strong>sutem</strong></span> <span class='ocrx_word' id='word_1_401' title='bbox 995 3819 1103 3864; x_wconf 90' lang='lat' dir='ltr'><strong>centum</strong></span> <span class='ocrx_word' id='word_1_402' title='bbox 1134 3813 1270 3862; x_wconf 83' lang='lat' dir='ltr'><strong>sedecim:</strong></span> 
     </span>
     <span class='ocr_line' id='line_1_43' title="bbox 126 3879 1269 3949; baseline -0.002 -19"><span class='ocrx_word' id='word_1_403' title='bbox 126 3882 172 3934; x_wconf 75' lang='lat' dir='ltr'><strong>elii</strong></span> <span class='ocrx_word' id='word_1_404' title='bbox 189 3884 227 3934; x_wconf 78' lang='lat' dir='ltr'><strong>sd</strong></span> <span class='ocrx_word' id='word_1_405' title='bbox 245 3885 358 3933; x_wconf 84' lang='lat' dir='ltr'><strong>eentum</strong></span> <span class='ocrx_word' id='word_1_406' title='bbox 376 3883 478 3948; x_wconf 75' lang='lat' dir='ltr'><strong>uiginti</strong></span> <span class='ocrx_word' id='word_1_407' title='bbox 496 3897 581 3934; x_wconf 80' lang='lat' dir='ltr'><strong>auum</strong></span> <span class='ocrx_word' id='word_1_408' title='bbox 600 3884 713 3949; x_wconf 89' lang='lat' dir='ltr'><strong>produci</strong></span> <span class='ocrx_word' id='word_1_409' title='bbox 730 3899 825 3949; x_wconf 85' lang='lat' dir='ltr'><strong>posse,</strong></span> <span class='ocrx_word' id='word_1_410' title='bbox 849 3883 959 3948; x_wconf 86' lang='lat' dir='ltr'><strong>quidam</strong></span> <span class='ocrx_word' id='word_1_411' title='bbox 982 3883 1066 3932; x_wconf 88' lang='lat' dir='ltr'><strong>etiem</strong></span> <span class='ocrx_word' id='word_1_412' title='bbox 1088 3881 1162 3932; x_wconf 78' lang='lat' dir='ltr'><strong>ultro</strong></span> <span class='ocrx_word' id='word_1_413' title='bbox 1183 3879 1269 3930; x_wconf 86' lang='lat' dir='ltr'><strong>credi·</strong></span> 
     </span>
     <span class='ocr_line' id='line_1_44' title="bbox 125 3947 1270 4018; baseline -0.003 -18"><span class='ocrx_word' id='word_1_414' title='bbox 125 3950 229 4002; x_wconf 82' lang='lat' dir='ltr'><strong>derunt.</strong></span> <span class='ocrx_word' id='word_1_415' title='bbox 266 3949 380 4000; x_wconf 83' lang='lat' dir='ltr'><strong>fueruat</strong></span> <span class='ocrx_word' id='word_1_416' title='bbox 397 3951 445 4014; x_wconf 91' lang='lat' dir='ltr'><strong>qui</strong></span> <span class='ocrx_word' id='word_1_417' title='bbox 461 3965 516 4002; x_wconf 87' lang='lat' dir='ltr'><strong>nou</strong></span> <span class='ocrx_word' id='word_1_418' title='bbox 533 3950 605 4002; x_wconf 89' lang='lat' dir='ltr'><strong>idem</strong></span> <span class='ocrx_word' id='word_1_419' title='bbox 622 3957 752 4018; x_wconf 81' lang='lat' dir='ltr'><strong>putarent</strong></span> <span class='ocrx_word' id='word_1_420' title='bbox 768 3951 868 4018; x_wconf 87' lang='lat' dir='ltr'><strong>ubique</strong></span> <span class='ocrx_word' id='word_1_421' title='bbox 887 3949 1101 4012; x_wconf 81' lang='lat' dir='ltr'><strong>obseruandum,</strong></span> <span class='ocrx_word' id='word_1_422' title='bbox 1126 3947 1174 3999; x_wconf 88' lang='lat' dir='ltr'><strong>sed</strong></span> <span class='ocrx_word' id='word_1_423' title='bbox 1192 3948 1270 3998; x_wconf 84' lang='lat' dir='ltr'><strong>usrie</strong></span> 
     </span>
     <span class='ocr_line' id='line_1_45' title="bbox 125 4014 1271 4085; baseline -0.003 -17"><span class='ocrx_word' id='word_1_424' title='bbox 125 4033 171 4082; x_wconf 88' lang='lat' dir='ltr'><strong>per</strong></span> <span class='ocrx_word' id='word_1_425' title='bbox 186 4020 317 4070; x_wconf 84' lang='lat' dir='ltr'><strong>dinersas</strong></span> <span class='ocrx_word' id='word_1_426' title='bbox 334 4018 471 4084; x_wconf 74' lang='lat' dir='ltr'><strong>regiones,</strong></span> <span class='ocrx_word' id='word_1_427' title='bbox 490 4035 538 4084; x_wconf 89' lang='lat' dir='ltr'><strong>pro</strong></span> <span class='ocrx_word' id='word_1_428' title='bbox 556 4025 586 4069; x_wconf 89' lang='lat' dir='ltr'><strong>ut</strong></span> <span class='ocrx_word' id='word_1_429' title='bbox 604 4021 634 4070; x_wconf 82' lang='lat' dir='ltr'><strong>iu</strong></span> <span class='ocrx_word' id='word_1_430' title='bbox 650 4019 767 4085; x_wconf 81' lang='lat' dir='ltr'><strong>singulis</strong></span> <span class='ocrx_word' id='word_1_431' title='bbox 785 4020 823 4070; x_wconf 89' lang='lat' dir='ltr'><strong>sit</strong></span> <span class='ocrx_word' id='word_1_432' title='bbox 840 4018 913 4069; x_wconf 82' lang='lat' dir='ltr'><strong>caeli</strong></span> <span class='ocrx_word' id='word_1_433' title='bbox 932 4017 967 4068; x_wconf 87' lang='lat' dir='ltr'><strong>sd</strong></span> <span class='ocrx_word' id='word_1_434' title='bbox 985 4014 1118 4066; x_wconf 88' lang='lat' dir='ltr'><strong>circulum</strong></span> <span class='ocrx_word' id='word_1_435' title='bbox 1135 4015 1271 4066; x_wconf 81' lang='lat' dir='ltr'><strong>finitorem</strong></span> 
     </span>
     <span class='ocr_line' id='line_1_46' title="bbox 125 4084 1269 4150; baseline -0.002 -16"><span class='ocrx_word' id='word_1_436' title='bbox 125 4086 285 4148; x_wconf 75' lang='lat' dir='ltr'><strong>inclinatio,</strong></span> <span class='ocrx_word' id='word_1_437' title='bbox 299 4085 371 4150; x_wconf 85' lang='lat' dir='ltr'><strong>quod</strong></span> <span class='ocrx_word' id='word_1_438' title='bbox 382 4093 497 4137; x_wconf 86' lang='lat' dir='ltr'><strong>uocetur</strong></span> <span class='ocrx_word' id='word_1_439' title='bbox 513 4087 604 4137; x_wconf 81' lang='lat' dir='ltr'><strong>clima.</strong></span> <span class='ocrx_word' id='word_1_440' title='bbox 639 4089 663 4138; x_wconf 84' lang='lat'><strong>5.</strong></span> <span class='ocrx_word' id='word_1_441' title='bbox 683 4088 738 4138; x_wconf 73' lang='lat' dir='ltr'><strong>Sed</strong></span> <span class='ocrx_word' id='word_1_442' title='bbox 750 4087 818 4138; x_wconf 88' lang='lat' dir='ltr'><strong>licet</strong></span> <span class='ocrx_word' id='word_1_443' title='bbox 829 4089 933 4137; x_wconf 83' lang='lat' dir='ltr'><strong>ueritas</strong></span> <span class='ocrx_word' id='word_1_444' title='bbox 945 4087 973 4134; x_wconf 88' lang='lat' dir='ltr'><strong>in</strong></span> <span class='ocrx_word' id='word_1_445' title='bbox 985 4085 1099 4135; x_wconf 87' lang='lat' dir='ltr'><strong>obscuro</strong></span> <span class='ocrx_word' id='word_1_446' title='bbox 1112 4084 1215 4147; x_wconf 74' lang='lat' dir='ltr'><strong>latest,</strong></span> <span class='ocrx_word' id='word_1_447' title='bbox 1229 4089 1269 4132; x_wconf 87' lang='lat' dir='ltr'><strong>ts·</strong></span> 
     </span>
     <span class='ocr_line' id='line_1_47' title="bbox 124 4151 1270 4219; baseline -0.003 -15"><span class='ocrx_word' id='word_1_448' title='bbox 124 4169 182 4206; x_wconf 82' lang='lat' dir='ltr'><strong>meu</strong></span> <span class='ocrx_word' id='word_1_449' title='bbox 201 4157 233 4206; x_wconf 86' lang='lat' dir='ltr'><strong>iu</strong></span> <span class='ocrx_word' id='word_1_450' title='bbox 244 4167 412 4218; x_wconf 77' lang='lat' dir='ltr'><strong>unaquoque</strong></span> <span class='ocrx_word' id='word_1_451' title='bbox 425 4155 542 4206; x_wconf 77' lang='lat' dir='ltr'><strong>ciuitate</strong></span> <span class='ocrx_word' id='word_1_452' title='bbox 560 4169 631 4219; x_wconf 82' lang='lat' dir='ltr'><strong>quae</strong></span> <span class='ocrx_word' id='word_1_453' title='bbox 649 4157 705 4206; x_wconf 88' lang='lat' dir='ltr'><strong>siut</strong></span> <span class='ocrx_word' id='word_1_454' title='bbox 716 4155 856 4206; x_wconf 78' lang='lat' dir='ltr'><strong>naturalia</strong></span> <span class='ocrx_word' id='word_1_455' title='bbox 874 4154 987 4204; x_wconf 78' lang='lat' dir='ltr'><strong>soeculo</strong></span> <span class='ocrx_word' id='word_1_456' title='bbox 1006 4151 1123 4202; x_wconf 86' lang='lat' dir='ltr'><strong>rituales</strong></span> <span class='ocrx_word' id='word_1_457' title='bbox 1141 4153 1270 4201; x_wconf 81' lang='lat' dir='ltr'><strong>Etrusco·</strong></span> 
     </span>
     <span class='ocr_line' id='line_1_48' title="bbox 124 4219 1269 4289; baseline -0.004 -16"><span class='ocrx_word' id='word_1_458' title='bbox 124 4237 179 4273; x_wconf 79' lang='lat' dir='ltr'><strong>rum</strong></span> <span class='ocrx_word' id='word_1_459' title='bbox 195 4223 265 4274; x_wconf 87' lang='lat' dir='ltr'><strong>libri</strong></span> <span class='ocrx_word' id='word_1_460' title='bbox 284 4219 412 4272; x_wconf 85' lang='lat' dir='ltr'><strong>uidentur</strong></span> <span class='ocrx_word' id='word_1_461' title='bbox 429 4221 544 4284; x_wconf 85' lang='lat' dir='ltr'><strong>docere,</strong></span> <span class='ocrx_word' id='word_1_462' title='bbox 566 4224 596 4273; x_wconf 86' lang='lat' dir='ltr'><strong>in</strong></span> <span class='ocrx_word' id='word_1_463' title='bbox 618 4224 679 4289; x_wconf 89' lang='lat' dir='ltr'><strong>quis</strong></span> <span class='ocrx_word' id='word_1_464' title='bbox 701 4223 833 4288; x_wconf 89' lang='lat' dir='ltr'><strong>scriptum</strong></span> <span class='ocrx_word' id='word_1_465' title='bbox 856 4237 917 4272; x_wconf 88' lang='lat' dir='ltr'><strong>esse</strong></span> <span class='ocrx_word' id='word_1_466' title='bbox 940 4221 1027 4271; x_wconf 83' lang='lat' dir='ltr'><strong>fertur</strong></span> <span class='ocrx_word' id='word_1_467' title='bbox 1044 4219 1126 4270; x_wconf 85' lang='lat' dir='ltr'><strong>initia</strong></span> <span class='ocrx_word' id='word_1_468' title='bbox 1144 4220 1184 4270; x_wconf 87' lang='lat' dir='ltr'><strong>sic</strong></span> <span class='ocrx_word' id='word_1_469' title='bbox 1203 4220 1269 4284; x_wconf 89' lang='lat' dir='ltr'><strong>poni</strong></span> 
     </span>
     <span class='ocr_line' id='line_1_49' title="bbox 124 4285 1270 4356; baseline -0.003 -18"><span class='ocrx_word' id='word_1_470' title='bbox 124 4291 305 4344; x_wconf 80' lang='lat' dir='ltr'><strong>saeculorum.</strong></span> <span class='ocrx_word' id='word_1_471' title='bbox 342 4305 394 4356; x_wconf 92' lang='lat' dir='ltr'><strong>quo</strong></span> <span class='ocrx_word' id='word_1_472' title='bbox 412 4289 457 4342; x_wconf 90' lang='lat' dir='ltr'><strong>die</strong></span> <span class='ocrx_word' id='word_1_473' title='bbox 474 4291 558 4341; x_wconf 84' lang='lat' dir='ltr'><strong>urbes</strong></span> <span class='ocrx_word' id='word_1_474' title='bbox 581 4295 664 4356; x_wconf 84' lang='lat' dir='ltr'><strong>atque</strong></span> <span class='ocrx_word' id='word_1_475' title='bbox 683 4291 813 4341; x_wconf 86' lang='lat' dir='ltr'><strong>ciuitates</strong></span> <span class='ocrx_word' id='word_1_476' title='bbox 832 4290 1076 4348; x_wconf 86' lang='lat' dir='ltr'><strong>constituerentur,</strong></span> <span class='ocrx_word' id='word_1_477' title='bbox 1100 4287 1134 4338; x_wconf 88' lang='lat' dir='ltr'><strong>de</strong></span> <span class='ocrx_word' id='word_1_478' title='bbox 1157 4285 1201 4338; x_wconf 79' lang='lat' dir='ltr'><strong>hIs</strong></span> <span class='ocrx_word' id='word_1_479' title='bbox 1225 4287 1270 4353; x_wconf 88' lang='lat' dir='ltr'><strong>qui</strong></span> 
     </span>
     <span class='ocr_line' id='line_1_50' title="bbox 124 4355 1269 4424; baseline -0.003 -18"><span class='ocrx_word' id='word_1_480' title='bbox 124 4373 154 4408; x_wconf 84' lang='lat' dir='ltr'><strong>eo</strong></span> <span class='ocrx_word' id='word_1_481' title='bbox 171 4359 217 4410; x_wconf 86' lang='lat' dir='ltr'><strong>die</strong></span> <span class='ocrx_word' id='word_1_482' title='bbox 241 4359 304 4409; x_wconf 76' lang='lat' dir='ltr'><strong>uati</strong></span> <span class='ocrx_word' id='word_1_483' title='bbox 327 4363 422 4408; x_wconf 80' lang='lat' dir='ltr'><strong>essem</strong></span> <span class='ocrx_word' id='word_1_484' title='bbox 444 4373 505 4408; x_wconf 88' lang='lat' dir='ltr'><strong>enm</strong></span> <span class='ocrx_word' id='word_1_485' title='bbox 528 4359 575 4424; x_wconf 90' lang='lat' dir='ltr'><strong>qui</strong></span> <span class='ocrx_word' id='word_1_486' title='bbox 597 4359 751 4410; x_wconf 80' lang='lat' dir='ltr'><strong>diutissIme</strong></span> <span class='ocrx_word' id='word_1_487' title='bbox 773 4359 888 4408; x_wconf 80' lang='lat' dir='ltr'><strong>uixisset</strong></span> <span class='ocrx_word' id='word_1_488' title='bbox 911 4356 956 4407; x_wconf 83' lang='lat' dir='ltr'><strong>dle</strong></span> <span class='ocrx_word' id='word_1_489' title='bbox 979 4355 1074 4406; x_wconf 78' lang='lat' dir='ltr'><strong>morIIs</strong></span> <span class='ocrx_word' id='word_1_490' title='bbox 1097 4369 1164 4406; x_wconf 87' lang='lat' dir='ltr'><strong>susc</strong></span> <span class='ocrx_word' id='word_1_491' title='bbox 1187 4356 1269 4420; x_wconf 85' lang='lat' dir='ltr'><strong>primi</strong></span> 
     </span>
     <span class='ocr_line' id='line_1_51' title="bbox 123 4422 1270 4492; baseline -0.005 -14"><span class='ocrx_word' id='word_1_492' title='bbox 123 4427 227 4478; x_wconf 74' lang='lat' dir='ltr'><strong>meuli</strong></span> <span class='ocrx_word' id='word_1_493' title='bbox 247 4425 385 4476; x_wconf 81' lang='lat' dir='ltr'><strong>modulum</strong></span> <span class='ocrx_word' id='word_1_494' title='bbox 403 4423 490 4490; x_wconf 79' lang='lat' dir='ltr'><strong>linire,</strong></span> <span class='ocrx_word' id='word_1_495' title='bbox 511 4441 597 4492; x_wconf 88' lang='lat' dir='ltr'><strong>euque</strong></span> <span class='ocrx_word' id='word_1_496' title='bbox 616 4425 660 4478; x_wconf 86' lang='lat' dir='ltr'><strong>dic</strong></span> <span class='ocrx_word' id='word_1_497' title='bbox 680 4427 727 4491; x_wconf 88' lang='lat' dir='ltr'><strong>qui</strong></span> <span class='ocrx_word' id='word_1_498' title='bbox 745 4431 839 4476; x_wconf 86' lang='lat' dir='ltr'><strong>esseut</strong></span> <span class='ocrx_word' id='word_1_499' title='bbox 856 4425 954 4490; x_wconf 90' lang='lat' dir='ltr'><strong>reliqui</strong></span> <span class='ocrx_word' id='word_1_500' title='bbox 978 4425 1006 4474; x_wconf 88' lang='lat' dir='ltr'><strong>in</strong></span> <span class='ocrx_word' id='word_1_501' title='bbox 1025 4424 1156 4487; x_wconf 88' lang='lat' dir='ltr'><strong>cinitate,</strong></span> <span class='ocrx_word' id='word_1_502' title='bbox 1175 4423 1209 4474; x_wconf 89' lang='lat' dir='ltr'><strong>do</strong></span> <span class='ocrx_word' id='word_1_503' title='bbox 1227 4422 1270 4472; x_wconf 82' lang='lat' dir='ltr'><strong>hir</strong></span> 
     </span>
    </p>
   </div>
   <div class='ocr_carea' id='block_1_7' title="bbox 155 4508 1076 4570">
    <p class='ocr_par' dir='ltr' id='par_1_7' title="bbox 155 4508 1076 4570">
     <span class='ocr_line' id='line_1_52' title="bbox 155 4508 1076 4570; baseline 0.008 -8"><span class='ocrx_word' id='word_1_504' title='bbox 155 4527 279 4564; x_wconf 66' lang='lat' dir='ltr'><strong>serron</strong></span> <span class='ocrx_word' id='word_1_505' title='bbox 299 4527 361 4562; x_wconf 76' lang='lat' dir='ltr'><strong>aaa.</strong></span> <span class='ocrx_word' id='word_1_506' title='bbox 1038 4508 1076 4570; x_wconf 76' lang='grc'><strong>12</strong></span> 
     </span>
    </p>
   </div>
   <div class='ocr_carea' id='block_1_8' title="bbox 0 0 1540 5064">
    <p class='ocr_par' dir='ltr' id='par_1_8' title="bbox 0 0 1540 5064">
     <span class='ocr_line' id='line_1_53' title="bbox 0 0 1540 5064; baseline 0 3"><span class='ocrx_word' id='word_1_507' title='bbox 0 0 1540 5064; x_wconf 95' lang='lat' dir='ltr'><strong> </strong></span> 
     </span>
    </p>
   </div>
  </div>
 </body>
</html>
