3072 5064
546 406 589 450 ns
612 406 753 452 userius
778 407 886 454 ahorn
983 393 988 406 ¹
1220 395 1283 460 239

138 553 355 640 languescens
381 556 494 622 morbo
527 578 644 642 corpus
673 567 730 622 aut
757 557 923 622 ulceribus
949 558 1042 622 tetris
1069 567 1126 624 aut
1150 579 1281 644 percus·

139 657 228 722 sione
252 657 362 722 subita
382 659 599 722 exanimatur.
633 661 717 723 sicut
740 659 826 724 enim
848 659 931 722 caeli
946 661 1092 724 nouitate
1109 660 1167 724 uel·
1186 681 1282 746 aqua-

137 779 206 822 rum
231 761 383 844 temptari
406 758 651 824 aduenientium
673 782 810 846 corpora
831 771 1030 824 consuerunt
1051 761 1133 826 adeo
1150 770 1185 824 ut
1201 783 1282 826 rnor-

137 859 213 924 bum
236 861 441 948 concipiant,
474 861 520 924 ite
542 862 641 924 etiarn
663 881 719 926 aer
741 871 912 946 corruptus
935 884 978 925 ex
1000 862 1074 926 eliis
1102 862 1183 926 caeli
1211 884 1283 949 par·-

116 961 225 1025 ³tibus
249 963 386 1026 ueniens
409 961 517 1026 subite
540 960 633 1026 clade
664 982 782 1050 corpus
809 965 987 1049 corrumpit
1018 963 1124 1050 adque
1146 973 1284 1050 'repente

136 1063 237 1126 uitam
261 1063 439 1148 extinguit.

221 1265 292 1330 Cur
314 1281 472 1330 oceanvs
497 1268 529 1329 in
560 1287 595 1330 se
618 1267 796 1352 reciprocis
819 1284 988 1332 assereus
1007 1277 1189 1334 reuertatur
1213 1259 1395 1334 rral54*

137 1369 251 1430 oceani
274 1367 372 1432 undis
401 1366 446 1431 ali
472 1369 580 1432 sidera
608 1367 721 1432 dieunt
752 1370 917 1456 solemque
947 1371 986 1433 de
1018 1391 1140 1434 oceano
1164 1391 1281 1458 uquam

138 1468 267 1534 haurire
291 1469 424 1554 ignibus
446 1471 514 1534 suis
543 1479 576 1534 et
603 1472 725 1534 circum
745 1471 853 1535 ornnia
876 1471 984 1534 sidera
1007 1469 1161 1553 fundere,
1188 1481 1223 1535 ut
1243 1493 1282 1537 ea

110 1579 311 1658 wtempcret,
340 1573 417 1658 quia
446 1580 522 1660 sunt
544 1573 651 1656 ignea.
704 1571 779 1634 inde
802 1571 930 1654 dicunt,
969 1575 1046 1658 quia
1076 1591 1148 1637 cunr
1175 1573 1283 1638 haurit

289 1741 359 1792 haee
378 1743 462 1808 igitur
480 1744 571 1794 subito
591 1743 685 1794 clades
703 1759 776 1794 uena
792 1743 985 1810 pestilitasque

290 1817 338 1862 aut
355 1813 383 1862 iu
403 1826 489 1876 aquas
508 1811 584 1862 cadit
603 1816 651 1861 aut
669 1813 763 1877 fruges
780 1813 896 1876 persidit
914 1813 941 1862 iu
958 1815 1043 1878 ipsas.

289 1879 426 1928 antelios
445 1879 583 1929 bominum
602 1885 697 1944 pastus
716 1879 904 1944 pecudumque
924 1881 1043 1944 cibatus,

289 1951 337 1996 aut
356 1947 439 1996 etiam
458 1963 593 2012 suspensa
611 1953 705 1997 ruanet
722 1947 765 1996 uis
784 1963 849 1997 aere
867 1947 982 2014 inipso,

290 2021 319 2064 et
337 2029 398 2064 eum
416 2015 555 2079 spirantes
573 2015 674 2066 mixtas
691 2013 757 2064 hinc
775 2015 898 2064 ducimus
918 2032 1009 2078 auras,

289 2081 338 2130 illu
358 2095 463 2147 quoquc
484 2083 510 2132 iu
530 2097 628 2146 corpus
646 2083 752 2148 pariter
769 2082 879 2132 sorbere
899 2091 1051 2134 necessest.

205 2145 277 2204 15⁴*
295 2150 415 2198 Isidorus
428 2151 461 2198 de
480 2155 580 2200 natura
598 2167 686 2200 rerum
705 2151 767 2200 XL:
792 2151 845 2200 ‘De
864 2152 964 2200 oceani
983 2157 1068 2202 aestu.
1100 2153 1213 2204 Cur...
1228 2169 1280 2204 re-

137 2226 310 2280 uertatur,
328 2217 483 2282 philosophi
503 2218 639 2280 muudum,
659 2224 689 2268 ut
706 2219 792 2268 refert
810 2217 933 2278 Solinus,
959 2236 991 2268 ex
1016 2227 1144 2284 quattuor
1169 2222 1281 2272 elimen-

137 2285 170 2332 tis
193 2287 276 2350 «quasi
305 2285 441 2350 quoddam
464 2285 570 2335 animal
592 2301 653 2334 esse
682 2285 777 2336 dicunt
801 2291 959 2336 concretum
983 2287 1140 2351 mouerique
1165 2289 1281 2353 quodam

137 2353 230 2416 spiritu
251 2359 279 2402 et
293 2353 365 2404 sicut
384 2353 411 2401 in
430 2353 589 2418 corporibus
608 2353 709 2404 uostris
727 2354 880 2418 respirandi
899 2353 1036 2404 habentur
1054 2357 1228 2418 commercia,
1242 2358 1282 2407 ita

136 2419 164 2468 iu
181 2420 327 2486 profundis
346 2421 446 2470 oceani
465 2435 525 2470 esse
545 2419 677 2485 quosdam
695 2426 977 2482 monumentorum,
997 2421 1082 2471 ueluti
1096 2423 1186 2472 nrrsndi
1200 2439 1282 2474 nares

137 2503 183 2550 per
201 2505 273 2554 quas
292 2488 386 2538 emissi
406 2488 545 2538 anhelitus
564 2487 610 2537 uel
628 2489 742 2538 retracti
761 2489 868 2538 alterno
889 2503 1005 2538 accessu
1017 2505 1191 2554 recessuque,
1209 2507 1282 2542 urrnc

137 2561 307 2624 euaporantc
337 2556 435 2621 spiritu
463 2555 561 2606 efflent
589 2556 690 2614 maria,
720 2571 792 2606 urrnc
822 2555 981 2606 retrahente
1011 2558 1109 2622 spiritu
1138 2559 1282 2610 reducant.

137 2623 244 2686 quidam
265 2630 357 2674 autem
377 2621 599 2688 pbilosophorum
617 2624 726 2684 uulnut,
751 2624 975 2684 aitAnrhrosius,
997 2641 1056 2674 curn
1077 2632 1223 2690 augureuto
1241 2627 1281 2676 lu-

137 2691 195 2740 nari
219 2693 348 2742 'crescere
368 2707 515 2752 oceanum,
541 2697 568 2740 et
592 2695 730 2755 tamquam
756 2692 814 2741 eius
838 2692 1000 2756 quibusdam
1023 2694 1221 2758 spirationibus
1239 2711 1280 2746 re-

135 2762 249 2809 trorsum
270 2759 398 2818 trabatur
422 2765 450 2808 et
473 2761 570 2808 iterum
595 2759 718 2808 ciusdem
742 2759 851 2824 inpulsu
875 2775 908 2808 ac
933 2765 1056 2811 retractu
1080 2762 1107 2810 in
1125 2777 1280 2814 mensuram

136 2827 275 2891 propriam
288 2825 457 2876 refundatur.
479 2826 528 2876 alii
542 2842 647 2891 quoque
662 2828 786 2884 oceani
851 2843 1011 2882 oceanus.
1024 2867 1025 2871 ,
1041 2827 1089 2878 scd
1107 2835 1195 2880 utrum
1214 2846 1280 2882 ucu-

136 2901 222 2943 torum
247 2894 350 2958 spiritu
374 2911 463 2959 aquue
488 2894 631 2958 erigantur
655 2911 689 2944 au
713 2894 803 2944 lunari
826 2910 906 2944 cursu
931 2895 1090 2947 increscant
1109 2913 1144 2946 au
1163 2897 1220 2950 sole
1239 2916 1280 2950 re·

135 2961 261 3012 trahente
282 2961 462 3022 decrescunt,
485 2962 538 3010 hoc
561 2962 613 3010 deo
632 2962 683 3015 soli
704 2961 843 3026 cognitum
862 2967 917 3024 cst,
939 2964 1015 3012 cuius
1034 2971 1147 3030 etopus
1166 2967 1281 3018 mundus

135 3037 176 3078 est
193 3029 303 3094 solique
321 3030 415 3078 munuli
438 3030 511 3082 ratio
535 3031 647 3094 cognita
673 3035 723 3080 cst
761 3030 885 3080 oceani
962 3032 1180 3096 perhibetur,
1210 3035 1281 3100 quod
1349 3029 1352 3036 ’

136 3097 218 3146 etiarn
243 3095 373 3146 Clemens
397 3095 550 3162 discipulus
574 3099 758 3162 apostolorum
783 3101 857 3147 reisue
882 3103 925 3146 est
953 3099 1076 3150 iudicare
1110 3117 1170 3150 cunr
1199 3101 1279 3152 dicit:

135 3163 265 3214 Oceanus
286 3165 523 3214 intransmeabilis
543 3170 586 3214 est
602 3165 758 3215 bouriuibus
777 3171 805 3214 et
822 3165 850 3214 hi
864 3165 908 3230 qui
927 3165 1000 3216 ultra
1018 3184 1079 3218 eum
1092 3175 1156 3220 suut
1168 3169 1280 3222 muudi'

135 3231 334 3297 philosophi
410 3233 598 3292 subterius,
624 3233 686 3283 ideo
705 3239 732 3282 ct
751 3233 880 3282 Lucanus
899 3232 933 3296 [V
952 3233 1002 3285 623
1021 3235 1110 3303 sqq.)r

289 3316 350 3350 curn
369 3315 444 3349 mure
464 3299 606 3350 cornroluit
624 3307 734 3366 gentes,
760 3317 819 3350 cunr
838 3300 933 3350 littora
951 3301 1056 3367 Thetys

291 3367 379 3416 noluit
398 3367 455 3430 ullu
474 3369 533 3433 pati
553 3368 632 3418 caclo
650 3373 783 3419 contenta
802 3370 900 3428 teneri,

287 3441 352 3485 tuuc
372 3452 477 3500 quoque¹
497 3441 577 3485 touta
597 3436 675 3486 malis
695 3435 780 3486 moles
799 3437 934 3488 creuisset
953 3437 980 3487 iu
1000 3443 1084 3502 astra,

287 3503 315 3551 ni
334 3519 461 3568 superum
481 3509 573 3554 rector
590 3505 736 3570 pressisset
754 3505 872 3554 nubibus
892 3505 1021 3556 umbras.'

134 3569 244 3621 Solinus
263 3569 356 3638 polyb.
377 3571 587 3636 xxl1120s11.:
617 3572 744 3634 ‘I'lrysici
762 3571 840 3622 aiunt
858 3574 986 3622 rurrndum
1004 3573 1108 3624 animal
1127 3591 1187 3626 csse
1207 3593 1281 3628 eum·

134 3655 184 3702 que
208 3639 298 3688 uariis
323 3637 518 3688 elementorum
544 3640 702 3706 corporibus
726 3640 921 3704 conglobatum
944 3643 1048 3692 ruoucri
1072 3643 1185 3708 spiritu,
1221 3647 1280 3712 regi

133 3713 242 3768 mente,
273 3721 342 3770 quae
366 3711 482 3772 utraque
501 3706 602 3757 (liliosa
620 3725 669 3774 per
688 3707 808 3758 membra
831 3709 923 3758 omnin
946 3716 1078 3762 aeternae
1101 3712 1180 3762 molis
1203 3713 1280 3778 uigo-

133 3789 187 3823 rem
214 3779 375 3824 exerceant.
412 3775 483 3824 sicut
503 3791 567 3840 ergo
587 3776 614 3824 iu
634 3775 794 3840 corporibus
812 3776 913 3826 nostris
933 3779 1098 3827 commercia
1115 3785 1180 3828 suut
1202 3781 1281 3846 spiri·

133 3843 236 3902 tualia,
261 3843 303 3891 ita
323 3843 351 3890 in
370 3843 512 3906 profundis
536 3845 634 3892 rreeaui
660 3859 741 3894 nares
766 3843 896 3908 quasdam
920 3845 1013 3894 nruudi
1032 3847 1211 3910 constitutas,
1232 3865 1282 3914 per

135 3945 336 3954 -—--‹--·—-=----

221 4005 229 4055 Ι
255 3995 454 4073 languisceus
474 3994 537 4056 Abl
561 3993 574 4078 ll
595 3997 808 4078 percussiones
822 3997 905 4056 obita
923 3994 960 4056 B¹
976 3995 1023 4080 ΙΙ3
1042 4020 1169 4080 corporo
1187 4001 1280 4062 adue-

132 4082 280 4140 nientium
297 4083 438 4159 temptari
461 4087 487 4141 B
506 4084 640 4154 (temtari
663 4081 712 4158 15¹)
744 4079 748 4164 l
769 4094 786 4144 t
808 4082 884 4143 ulii*
902 4081 940 4141 B¹
963 4077 976 4166 [l
996 4097 1012 4147 5
1032 4084 1182 4146 subitatur
1198 4092 1222 4145 Α
1236 4083 1280 4169 lli

132 4185 208 4246 quur
223 4171 249 4224 A
270 4161 285 4247 ΙΙ
306 4163 475 4226 otiauusA¹
499 4188 650 4228 occeanus
672 4164 707 4226 Βι
730 4162 736 4250 l
764 4170 936 4246 receprocis
956 4166 990 4226 lr¹
1014 4165 1027 4252 ll
1046 4173 1172 4231 sotiani
1190 4169 1227 4232 Αι
1241 4172 1280 4232 de

130 4252 237 4310 oceani
257 4253 287 4308 B
307 4245 320 4330 ll
341 4261 428 4311 aestu
444 4253 583 4312 undasA
602 4249 615 4335 ll
639 4253 699 4312 alia
718 4260 742 4312 Α
760 4275 814 4313 om.
833 4258 857 4311 B
877 4248 891 4333 ΙΙ
912 4255 1024 4313 ducunt
1036 4252 1075 4312 Β1
1092 4251 1104 4336 ll
1121 4260 1223 4316 oliano
1243 4257 1281 4317 ,p

130 4355 267 4396 occeano
280 4333 321 4393 B¹
337 4336 350 4414 l}
365 4347 383 4400 9
400 4339 499 4397 aurire
515 4341 568 4396 AB
583 4334 596 4420 ll
616 4347 826 4418 lotcmperent
840 4345 864 4398 A
880 4339 892 4422 ΙΙ
908 4341 977 4419 igne
998 4345 1020 4398 B
1036 4343 1065 4398 in
1086 4338 1090 4424 l
1111 4341 1212 4404 calida
1228 4349 1251 4403 A
1265 4356 1267 4364 ⁴

131 4423 209 4480 aurit
229 4419 270 4480 Β2
285 4424 351 4481 euri
368 4420 401 4479 B'
417 4423 499 4484 arur&
516 4427 540 4482 Α
