3078 5072
617 411 659 452 ne
683 409 800 452 nonnis
1239 389 1278 450 63
1370 441 1374 457 ,

138 560 320 645 cognoscit,
343 557 531 644 languorem
554 564 670 620 nactus
694 565 743 620 est
767 577 904 641 eumque
926 576 991 620 non
1014 555 1200 620 intermissa
1224 579 1279 622 na-

138 660 306 744 uigatione
328 661 436 738 auxit,
466 659 512 722 ita
534 667 570 722 ιιι
591 659 724 744 grauior
746 656 913 742 aliquanto
937 657 1146 722 Brundisium
1169 656 1279 745 appel·

138 759 235 840 leret,
257 761 315 826 ubi
338 761 454 826 diebus
473 760 587 848 paucis
609 759 690 824 obiit
707 758 757 822 XI
779 757 853 822 Kal.
877 757 1010 822 Octobr.
1029 757 1090 822 Cn.
1107 759 1219 824 Sentio
1236 757 1277 838 Q.

138 862 292 926 Lucretio
313 885 393 927 coss.
436 884 511 927 ossa
534 861 605 924 eius
627 858 800 946 Neapolim
818 858 978 924 translata
999 870 1074 924 eunt
1089 859 1278 945 tumuloque

120 964 284 1046 scandite,
314 963 368 1051 qui
396 973 446 1028 est
465 964 521 1026 uia
549 960 729 1026 Puteolana
754 962 840 1025 intra
861 960 1002 1048 lapidem
1026 961 1221 1042 seeundum,
1245 962 1279 1026 in

138 1087 203 1152 quo
225 1065 387 1129 distichon
410 1065 490 1129 lecit
511 1063 592 1128 tale:

222 1166 359 1230 Mantua
380 1189 432 1230 me
456 1166 585 1250 genuit,
608 1133 738 1229 Calabri
758 1187 911 1252 rapuere,
934 1173 1023 1229 tonet
1044 1187 1130 1229 nune
1197 1181 1203 1190 ‘

291 1267 510 1354 Parthenope.
532 1268 637 1332 cecini
659 1287 875 1353 pascuarum
897 1266 1006 1331 duces

139 1369 276 1434 heredes
303 1369 381 1454 fecit
406 1391 449 1432 ex
476 1367 612 1433 dimidia
633 1377 726 1456 parte
751 1367 919 1433 Valerium
943 1367 1117 1432 Proculum
1145 1369 1279 1434 fratrem

113 1472 204 1536 raalio
225 1481 334 1558 patre,
358 1492 400 1534 ex
421 1479 536 1557 quarta
557 1472 759 1556 Augustum,
781 1492 824 1534 ex
841 1469 1032 1534 duodecima
1047 1469 1279 1552 Maecenatem,

139 1595 181 1636 ex
204 1573 332 1660 reliqua
352 1572 391 1636 L.
413 1571 547 1637 Varium
566 1581 603 1637 et
624 1572 765 1638 Plotium
780 1577 939 1636 Tuccam:
962 1572 1017 1658 qui
1040 1573 1108 1634 eius
1130 1571 1280 1636 Aeneida

139 1685 214 1759 post
233 1675 356 1740 obitum
384 1675 475 1738 iussu
498 1673 650 1739 Caesaris
679 1673 908 1764 emendarunt,
938 1671 978 1736 dc
1000 1695 1065 1760 qua
1086 1695 1121 1737 re
1144 1673 1279 1760 Sulpicii

140 1775 425 1862 Carthaginiensis
447 1775 678 1861 extantvhuius
699 1775 786 1840 modi
808 1797 937 1840 uersus:
960 1775 969 1784 '

224 1878 364 1943 iusserat
384 1878 465 1942 haee
490 1878 612 1964 rapidis
634 1876 757 1942 aboleri
779 1879 925 1941 earmina
945 1876 1085 1942 flammis

111 2008 132 2048 a
290 1978 473 2065 Vergilius,
496 1979 676 2066 Phrygium
697 2001 780 2066 quae
802 1981 949 2044 cecinere
973 1980 1098 2044 ducem.

222 2081 333 2146 Tucca
354 2089 446 2146 uetat
465 2080 648 2168 Variusque
671 2079 786 2144 simul.
810 2088 846 2144 tu
869 2082 1010 2145 maxime
1034 2079 1156 2144 Caesar

206 2259 210 2266 ¹
291 2205 356 2248 non
379 2183 460 2246 sinis
484 2191 517 2246 et
537 2182 611 2246 Lat
589 2193 654 2246 trae
673 2167 816 2246 consulis
840 2182 1006 2248 historiae.

225 2285 343 2350 infelix
363 2285 494 2370 gemino
516 2285 635 2348 cecidit
656 2306 756 2371 prope
778 2284 990 2367 Pergamon
982 2285 1067 2370 rgni,

291 2395 323 2452 et
344 2407 447 2474 paene
470 2393 519 2450 est
540 2387 603 2452 alio
625 2385 724 2452 Troia
743 2395 886 2450 cremata
908 2406 997 2471 rogo.

145 2543 346 2555 -—-..-—-

228 2659 236 2708 1
250 2645 440 2725 cognoscitR
453 2647 629 2723 cognouitB
644 2639 657 2728 Η
672 2647 826 2724 nauigatio
842 2668 859 2716 ς
872 2639 886 2730 Η
901 2655 955 2707 lut
963 2665 1085 2724 grauior
1093 2667 1125 2704 ιιι
1137 2645 1202 2706 dies
1213 2655 1279 2704 tan-

142 2733 208 2792 dem
222 2731 427 2790 Brundusium
440 2731 637 2800 aduentaritg
651 2727 664 2811 Η
678 2727 903 2811 sanitate
830 2732 903 2790 obiit
915 2731 1031 2792 decimo
1044 2731 1117 2792 Kal.
1137 2729 1279 2790 Octobris

142 2819 197 2878 Cn.
207 2815 377 2892 l'lantioQ
391 2817 533 2874 Lucretio
551 2836 628 2875 coss.
646 2817 697 2914 qui
713 2835 779 2875 cum
799 2819 919 2893 grauari
935 2817 1038 2874 morbo
1058 2837 1126 2875 sese
1142 2818 1278 2888 sentiret
1336 2809 1341 2818 '

141 2903 252 2962 scrinia
273 2921 367 2980 saepe
386 2911 417 2959 et
429 2920 541 2977 magna
557 2901 603 2960 ins
606 2901 702 2960 tentia
717 2903 825 2979 petiuit
841 2911 1026 2961 crematurus
1041 2901 1191 2960 Aeneida.
1213 2903 1279 2981 qui·

140 2988 196 3047 bus
211 2987 332 3063 negatis
351 2993 535 3044 testamento
551 2985 685 3044 comburi
698 2985 786 3045 iussit
800 2995 833 3045 ut
848 3008 911 3045 rem
928 2987 1153 3046 inemendatam
1170 2988 1279 3064 impor-

141 3073 323 3152 l'ectamqnc.
355 3089 460 3130 uerum
475 3071 581 3130 'l'ueca
603 3079 634 3130 et
650 3071 759 3130 Varius
780 3081 959 3131 monuerunt
974 3071 1004 3130 id
1026 3073 1198 3149 Augustum
1220 3091 1280 3128 ιιοιι

140 3159 364 3237 permissurum.
395 3165 467 3213 tuuc
483 3155 582 3214 eidem
598 3155 690 3214 Vario
715 3175 751 3214 ac
779 3157 868 3216 simul
884 3157 1009 3216 Tuscae
1031 3158 1145 3234 scripta
1167 3153 1222 3214 suh
1244 3176 1280 3214 ea

141 3242 313 3302 conditione
332 3241 449 3318 legauit
463 3259 501 3300 ne
517 3240 590 3320 q'uid
612 3240 739 3300 ederent
757 3243 838 3320 quod
854 3263 872 3300 a
889 3261 921 3302 se
938 3241 1050 3302 editum
1071 3261 1132 3299 non
1154 3251 1236 3298 esset
1250 3249 1280 3298 ut

140 3347 247 3387 uersus
267 3329 359 3384 etiam
382 3325 577 3404 imperfectos
598 3327 624 3384 si
648 3327 698 3405 qui
720 3336 807 3385 eraut
826 3327 1042 3407 relinquerent.
1073 3326 1169 3384 uoluit
1188 3325 1279 3384 eliam

140 3434 196 3473 sua
215 3433 284 3471 ossa
301 3411 465 3490 Neapolim
486 3411 661 3482 transferri,
685 3409 736 3470 ubi
757 3411 809 3470 diu
831 3421 861 3470 et
880 3411 1059 3471 saeuissime
1075 3411 1208 3468 uixerat:
1244 3429 1280 3468 ae

140 3507 277 3556 extrema
292 3495 469 3556 ualetudine
487 3496 554 3574 ipse
572 3495 631 3554 sibi
648 3496 837 3574 epitaphium
854 3498 926 3556 lecit
946 3495 1107 3555 distichon.
1131 3493 1281 3562 translata

141 3584 257 3660 igitur
249 3601 332 3642 iussu
348 3581 480 3656 Augusti
498 3582 562 3640 eius
579 3601 649 3639 ossa
669 3590 758 3660 prout
779 3593 826 3642 sta
828 3591 928 3642 tuerat
948 3579 1110 3658 Neapolim
1127 3580 1212 3638 fuere
1233 3598 1279 3638 se·
1270 3606 1291 3622 -·

139 3669 286 3747 pullaque
307 3667 359 3724 uia
374 3665 607 3726 Puteolana't
563 3687 593 3724 ιιι
595 3675 642 3724 tra
657 3666 790 3744 lapidem
806 3667 986 3728 secundum·
1007 3664 1229 3744 sepulchroque
1251 3663 1280 3722 id

140 3753 291 3812 distichon
305 3750 385 3831 quod
400 3753 516 3810 lecerat
529 3751 707 3830 inscriptum
721 3765 782 3812 est:
796 3753 934 3811 ‘Mantua
949 3771 973 3810 e
985 3771 1010 3825 q.
1023 3771 1046 3808 s.
1061 3769 1078 3819 ς
1091 3744 1104 3829 Η
1121 3749 1177 3809 Gn.
1186 3749 1280 3808 BNG

141 3838 196 3895 a‘*
192 3838 315 3916 Sentio
334 3840 453 3909 scripsi:
482 3836 583 3896 Sestio
600 3838 626 3894 R
641 3837 745 3895 hestia
762 3841 789 3895 B
803 3838 924 3898 Plautio
944 3859 961 3906 ς
977 3835 993 3917 Η
1015 3835 1075 3912 Qu.
1090 3839 1116 3891 B
1132 3835 1236 3915 quinto
1255 3835 1280 3890 ll

141 3921 155 4002 Η
171 3891 290 3984 leones
306 3924 333 3980 R
349 3916 362 4001 Η
377 3931 394 3982 6
410 3921 539 3979 disticon
563 3923 588 3978 R
610 3915 622 4000 Η
646 3933 662 3983 ιι
680 3920 833 3980 dimidiam
853 3933 970 4001 partem
984 3924 1010 3980 B
1024 3916 1037 4001 Η
1057 3931 1087 3981 10
1102 3939 1139 3978 ex
1156 3920 1216 3978 alio
1234 3939 1251 3988 ς
1267 3913 1279 3996 Η

141 4019 169 4070 11
188 4009 260 4066 V
220 4027 311 4068 arrum
332 4027 364 4075 ςι
381 4005 533 4064 Valerium
551 4007 605 4064 BR
621 4005 634 4086 Η
648 4008 780 4084 plocium
796 4011 822 4064 R
838 4003 851 4088 Η
866 4006 1025 4066 aeneidum
1043 4007 1095 4062 BR
1110 4004 1280 4064 Aeneidem

141 4115 159 4163 ς
177 4089 191 4174 Η
217 4101 247 4153 12
267 4091 381 4151 obitum
403 4099 493 4170 prout
514 4093 666 4170 petiuerat
693 4092 902 4151 emendarunt.
933 4113 1003 4150 nam
1029 4089 1139 4150 nullius
1161 4089 1280 4150 omuino

139 4179 292 4238 sententia
305 4185 443 4235 cremata
458 4177 573 4236 Aeneis
593 4177 685 4254 digna
703 4177 770 4236 uisa
784 4178 850 4235 fuit.
881 4177 920 4236 de
933 4196 992 4256 qua
1010 4197 1041 4235 re
1062 4175 1184 4254 Sulpitii
1207 4175 1280 4234 Oar-

139 4263 328 4338 thagiuensis
354 4270 460 4320 extant
481 4259 655 4320 huiusmodi
678 4281 799 4320 uersus:
823 4283 841 4331 ς
867 4257 880 4344 Η
908 4261 1146 4321 emendaremur
1166 4264 1191 4318 R
1213 4257 1225 4340 Η
1251 4272 1281 4324 lt

138 4348 256 4406 luserat
272 4343 323 4426 ΒΗ
340 4345 463 4407 abolere
487 4349 514 4404 B
527 4341 540 4426 Η
559 4358 590 4412 15
613 4347 764 4426 plrrigium
782 4349 806 4404 R
867 4357 897 4408 16
918 4367 1069 4428 uerusque
1087 4348 1113 4403 R
1129 4341 1141 4428 Η
1161 4349 1279 4408 181ἰιι·-

139 4452 245 4512 gamos
262 4431 305 4518 ςΗ
323 4439 356 4498 19
371 4453 470 4511 paene
492 4435 629 4511 Bpneue
646 4434 671 4490 R
691 4453 770 4512 pene
793 4452 811 4502 ς
863 4451 947 4510 rogo.
971 4441 1075 4492 extant
1100 4443 1130 4490 et
1150 4429 1281 4508 Augusti
