3138 5100
504 411 532 449 r.
547 407 725 450 urrscrrnun
742 407 983 452 conunuramvs
1250 387 1311 452 489

174 561 243 641 ipso
259 563 405 620 Petrarca
421 559 511 620 ducta
528 569 618 620 esset.
635 594 675 602 -
692 561 867 640 Speciesior
889 570 990 622 autem
1006 581 1096 642 quam
1110 561 1213 627 rarior
1235 539 1312 621 eius·

176 663 246 722 dem
258 663 361 724 Rothii
375 661 542 742 disputatio
563 663 639 721 haec
656 673 717 723 cst:
735 665 816 722 ‘Erat
829 663 913 722 daun
926 662 1003 722 wird
1016 663 1066 722 eiu
1075 664 1246 742 Vorschlag
1259 663 1311 722 be·

173 765 329 843 friedigen
337 808 347 842 ,
362 785 454 824 wenn
467 763 602 824 dadurch
614 765 820 825 Fenestella's
833 766 1090 844 Argumentation
1105 765 1208 825 hlarer
1220 765 1310 842 wind,

174 867 232 926 wie
249 866 300 926 die
315 867 422 926 Worte
439 867 519 944 jetat
540 868 661 941 lauten,
689 869 752 928 will
775 887 808 926 er
829 887 930 946 gegcn
954 867 1004 928 die
1025 867 1310 946 Kriegsgeiangen·

75 979 81 990 '
174 969 275 1029 schalt
289 968 348 1030 des,
359 969 502 1030 Dichtcrs
518 971 684 1048 amachan,
701 969 864 1047 widerlegt
879 969 953 1030 aber
974 970 1087 1030 dessen
1108 970 1310 1030 africanische

174 1071 353 1132 Herkunft.'
406 1073 554 1132 Nimirum
584 1073 627 1131 sic
654 1080 785 1151 apparet
809 1073 952 1132 Rothium
977 1073 1171 1132 ratiocinari:
1201 1073 1227 1132 si
1254 1091 1311 1132 nec

173 1173 256 1232 hello
272 1182 378 1253 captus
394 1174 434 1233 sit
449 1175 640 1248 aRomanis,
657 1194 715 1234 nec
730 1175 940 1234 commercium
955 1175 1035 1234 inter
1050 1175 1172 1234 Italiam
1187 1183 1217 1232 et
1229 1174 1310 1234 Afri-

176 1295 241 1336 cam
256 1285 328 1336 ante
345 1275 478 1336 delatam
493 1277 717 1356 Karthaginem
739 1278 832 1338 ullum
853 1277 959 1350 suerit,
985 1297 1047 1335 non
1069 1277 1206 1356 potuisse
1228 1276 1311 1335 illum

88 1383 90 1388 '
175 1378 298 1438 omnino
324 1378 517 1456 Karthagine
543 1380 671 1438 Romam
701 1379 763 1440 ullo
793 1379 884 1438 modo
911 1379 1086 1458 pervenire.
1131 1379 1245 1438 Vanum
1272 1397 1310 1438 ne

174 1481 255 1540 inter
277 1481 376 1559 ipsam
396 1481 620 1557 Karthaginem
642 1480 767 1560 quidem
793 1490 824 1540 et
842 1482 964 1541 Italiam
985 1481 1080 1540 ullum
1102 1479 1311 1540 commercium

174 1582 386 1642 intercessisse
412 1582 480 1662 quis
506 1582 557 1641 vel
584 1583 753 1642 contendat
773 1584 826 1643 vel
846 1583 992 1644 contendi
1016 1603 1034 1642 a
1053 1583 1234 1642 Fenestella
1254 1582 1312 1642 sibi

174 1684 382 1764 persuadeat?
430 1683 529 1762 Quem
555 1685 778 1763 apertissimum
804 1695 851 1746 est
877 1685 916 1744 de
941 1685 1140 1746 Numidarum
1167 1685 1312 1744 Gaetulo·

173 1807 316 1868 rumque,
340 1785 466 1846 nonde
480 1786 786 1864 Karthaginiensium
807 1807 873 1847 cum
893 1787 1009 1848 Italicis
1031 1788 1208 1848 commercio
1232 1788 1311 1864 cogi·

174 1898 250 1948 tare.
295 1890 332 1947 In
354 1908 444 1968 quam
465 1896 584 1967 partem
603 1889 699 1948 verba
715 1889 905 1950 Suetoniana
925 1889 1054 1949 Rothius
1081 1890 1164 1950 nullo
1186 1890 1311 1968 negotio

104 1981 107 1988 ¹
174 1992 218 2051 sic
241 1991 340 2072 potuit
363 1989 526 2050 deflectere
554 1999 587 2050 ut
611 1991 755 2070 scriptum
781 1993 874 2054 fuisse
900 1997 974 2050 inter
996 1994 1113 2051 Italicos
1134 2001 1162 2050 et
1181 1989 1313 2068 [ceteros]

174 2094 266 2167 Afros
282 2093 451 2152 coniceret:
472 2092 515 2151 ita
532 2093 613 2152 enim
629 2095 726 2154 omnis
741 2093 939 2154 Fenestellae
961 2095 1153 2154 ratiocinatio
1176 2095 1262 2154 firma
1282 2102 1314 2152 et

175 2195 338 2275 perspicua
354 2203 385 2253 et
400 2193 457 2252 sibi
471 2203 617 2254 constans
633 2195 748 2274 prodit.
779 2195 840 2255 Sed
858 2216 898 2254 ne
913 2195 972 2254 hoe
987 2194 1112 2274 quidem
1127 2194 1311 2254 adminiculo

175 2317 252 2377 opus
269 2306 331 2356 est:
352 2316 423 2354 narn
438 2297 527 2370 Afros
546 2315 612 2354 curn
634 2296 709 2356 dicit
723 2296 903 2370 Suetonius,
930 2317 993 2356 non
1016 2296 1093 2354 alios
1116 2297 1175 2355 nisi
1195 2305 1312 2356 ceteros

174 2407 298 2479 praeter
318 2399 596 2476 Karthaginienses
619 2399 750 2478 populos
771 2401 894 2478 cogitat.
938 2399 1122 2458 Plenissime
1131 2378 1186 2456 'ita
1206 2399 1312 2458 Livius

174 2513 302 2574 xxvtn,
325 2509 361 2562 44
377 2503 631 2574 ‘Karthupiuieusi
643 2501 722 2560 nihil
736 2501 833 2560 ciuilis
849 2500 965 2561 roboris
982 2509 1043 2560 est:
1065 2499 1208 2560 mercede
1224 2519 1312 2580 paru·

173 2611 222 2662 tos
237 2602 348 2662 milites
364 2602 480 2662 habent
495 2603 584 2676 Afros
601 2605 827 2679 Numidaspae':
844 2602 1036 2682 eandemque
1052 2603 1084 2662 in
1100 2610 1217 2682 partem
1235 2602 1312 2661 eius·
1368 2669 1373 2684 ⁸

176 2705 244 2770 dem
259 2704 337 2764 haec
351 2704 458 2764 valent
474 2715 576 2778 xxix,
598 2713 616 2767 3
639 2705 795 2766 ‘mercede
810 2707 913 2785 parari
935 2705 1048 2764 auxilia
1071 2724 1109 2764 ex
1124 2704 1230 2778 Afris’,
1255 2712 1314 2766 Μ

176 2806 232 2867 ‘ad
248 2806 452 2866 conducenda
467 2805 607 2880 Afrorum
622 2808 765 2868 auxilia':
787 2829 866 2888 quae
888 2809 965 2867 item·
982 2807 1124 2886 opposita
1143 2815 1215 2866 sunt
1234 2807 1311 2866 Kar·

174 2909 415 2987 thaginiensium
431 2911 559 2970 notioni.
606 2907 675 2990 [His
697 2910 817 2990 pridem
832 2911 953 2992 scriptis
969 2929 1053 2968 suam
1069 2907 1225 2969 nobiscum
1241 2929 1312 2968 cou-

175 3011 322 3070 iecturam
337 3012 543 3092 Mommsenus
566 3013 781 3087 communicat,
805 3033 865 3094 qua
880 3031 1014 3092 pergens
1029 3013 1061 3070 in
1078 3011 1234 3090 Schopeni
1250 3011 1310 3083 viu,

174 3109 231 3172 sed
253 3113 291 3172 ud
308 3112 453 3172 librorum
467 3113 558 3172 fidem
574 3115 676 3195 aliqua
693 3136 731 3176 ex
746 3125 834 3194 parte
846 3115 971 3195 propius
988 3111 1141 3172 accedens
1158 3117 1312 3172 meantum

175 3217 297 3274 Romam
312 3197 412 3274 uenire
424 3220 552 3288 potuisse
572 3214 737 3296 proponit]

258 3317 333 3394 Peg.
350 3315 402 3390 2⁷,
423 3316 441 3377 'l
462 3321 561 3376 tradat
643 3319 737 3392 faciut
763 3317 974 3377 coniunctivos
997 3324 1142 3375 constans
1164 3316 1312 3397 loquendi

175 3418 364 3479 consuetudo
382 3419 522 3478 Suetonii
545 3417 643 3498 (cuius
665 3420 733 3498 plus
756 3420 867 3497 viginti
889 3418 1030 3496 exempla
1051 3415 1223 3494 numeravi)
1247 3439 1313 3476 cnm

173 3523 224 3580 hic
238 3519 415 3600 postulabat
429 3529 491 3580 tum
506 3521 587 3579 infra
601 3542 632 3600 p.
648 3519 691 3595 ³29,
708 3529 724 3583 6
739 3524 870 3595 quamuis
892 3522 1034 3578 Volcatius
1056 3563 1062 3576 .
1077 3563 1083 3576 .
1097 3559 1103 3576 .
1116 3522 1230 3576 scribut.
1267 3519 1313 3579 si-

175 3624 299 3684 millimo
317 3623 457 3702 exemplo
473 3627 607 3697 pneumate
624 3627 685 3697 ipse
707 3627 735 3681 ia
751 3626 877 3682 historiis
897 3627 956 3681 suis
974 3626 1082 3695 prodat
1097 3619 1175 3680 dixit
1195 3622 1226 3679 in
1250 3622 1316 3709 vita¹

176 3725 206 3784 d.
233 3725 354 3786 Claudii
381 3745 406 3784 c.
429 3733 473 3785 21.
519 3725 724 3786 indicativum
754 3727 782 3784 ei
808 3725 976 3804 particulae
1003 3723 1097 3782 semel
1123 3723 1255 3782 iunctum
1282 3722 1312 3782 d.

175 3828 255 3905 Aug.
272 3835 306 3888 42
327 3831 459 3902 quamuis
481 3831 641 3886 destinarat
662 3849 725 3886 non
748 3826 881 3888 debebat
896 3847 962 3886 cum
984 3826 1051 3884 aliis
1074 3822 1313 3904 Oudendorpim

77 3967 91 3992 a
176 3929 357 3990 defendere.

259 4031 335 4109 Peg.
361 4031 414 4101 27,
440 4030 460 4090 9
487 4047 553 4108 sqq.
580 4031 696 4110 positos
722 4031 854 4090 Porcii
879 4030 1010 4090 Licini
1036 4030 1229 4107 septenarios
1257 4031 1314 4089 etsi

177 4133 282 4212 aliqua
305 4141 450 4212 exparte
473 4132 544 4190 olim
565 4134 693 4192 tractavi
708 4133 807 4192 Musei
823 4132 966 4192 Rhenani
983 4139 1003 4189 t.
1027 4141 1052 4187 11
1074 4151 1105 4209 p.
1127 4137 1178 4193 648
1193 4151 1239 4211 sq.
1262 4131 1316 4190 vel

176 4235 334 4312 Parergon
351 4235 559 4293 Plautinorum
574 4241 596 4292 t.
612 4245 623 4291 1
640 4255 670 4313 p.
686 4241 736 4296 637
752 4254 809 4313 sq,
831 4242 934 4292 tamen
950 4253 1012 4292 non
1030 4241 1079 4312 est
1091 4233 1197 4291 mirum
1213 4249 1329 4292 novae⁴

176 4336 246 4394 viae
263 4335 370 4395 ducem
382 4343 518 4394 veterem
530 4335 667 4394 codicem
679 4335 850 4396 Parisinum
865 4334 1000 4394 extitisse
1017 4344 1078 4394 mm
1091 4353 1197 4412 parum
1210 4335 1312 4412 cogni-

177 4444 248 4494 tum.
287 4437 379 4497 Cuius
395 4437 489 4496 virtus
506 4437 537 4496 iu
555 4437 660 4516 primis
681 4438 783 4496 statim
805 4437 962 4496 versiculis
984 4435 1140 4509 enitescit,
1163 4455 1239 4514 quos
1258 4435 1312 4495 ille

187 4660 240 4671 Α

152 4674 184 4703 fr
