3188 5066
365 393 599 440 srernuuaura
619 396 709 438 nram
731 397 774 440 na
797 395 883 440 suno
907 393 1111 440 acusuoavu
1250 372 1308 436 187

159 549 273 612 praeter
289 559 373 598 uuum
384 545 566 600 Februarium
581 548 663 614 lupar
679 563 806 600 numerus
819 551 985 600 amaretur.
1007 547 1154 612 numquis
1166 545 1310 598 duodecim

161 627 282 678 mensas,
295 616 318 666 si
331 615 432 680 singuli
445 621 493 666 aut
504 615 566 682 pari
579 621 626 666 aut
637 617 729 682 inpari
740 633 853 668 numero
865 621 1036 684 putarentur,
1049 615 1311 668 consummationem

160 697 258 746 parem
271 683 407 744 lacerent,
419 697 488 733 unus
501 685 561 748 quari
572 699 684 736 numero
690 685 831 736 institutus
841 684 1174 750 uniuersampntationem
1186 683 1310 747 inparem

162 749 240 799 lecit.
253 749 277 800 c.
290 751 434 802 lanruarius
445 751 527 816 igitur
536 751 638 816 Aprilis
648 752 1310 818 luniusSextilisSeptemberNooembcheeem·

161 817 409 868 berundctricenis
423 820 607 870 censebantur
624 821 720 870 (bebrua
737 827 765 872 et
778 821 924 886 quintanas
941 821 1035 871 Nonas
1047 821 1189 871 habebant
1205 834 1237 870 ac
1249 819 1312 882 post

161 883 225 936 ldus
239 889 268 936 iu
279 887 435 937 omnibusa.
449 887 474 936 d.
488 887 633 953 septimum
644 888 778 938 decimum
785 889 927 940 Kalendas
940 889 1150 951 conputabatur.
1163 885 1311 936 7.blartius

161 954 461 1018 uercblaiusQuintilis
475 956 632 1006 etOctober
644 955 703 1006 dies
716 957 836 1006 tricenos
849 957 1163 1023 singulospossidcbant.
1176 955 1272 1004 Nouae
1282 953 1310 1004 iu

160 1018 205 1068 bis
217 1023 392 1087 septimanae
405 1027 496 1072 eraut:
510 1022 690 1087 similiterque
703 1025 833 1088 postldus
845 1025 941 1076 decem
954 1030 983 1075 et
994 1024 1166 1089 septemdies
1178 1023 1207 1072 in
1218 1023 1311 1086 singu·

161 1085 293 1155 linusque
307 1089 341 1140 ad
353 1095 502 1154 sequentes
514 1091 656 1142 Kalendas
668 1093 849 1156 putabanturr
873 1093 922 1142 sed
940 1093 1014 1142 solus
1026 1091 1193 1142 Februarius
1210 1089 1312 1152 uiginti

163 1160 192 1203 et
205 1164 269 1208 octo
282 1157 395 1208 retinuit
407 1157 480 1218 dies,
495 1159 574 1222 quasi
585 1159 683 1208 inieris
696 1165 724 1210 et
736 1160 884 1211 deminutio
898 1166 926 1210 et
938 1177 989 1226 par
1000 1175 1128 1210 uumerus
1140 1157 1310 1208 conueniret.

161 1223 187 1270 ⁸·
200 1241 262 1278 cum
278 1241 344 1290 ergo
358 1225 475 1276 Romani
494 1241 528 1275 ea
541 1225 594 1276 bae
612 1227 802 1278 distributione
816 1228 943 1294 Pompilii
961 1229 997 1278 ad
1014 1228 1096 1278 lunae
1115 1241 1223 1277 cursum
1241 1225 1313 1274 sicut

163 1295 268 1346 Graeci
279 1307 379 1344 annum
396 1292 534 1410 progrium
553 1299 748 1359 conputareut,
766 1297 924 1346 necessario
943 1303 971 1346 et
982 1295 1176 1346 intercalarem
1189 1307 1312 1344 mensem

162 1364 342 1414 instituerunt
353 1375 429 1411 more
468 1375 620 1412 saccorum.
644 1361 669 1412 t.
688 1379 751 1414 nam
770 1368 798 1413 et
811 1363 911 1414 Graeci
929 1380 989 1414 com
1003 1363 1254 1414 animaduerterent
1271 1365 1311 1410 te-

163 1446 240 1482 mere
258 1444 288 1478 so
306 1429 439 1478 trecentis
457 1429 657 1494 quinquaginta
675 1435 804 1495 quattuor
820 1431 916 1481 diebus
933 1431 1076 1482 ordinasse
1090 1445 1189 1480 aunum
1202 1455 1234 1466 -
1247 1443 1312 1493 quo·

163 1501 239 1548 niam
257 1501 407 1560 appareret
422 1495 457 1548 dc
474 1495 541 1546 solis
559 1511 648 1557 cursu,
667 1499 713 1563 qui
729 1499 863 1548 trecentis
881 1500 1028 1564 sexaginta
1041 1499 1158 1562 quinque
1170 1497 1267 1547 diebus
1285 1500 1313 1546 et

164 1565 318 1631 quadrante
332 1563 476 1616 zodiacum
489 1563 613 1624 conticit,
626 1565 725 1616 deesse
739 1581 811 1615 anno
820 1581 869 1616 suo
881 1568 1007 1616 undecim
1021 1567 1079 1616 dies
1094 1572 1122 1616 et
1134 1565 1313 1630 quadrantem

163 1631 388 1682 -intcrcalares
401 1633 589 1682 maturatione
602 1634 748 1684 commenti
760 1639 831 1695 suut,
844 1635 885 1684 ita
896 1640 927 1683 ut
939 1641 1037 1684 octauo
1049 1649 1154 1698 quoqne
1165 1647 1236 1682 anno
1246 1647 1312 1680 uon·

165 1701 262 1766 aginta
272 1699 340 1760 dics,
354 1715 388 1749 ex
402 1699 499 1764 quibus
512 1704 569 1750 tres
581 1715 690 1752 meuses
702 1702 836 1752 tricenum
848 1703 951 1752 dierum
965 1706 1179 1767 conposuerunt,
1192 1701 1311 1749 interca·

163 1770 265 1820 tarent.
282 1763 320 1816 10.
335 1767 362 1818 id
375 1765 477 1816 Graeci
488 1767 621 1828 lecerunt,
636 1770 763 1832 quoniam
776 1775 838 1819 crat
849 1785 994 1834 operosum
1006 1775 1087 1834 atque
1100 1767 1214 1818 difficile
1227 1766 1312 1816 omui·

165 1838 216 1886 bus
230 1835 310 1884 antris
322 1834 449 1884 undecim
462 1835 521 1884 dies
535 1841 562 1884 et
574 1836 753 1900 quadrantem
765 1837 943 1888 intercalare.
966 1839 1060 1902 itaque
1073 1837 1228 1887 maluerunt
1239 1834 1313 1883 hunc

164 1915 307 1954 numerum
319 1903 406 1952 octies
419 1901 614 1966 multiplicare,
630 1909 657 1953 et
669 1905 822 1968 nonaginta
834 1905 908 1966 dies,
922 1907 966 1969 qui
979 1909 1128 1956 nascuntur
1139 1905 1163 1954 si
1176 1903 1314 1968 quadrans

165 1987 226 2022 curu
240 1969 337 2019 dicbus
350 1969 475 2020 undecim
488 1969 575 2020 octies
587 1977 772 2036 conponatur,
791 1973 913 2024 inserere
926 1974 1022 2024 intres
1035 1987 1144 2023 menses
1155 1977 1186 2021 ut
1197 1971 1314 2020 diximus

165 2037 385 2088 distribuendos:
399 2038 449 2087 bos
461 2037 521 2088 dies
532 2028 771 2103 ὑπερβαίνοντας,
783 2055 891 2091 menses
904 2057 969 2090 uero
983 2032 1154 2105 ἐμβολίμους
1168 2037 1314 2104 appellita-

165 2107 243 2157 bant.
266 2104 303 2154 ll.
321 2105 394 2154 hunc
412 2121 477 2170 ergo
490 2105 612 2156 ordinem
624 2107 757 2157 Romanis
770 2123 876 2172 quoque
888 2108 990 2158 imitari
1007 2107 1125 2172 placuit:
1139 2107 1189 2158 sed
1201 2107 1312 2164 trustra,

167 2174 268 2240 quippe
285 2173 358 2237 fugit
374 2188 421 2224 eos
438 2173 510 2223 diem
527 2189 619 2236 unum,
637 2176 709 2224 sicut
726 2191 809 2240 supra
827 2177 1037 2237 ammonuimus,
1060 2175 1180 2225 additum
1197 2189 1216 2222 a
1232 2187 1262 2223 se
1278 2173 1314 2221 ad

168 2245 306 2292 Graecum
317 2255 457 2292 numerum
468 2242 497 2290 in
508 2241 639 2292 honorem
651 2243 755 2308 inparis
767 2244 882 2294 numeri.
896 2259 931 2294 ea
943 2259 972 2294 re
984 2258 1034 2308 per
1046 2243 1202 2293 octennium
1214 2255 1313 2290 conne-

168 2310 227 2360 nire
240 2323 369 2359 nrrmerus
381 2315 462 2372 atque
475 2309 540 2360 ordo
552 2325 607 2360 ncu
620 2317 738 2375 poterat.
755 2310 793 2360 12.
807 2311 856 2361 sed
868 2311 986 2362 nondum
1004 2311 1056 2360 boc
1074 2325 1165 2362 errore
1184 2311 1314 2373 conperto

169 2393 219 2442 per
230 2385 294 2426 octo
306 2379 553 2442 aunosnouaginta
565 2379 643 2442 quasi
655 2379 1064 2443 superfundendosGraecorum
1077 2376 1201 2442 exemplo
1215 2389 1314 2440 conpu-

169 2445 269 2494 tabunt
279 2443 348 2504 dies,
362 2442 529 2508 alternisque
544 2447 624 2494 annis
639 2446 719 2496 binos
737 2452 766 2496 et
776 2448 890 2498 uicenos
909 2447 1022 2496 alternis
1038 2451 1133 2496 ternos
1148 2445 1315 2507 tricenosque

169 2511 370 2562 intercalautes
389 2513 579 2576 expensabant
591 2514 849 2566 intercalationibus
867 2519 1003 2578 quattuor.
1028 2513 1077 2564 sed
1094 2517 1192 2564 octauo
1209 2525 1315 2575 quoque

170 2595 243 2630 anno
255 2579 438 2630 intercalares
450 2587 513 2630 octo
526 2582 680 2632 affluebant
692 2583 751 2633 dies
764 2599 798 2632 ex
810 2583 924 2648 singulis
938 2583 1036 2647 quibus
1046 2581 1180 2632 uertentis
1191 2579 1256 2630 muni
1267 2593 1315 2627 nn·

170 2663 273 2698 merum
287 2647 358 2711 apud
365 2647 501 2698 Rourauos
514 2664 596 2714 super
609 2649 746 2700 Graecum
759 2651 913 2702 abundasse
926 2651 981 2700 iam
994 2649 1117 2700 diximus.
1135 2647 1173 2699 tt.
1186 2648 1238 2697 hoc
1251 2661 1315 2710 quo-

170 2731 222 2780 qne
233 2730 325 2764 errore
336 2715 392 2764 iam
406 2715 516 2778 cognito
529 2716 598 2766 haec
610 2719 719 2782 species
733 2719 932 2770 emendationis
950 2719 1064 2768 inducta
1080 2723 1131 2768 est.
1154 2716 1240 2766 tertio
1251 2729 1315 2779 quo-

171 2800 223 2847 que
241 2782 368 2832 octcnnio
386 2782 428 2832 ita
444 2783 649 2834 intercalandos
667 2786 867 2850 dispensabant
884 2786 957 2848 dies,
979 2793 1081 2836 utnon
1099 2785 1251 2850 nonaginta
1267 2781 1317 2831 sed

170 2850 318 2915 sexaginta
331 2866 379 2898 sex
391 2850 597 2913 intercalarent,
611 2856 788 2919 conpensatio
799 2855 899 2919 uiginti
912 2859 940 2905 et
951 2859 1079 2919 quattuor
1090 2854 1186 2904 diebus
1198 2867 1248 2917 pro
1262 2849 1317 2899 illis

171 2919 216 2982 qui
229 2932 280 2983 per
291 2917 405 2968 totidem
417 2933 504 2968 anuos
520 2935 603 2984 supra
616 2919 785 2972 Graecorum
797 2937 936 2972 numerum
949 2927 1103 2972 creuerant
1130 2921 1169 2970 14.
1183 2919 1257 2970 omui
1269 2933 1316 2966 su·

172 2992 226 3036 tem
240 2983 446 3036 intercalationi
456 2987 557 3038 mensis
565 2987 731 3040 Februarius
742 2990 889 3054 deputatus
900 2995 950 3047 est,
962 2990 1090 3054 quoniam
1100 2991 1124 3038 is
1132 2988 1242 3037 ultimus
1252 2985 1317 3035 unni
1371 3049 1374 3056 ²

172 3059 245 3106 erat:
258 3051 329 3116 quod
341 3054 425 3103 etiam
437 3054 525 3119 ipsum
538 3055 571 3104 de
585 3056 752 3108 Graecorum
765 3058 919 3108 imitatione
932 3057 1083 3108 iaciebant.
1108 3072 1171 3106 uam
1185 3061 1213 3104 et
1225 3054 1265 3104 illi
1277 3053 1316 3102 ul·

171 3122 238 3170 timo
252 3119 317 3170 unni
329 3120 371 3170 sui
384 3122 472 3172 mensi
484 3123 634 3186 superfluos
646 3125 851 3176 interserebant
862 3125 922 3175 dies
933 3131 965 3175 ut
981 3126 1068 3175 refert
1085 3124 1254 3188 Glaucippus
1272 3120 1317 3184 qui

171 3190 205 3239 dc
222 3188 310 3238 sacris
327 3187 534 3240 Atheniensium
553 3192 670 3256 scripsit.
697 3192 736 3242 15.
755 3207 850 3244 uerum
867 3208 922 3242 una
939 3207 969 3242 rc
983 3208 1000 3242 a
1013 3193 1128 3242 Graecis
1142 3189 1316 3240 differebant.

171 3273 235 3306 uam
248 3255 288 3304 illi
301 3257 428 3306 conlecto
441 3257 535 3308 ultimo
554 3275 661 3320 meuse,
681 3261 797 3311 Romani
810 3276 864 3310 non
881 3263 1008 3310 conlecto
1021 3261 1172 3310 Februario
1189 3258 1238 3308 serl
1257 3262 1319 3320 post

170 3323 332 3374 uicesimum
350 3330 378 3374 et
395 3325 507 3374 tertium
522 3325 593 3376 diem
612 3329 671 3378 eius
686 3327 900 3386 intercalabant,
925 3327 1127 3378 'lenuinalibus
1143 3327 1251 3376 scilicet
1263 3325 1318 3374 iam

171 3391 307 3458 peractis:
320 3391 420 3442 deiude
431 3393 552 3456 reliquos
562 3395 708 3447 Februarii
720 3397 821 3446 mansis
833 3395 902 3456 dies,
915 3397 960 3460 qui
973 3401 1054 3445 erant
1065 3395 1191 3459 quinque,
1204 3398 1267 3456 post
1277 3391 1317 3440 in-

171 3457 382 3510 tercalationem
396 3461 612 3524 subiungebant:
632 3464 715 3514 credo
726 3469 821 3514 uetere
834 3463 978 3528 religionis
990 3479 1057 3512 sune
1071 3477 1154 3521 more,
1172 3465 1202 3509 ut
1214 3459 1317 3510 Febru-

172 3527 261 3578 arium
278 3527 350 3576 omni
369 3527 448 3578 modo
465 3529 583 3580 Martius
601 3539 823 3596 consequeretur.
849 3530 889 3580 lc.
909 3531 958 3580 sed
970 3546 1030 3580 cum
1050 3545 1134 3593 saepe
1153 3528 1278 3578 errenirct
1289 3529 1320 3575 ut

171 3595 313 3645 nundinae
326 3593 404 3644 modo
417 3596 446 3646 in
459 3596 525 3646 anui
537 3599 688 3663 principem
705 3600 777 3649 diem
790 3599 870 3649 modo
881 3599 910 3647 iu
923 3599 1016 3648 Nonas
1030 3597 1162 3646 caderent
1174 3623 1206 3630 -
1218 3600 1319 3644 utrum·

172 3677 225 3728 quc
240 3667 330 3712 autern
339 3664 522 3726 perniciosum
534 3667 575 3716 rei
588 3667 714 3732 publicae
727 3666 1070 3732 putabatur-remedium
1082 3680 1134 3730 quo
1146 3663 1198 3712 boc
1212 3667 1320 3713 auerte·

172 3736 248 3782 retur
260 3731 446 3794 excogitatum
460 3737 513 3781 est:
528 3735 600 3797 quod
613 3736 776 3800 aperiemus,
790 3736 814 3786 si
826 3735 900 3798 prius
913 3733 1111 3784 ostenderimus
1125 3747 1172 3781 cur
1182 3729 1320 3780 nundinae

172 3797 217 3849 uel
231 3797 325 3862 primia
338 3797 473 3848 Kalendis
485 3800 531 3850 rel
542 3802 629 3852 Nouis
647 3803 771 3852 omuibus
786 3801 965 3852 caue-bantur.
979 3801 1020 3850 17,
1033 3815 1096 3850 nam
1110 3800 1236 3866 quotiens
1252 3798 1319 3846 inci-

172 3867 346 3932 picntcauno
359 3864 418 3916 dies
431 3869 524 3931 eoepit
537 3871 581 3935 qui
596 3871 719 3920 addictus
733 3875 775 3919 est
788 3869 924 3931 nundinis,
938 3871 1025 3919 omnis
1037 3869 1085 3918 ille
1099 3865 1321 3916 anuusinlaustis

173 3932 285 3984 casibus
303 3933 442 3984 lactucam
459 3935 525 3986 ruit:
546 3940 718 4002 maximoque
735 3938 890 4003 Lepidiano
908 3938 1023 3988 tumultu
1041 3935 1132 4000 opinio
1146 3937 1202 3984 ista
1213 3933 1322 3982 finnata

174 4008 226 4053 est.
243 3999 281 4050 18.
290 4000 376 4050 Nonis
388 4009 480 4054 autem
494 4011 645 4056 conuentus
657 4007 804 4056 uniuersae
817 4005 997 4056 multitudiuis
1006 4003 1134 4053 uitandus
1144 4001 1321 4052 existimaba-

172 4077 226 4132 tur,
243 4069 371 4133 quoniam
384 4071 499 4136 populns
512 4075 650 4124 ltomauus
669 4074 776 4123 exactis
789 4075 873 4123 etiam
892 4073 1002 4138 regibus
1015 4072 1086 4121 diem
1098 4070 1169 4120 hrmc
1182 4071 1321 4118 Nonarum

174 4138 291 4188 maxime
305 4136 477 4197 celebrabat.
485 4157 563 4203 quem
571 4141 692 4190 natalem
699 4141 877 4191 Servii'rului
886 4141 1075 4190 existimabat:
1087 4139 1158 4202 qnia,
1166 4138 1321 4186 cumiucer·

172 4211 314 4256 turnasset
326 4221 378 4269 quo
391 4223 486 4256 meuse
498 4209 609 4260 dendus
616 4209 724 4258 'Pullius
736 4215 817 4258 nutus
831 4209 937 4266 iniisset,
951 4209 1036 4258 Nouis
1049 4212 1143 4256 tamnu
1152 4211 1247 4255 natum
1260 4219 1322 4254 esse

174 4277 325 4334 constaret,
335 4276 529 4326 omuesNouas
542 4277 646 4326 celebri
657 4277 756 4326 notitia
771 4277 999 4341 frequentabant:
1010 4275 1114 4324 ucritos
1127 4289 1192 4336 ergo
1206 4273 1251 4336 qui
1264 4272 1321 4322 die·

173 4343 225 4394 bus
240 4351 403 4413 praeerant,
424 4359 459 4393 ne
473 4345 535 4408 quid
549 4345 676 4394 nundinis
695 4343 814 4394 collecta
829 4344 996 4394 uniuersitas
1014 4343 1048 4392 ob
1066 4341 1229 4392 desiderium
1248 4339 1322 4404 regis

173 4417 299 4474 nosmet,
313 4413 422 4462 cauisse
434 4417 465 4460 ut
476 4412 572 4464 Nonae
586 4430 603 4463 a
614 4413 742 4464 nundinis
759 4417 982 4478 segregarentur.
998 4409 1037 4460 19.
1051 4410 1123 4460 unde
1135 4409 1196 4459 dies
1206 4407 1256 4460 ille
1269 4421 1322 4473 quo
