3190 5098
699 1339 876 1422 OAPVT
905 1341 945 1422 ll

338 1558 388 1618 Ad
401 1567 564 1639 ¹pratorum
585 1561 678 1622 libros
700 1583 748 1623 mo
776 1573 938 1638 converto,
966 1584 1092 1646 quorum
1114 1567 1260 1626 memoria
1280 1568 1389 1626 nostris

253 1661 372 1744 demum
385 1662 569 1741 temporibus
582 1685 599 1722 a
612 1665 685 1724 viris
699 1663 796 1724 doctis
815 1668 997 1727 resuscitata
1009 1675 1061 1727 est.
1092 1689 1217 1748 quorum
1234 1688 1311 1728 uuus
1328 1689 1389 1727 non

252 1764 493 1842 praetereundus
510 1773 571 1838 est,
591 1765 671 1846 quod
693 1765 840 1828 laudabili
857 1769 984 1828 consilio
1003 1777 1034 1828 et
1052 1779 1165 1830 eventu
1180 1770 1293 1850 primus
1310 1770 1388 1829 hanc

253 1866 462 1952 quaestionem
489 1867 641 1926 tractavit.
688 1868 816 1928 Gustavi
847 1871 925 1929 enirn
948 1871 1079 1931 Beckeri
1107 1873 1244 1932 meritum
1268 1879 1329 1944 est,
1359 1872 1389 1930 in

251 1967 474 2070 prolegomenis
493 1968 532 2027 ad
547 1968 699 2028 Isidoruni
715 1970 754 2030 de
774 1981 883 2032 natura
900 1993 1044 2052 rerump.
1061 1973 1126 2032 Xll
1134 1994 1218 2054 sqq
1212 1983 1252 2032 et
1270 1973 1307 2031 tit
1295 1971 1388 2030 tulum

251 2069 321 2128 libri
340 2069 377 2138 ab
395 2071 475 2129 omni
490 2072 662 2150 suspicione
677 2072 850 2132 vindicasse
872 2083 904 2132 et
925 2075 1064 2152 egregias
1087 2073 1222 2134 eiusdem
1245 2073 1388 2155 reliquias

252 2173 355 2250 sagaci
378 2173 613 2250 investigatione
632 2175 756 2234 eruisse.
793 2183 926 2236 attamen
944 2184 978 2233 ut
998 2176 1122 2235 multum
1140 2173 1243 2248 abest,
1271 2183 1302 2234 ut
1324 2167 1421 2234 rem¹

251 2274 433 2346 absolverit,
451 2275 495 2334 ita
507 2275 544 2336 de
561 2278 686 2336 consilio
699 2285 730 2335 ot
740 2278 875 2336 instituto
895 2278 995 2358 operis
1011 2278 1189 2338 Suetoniani
1205 2277 1303 2342 minus
1316 2297 1389 2336 vera

252 2395 319 2442 eum
335 2381 498 2461 protulisse
515 2380 595 2440 infra
610 2358 750 2439 elucebit.

334 2485 429 2544 Prata
443 2481 620 2542 Suetonium
638 2481 797 2559 scripsisse
810 2478 948 2540 Isidorus
964 2480 1002 2540 de
1025 2489 1133 2540 natura
1155 2501 1254 2542 rerum
1272 2481 1388 2541 duobus

250 2585 325 2645 locis
351 2605 376 2644 c.
399 2593 434 2648 38
455 2583 508 2661 (cf.
529 2581 638 2659 fragm.
665 2580 755 2660 152*)
778 2591 808 2642 et
829 2602 856 2642 c.
877 2591 911 2644 44
935 2582 989 2660 (cf.
1011 2583 1116 2660 fragm.
1141 2582 1227 2662 157*)
1244 2593 1387 2657 testatum

249 2697 412 2767 praeterea
427 2685 507 2745 idem
522 2683 600 2742 liber
615 2683 727 2742 diserte
746 2684 856 2743 citatur
875 2685 906 2744 in
929 2685 973 2744 eis
994 2685 1187 2760 differentiis,
1213 2706 1288 2766 quas
1309 2688 1387 2746 Dor·

249 2787 351 2848 villius
365 2807 382 2848 o
398 2786 503 2846 codice
514 2787 547 2846 M
549 2786 782 2866 ontepessulano
795 2787 826 2846 in
841 2786 1045 2847 miscellaneis
1058 2787 1319 2846 observationibus
1333 2786 1388 2846 cri·

250 2890 318 2949 ticis
330 2889 417 2947 novis
429 2895 500 2946 tom.
512 2887 608 2946 vffll
620 2886 733 2966 publici
746 2889 819 2948 iuris
830 2887 904 2948 lecit
917 2887 970 2968 (cf.
983 2889 1089 2966 fragm.
1104 2897 1153 2952 176
1162 2911 1192 2968 p.
1205 2888 1282 2968 296).
1315 2909 1398 2968 quo-¹

252 3011 318 3052 cum
334 2989 421 3050 titulo
437 2998 520 3049 recte
536 2989 626 3049 iama
643 2989 758 3050 Grialio
775 2990 814 3050 ad
831 2990 980 3050 isidorum
996 2991 1016 3050 l.
1034 3011 1060 3050 c.
1078 2999 1261 3070 conparatur
1276 3009 1388 3068 graeca

250 3093 405 3174 inscriptio
421 3091 578 3169 λειμῶνος,
591 3113 651 3173 qua
667 3093 705 3152 de
718 3091 827 3154 Suidas
842 3112 866 3152 s.
885 3114 915 3152 v.
931 3085 1106 3169 Πάμφιλοςι
1124 3089 1388 3178 l'ppasualapoivu·

250 3192 310 3255 ἔστι
323 3191 354 3255 di·
369 3193 513 3254 ποικίλων
528 3190 650 3272 περιοχή
658 3195 699 3273 *).
726 3195 839 3255 abusus
854 3217 926 3258 vcro
947 3203 993 3254 est
1010 3195 1057 3256 his
1079 3195 1180 3256 verbis
1197 3180 1387 3256 Graefonhal

250 3300 319 3358 nius
329 3298 399 3357 bist.
408 3297 482 3377 phil.
496 3306 557 3358 ant.
569 3298 636 3358 IIII
643 3320 673 3377 p.
681 3305 725 3372 st,
739 3318 806 3357 cum
814 3307 933 3378 pratum
944 3319 1005 3358 nou
1014 3299 1108 3358 fuisso
1119 3297 1271 3358 divorsum
1279 3295 1388 3356 librum

250 3398 406 3460 contendit
427 3399 465 3459 ab
482 3420 534 3474 eo,
558 3401 605 3458 oui
624 3400 787 3460 Suetonius
811 3405 846 3459 de
868 3405 953 3460 robus
968 3403 1059 3460 suariis
1073 3401 1228 3479 inscripsit
1243 3400 1388 3478 cuiusque
1433 3467 1439 3478 ¹

249 3503 386 3562 notitiam
415 3501 554 3562 Charisio
588 3503 634 3562 vol
660 3503 760 3582 potius
785 3501 819 3564 Ο.
841 3501 919 3562 Iulio
945 3504 1082 3562 Romano
1110 3500 1191 3582 apud
1219 3500 1389 3561 Charisium

249 3627 280 3686 p.
295 3613 346 3667 236
362 3604 412 3683 (cf.
429 3605 537 3683 fragm.
553 3605 619 3683 205)
636 3605 790 3665 debemus.
826 3626 895 3664 nam
910 3625 967 3666 neo
982 3605 1160 3666 Suetonium
1175 3613 1329 3684 pratorum
1344 3601 1387 3660 in-

250 3706 407 3787 scriptioni
429 3707 509 3766 banc
530 3707 686 3768 addidisse
708 3706 853 3767 credibile
875 3717 922 3768 est
944 3727 1001 3766 nec
1027 3709 1053 3766 si
1074 3707 1201 3766 fecisset
1218 3707 1389 3766 Romanum

250 3809 376 3869 Suetoni
397 3810 540 3888 scriptum
562 3810 620 3869 boc
637 3810 732 3870 altero
748 3809 848 3870 indice
864 3809 1053 3886 significasse
1069 3810 1251 3889 putavorIm.
1284 3817 1389 3867 contra

250 3913 314 3972 iure
330 3912 498 3989 Regentius
514 3909 553 3970 de
566 3911 631 3972 vita
646 3919 678 3970 et
692 3913 812 3993 scriptis
828 3911 954 3972 Suetoni
968 3933 997 3990 p.
1010 3921 1045 3974 tl
1058 3910 1140 3972 (lolli
1152 3909 1248 3969 verba
1262 3909 1388 3990 praeit>

250 4013 290 4072 sd
307 4011 538 4073 describendum
552 4021 672 4091 pratum
688 4013 803 4074 adfert:
834 4034 900 4074 aram
919 4019 987 4087 quio
1010 4019 1123 4072 uanam
1149 4022 1176 4072 et
1194 4015 1347 4072 miscellam
1361 4019 1388 4068 ct

250 4121 336 4190 quasi
357 4115 564 4188 confusaneam
589 4113 748 4175 doctrinam
771 4121 1020 4192 conquisiuerunt,
1043 4135 1076 4175 eo
1103 4119 1197 4174 titulos
1218 4131 1329 4189 quoquc
1351 4117 1391 4170 od

317 4281 342 4346 *)
361 4283 466 4334 Eadem
485 4283 560 4333 tituli
579 4285 733 4335 festivitate
753 4285 864 4345 Cicero,
885 4301 964 4350 quom
986 4285 1110 4335 Marcum
1130 4299 1263 4334 essenon
1286 4285 1388 4331 certum

250 4373 328 4433 puto,
347 4369 371 4418 si
390 4367 457 4418 fides
476 4375 518 4419 est
536 4369 666 4421 Suetonio
685 4370 713 4419 iu
731 4371 790 4420 vita
808 4371 921 4421 Terenti
940 4387 966 4436 p.
985 4368 1044 4434 34‚l
1064 4384 1174 4420 carmen
1187 4369 1329 4419 Limonern
1348 4366 1386 4415 iu-

250 4452 370 4518 scripsit.
