3072 5064
264 375 327 449 ru
768 393 899 446 scires

265 563 396 612 cfflcvs
419 563 574 613 nnvcuvs
596 557 724 614 tumens
747 549 885 614 necdum
906 558 1013 614 tamen
1037 568 1153 628 canus,
1176 547 1303 638 dequo
1326 545 1407 614 Atta

263 653 298 716 iu
318 661 430 736 togata
449 655 496 716 sic
519 651 582 716 ait:

350 783 366 818 s
387 774 447 840 pro
468 754 587 838 populo
610 750 726 818 fluctus
745 774 862 818 caecos
885 753 1010 818 iaciunt
1029 775 1089 840 por
1111 752 1324 835 discordiam,

265 865 298 919 et
317 855 503 942 Augustus:
544 859 621 918 ‘nos
644 855 793 918 uenimus
816 851 985 938 Neapolim
1009 853 1110 918 fluctu
1131 854 1263 941 quidem
1284 863 1406 920 caeco’.

264 973 365 1020 ntuvs
389 954 549 1043 quidquid
570 977 656 1042 aqua
679 954 833 1018 adluitur.
882 971 1024 1018 rnvuuu
1056 958 1161 1020 omnis
1190 955 1320 1038 humor,
1349 958 1432 1043 quis

264 1058 318 1123 uel
341 1057 466 1122 modice
489 1055 571 1121 fluit.
615 1072 775 1119 ronanus
798 1055 917 1120 fluuius
939 1059 996 1142 qui
1018 1055 1132 1142 pluuia
1152 1060 1284 1140 crescit,
1313 1059 1407 1122 sicci·

263 1169 330 1224 tate
353 1159 503 1224 torrescit
524 1157 559 1221 id
581 1167 631 1222 est
652 1159 780 1225 arescit.
795 1156 913 1222 sude
934 1179 997 1243 quo
1019 1157 1201 1224 Pacuuius:

510 1258 659 1324 flammeo
678 1281 802 1346 uapore
822 1269 948 1322 torrens
970 1268 1075 1322 terrae
1099 1287 1125 1327 s.

265 1379 367 1428 osuin
391 1365 501 1428 exitus
524 1361 695 1426 fluminum
718 1363 751 1425 in
774 1381 874 1424 nrare.
920 1375 1026 1424 uvnnr
1054 1381 1211 1447 aquarum
1230 1361 1407 1449 proiectus,

264 1464 377 1553 quales
401 1465 531 1528 suntin
555 1465 683 1527 Aniene
700 1462 833 1526 flumine
857 1483 953 1548 quam
976 1463 1119 1525 maxime
1140 1463 1323 1548 praecipiti.
1417 1486 1443 1526 rr

153 1640 255 1714 158*
349 1647 540 1734 Philosophi
575 1649 749 1735 opinantur
778 1668 853 1712 aere
885 1646 986 1712 denso
1016 1661 1158 1710 nunaunt
1189 1648 1344 1712 sustineri
1374 1659 1408 1712 et

265 1841 322 1890 uia
349 1838 496 1899 erescit,
527 1837 696 1886 siccitate
725 1836 904 1898 torrescit,
935 1835 967 1884 id
997 1841 1049 1884 ast
1073 1835 1212 1885 arescit.
1255 1831 1406 1902 [proprie

265 1915 378 1957 autem
401 1913 539 1955 torrens
562 1903 848 1970 participialiter
871 1919 929 1969 pro
955 1916 1100 1952 exurens
1124 1905 1275 1969 ponitur,
1300 1911 1408 1954 otest

266 1975 353 2040 apud
383 1973 582 2024 Pacuuium:
618 1971 787 2022 Flanrmeo
820 1987 947 2036 uapore
984 1975 1120 2020 torrens
1155 1975 1269 2020 terrae
1301 1972 1407 2022 fetum

266 2039 470 2105 exusserit].'
497 2041 596 2090 Festus
615 2037 714 2104 paor:
735 2039 833 2089 ‘Tatios
851 2039 897 2088 atii
915 2038 1043 2086 dixerunt
1061 2053 1121 2087 esse
1140 2038 1244 2088 silanos
1263 2037 1312 2088 alii
1330 2039 1407 2090 riuos

266 2111 314 2160 alii
337 2109 515 2158 uelreurorrtcs
538 2108 723 2173 proiectionos
746 2107 890 2170 sanguinis
913 2107 1048 2155 arcuatim
1071 2105 1194 2168 fluentis,
1223 2106 1318 2170 quales
1342 2111 1407 2156 sunt

264 2178 360 2228 'l'iburi
383 2178 411 2226 in
430 2177 546 2226 Aniene.
582 2175 687 2224 Ennius
710 2175 739 2222 in
756 2175 856 2223 Aiace:
882 2174 951 2222 Aiax
974 2175 1056 2224 misso
1079 2174 1212 2238 sanguine
1232 2174 1324 2238 tepido
1343 2173 1407 2224 tulii

265 2246 394 2296 efflantes
412 2242 527 2294 uolant.'
565 2244 599 2292 ci.
620 2243 722 2292 Paulus
740 2242 818 2291 Festi
837 2257 861 2306 p.
882 2239 941 2290 353.

354 2309 427 2367 158*
445 2311 567 2362 Isidorus
586 2311 619 2360 de
638 2317 737 2359 natura
755 2325 843 2358 rerum
857 2309 944 2358 XLV:
964 2308 1014 2357 ‘Da
1032 2309 1168 2373 positione
1183 2313 1284 2358 terrae.
1309 2307 1405 2370 Quali·

264 2388 306 2432 ter
330 2388 404 2432 terra
432 2396 515 2446 super
538 2395 629 2429 aerem
650 2378 765 2427 fundata
783 2377 892 2426 libratis
916 2377 1044 2426 credatur
1062 2381 1135 2426 stare
1159 2377 1340 2441 ponderibus,
1364 2377 1406 2426 sic

264 2450 334 2500 dicit
351 2449 522 2501 Ambrosius:
541 2449 584 2496 Do
603 2452 694 2495 terrac
714 2451 805 2495 auteur
831 2445 966 2509 qualitate
990 2445 1047 2494 siue
1066 2445 1202 2508 positione
1221 2444 1344 2494 sufficiat
1362 2459 1405 2492 se·

264 2520 382 2568 cundum
409 2517 572 2582 scripturam
601 2513 649 2564 lob
678 2513 834 2562 sciendum:
866 2512 938 2572 Quia
964 2511 1106 2576 suspendit
1129 2518 1228 2562 terram
1252 2513 1280 2560 in
1309 2511 1405 2562 nihilo.

264 2584 464 2652 philosophi
483 2597 589 2647 quoquc
609 2581 735 2632 similiter
758 2581 999 2648 opinantur
1019 2579 1174 2636 alteram.
1210 2579 1406 2628 Verumtamen

263 2660 353 2703 utrum
372 2652 511 2702 densitate
535 2650 607 2699 aeris
631 2649 802 2698 sustineatur
824 2663 859 2696 nn
884 2661 966 2712 super
984 2662 1084 2712 aquam
1102 2647 1235 2712 pendeat,
1255 2647 1319 2712 quia
1337 2647 1406 2696 sori·

264 2721 350 2771 bitur:
375 2720 429 2782 Qui
448 2718 576 2767 fundauit
593 2723 696 2767 terram
714 2731 796 2780 super
814 2729 909 2779 aquas,
930 2714 974 2763 uel
993 2715 1125 2779 quomodo
1144 2730 1193 2764 aer
1210 2715 1299 2764 mollis
1317 2721 1347 2764 et
1364 2719 1405 2764 te·

263 2789 326 2837 nnis
345 2795 451 2838 tantam
470 2785 568 2835 molem
587 2785 674 2848 possit
692 2791 847 2834 sustentare
868 2789 1018 2844 terrenam,
1043 2789 1092 2832 aut
1115 2783 1138 2832 si
1157 2797 1239 2848 super
1258 2797 1344 2846 aquas
1362 2787 1407 2832 est

264 2983 356 3052 atque
371 2971 493 3030 molium
512 2969 668 3028 abstrusos
685 2970 768 3028 ainus
786 2973 892 3044 Lnnps.
908 2989 1011 3028 ornnes
1024 2967 1157 3028 latebras
1177 2969 1232 3030 sub
1246 2969 1310 3028 lata
1325 2969 1406 3029 mole

264 3061 421 3116 obstrusas
435 3057 464 3113 in
480 3056 547 3114 sinu
563 3054 618 3124 (cet
633 3052 754 3112 obrutas
767 3057 845 3130 sinu)
860 3059 1001 3114 Arrenius
1016 3071 1119 3112 omnes
1136 3052 1269 3114 latebras
1285 3052 1408 3113 obiecta

263 3142 342 3199 mole
355 3140 494 3198 obstruas
511 3140 593 3196 sinus
613 3141 735 3198 Rotlrias
749 3134 762 3221 Η
781 3152 789 3200 1
809 3138 939 3214 tumens]
959 3151 1060 3198 tamen
1075 3141 1097 3197 O
1114 3135 1127 3217 Η
1142 3141 1216 3198 Atta
1230 3142 1408 3197 Gronovius:

263 3229 339 3286 atita
355 3227 414 3282 AM
425 3235 495 3282 aota
512 3226 534 3282 0
551 3233 619 3282 cato
637 3225 685 3281 CB
699 3223 711 3299 Η
728 3235 848 3301 togatas
864 3226 923 3282 AM
943 3219 956 3304 Η
977 3235 993 3286 3
1007 3243 1061 3302 pro
1077 3244 1131 3282 om.
1155 3226 1191 3292 0,
1208 3225 1343 3281 Ribbeck.
1359 3223 1405 3281 illi

261 3313 291 3368 in
304 3315 375 3368 coni.
392 3312 497 3382 Lanos.
514 3305 527 3386 Η
542 3309 651 3386 polol)
667 3305 679 3390 Η
695 3310 801 3368 fluctos
816 3307 883 3367 ΟΜΙ
899 3305 912 3386 Η
929 3327 1018 3366 cecus
1034 3311 1082 3365 01)
1096 3303 1109 3390 Η
1125 3307 1278 3368 discordia
1289 3308 1348 3364 AM
1360 3303 1373 3389 Η
1388 3317 1405 3369 «l

262 3395 505 3472 agustusACDM
519 3388 531 3472 Η
547 3394 708 3471 iuquitnos
720 3396 792 3452 CDL
806 3394 849 3452 ait
860 3413 915 3451 nos
929 3396 950 3453 0
963 3395 1020 3451 ita:
1037 3393 1104 3452 ‘nos
1115 3397 1188 3452 coni.
1200 3395 1305 3467 Lonpr.
1321 3387 1335 3472 Η
1350 3413 1406 3470 nos

260 3501 316 3538 om.
330 3481 388 3538 AM
402 3475 414 3556 Η
429 3476 599 3554 necapolim
617 3479 664 3536 ΕΙ)
680 3474 692 3558 Η
708 3480 829 3537 fluctum
843 3480 904 3536 AM
922 3474 934 3556 Η
957 3495 1050 3536 caecu
1065 3473 1111 3536 M²
1129 3473 1142 3559 Η
1163 3490 1179 3539 5
1196 3477 1340 3556 quicquid
1355 3479 1406 3536 AO

263 3563 434 3644 quicquitC
453 3559 465 3642 Η
481 3560 604 3620 alluitur
621 3565 642 3621 0
660 3568 698 3620 nl.
714 3558 727 3644 Η
743 3565 888 3622 omnesll
910 3557 923 3643 Η
945 3563 1017 3641 qnia
1031 3565 1092 3620 AM
1109 3557 1157 3643 ΗῚ
1178 3561 1209 3621 id
1227 3570 1275 3619 est
1295 3563 1405 3621 crescit

263 3654 288 3706 A
312 3645 325 3730 Η
352 3645 498 3726 paoubins
521 3648 547 3704 A
568 3645 715 3706 bacubius
741 3649 775 3704 Μ
793 3649 939 3726 pacuuius
967 3648 1009 3704 ait
1038 3649 1110 3706 000
1131 3641 1144 3728 Η
1164 3648 1204 3718 cs.
1234 3647 1343 3706 Poeno.
1371 3653 1407 3705 13

262 3735 345 3792 uros.
363 3729 376 3815 Η
391 3731 533 3795 9hostiae
546 3733 569 3790 O
581 3726 595 3813 Η
610 3731 675 3791 tolli
691 3734 763 3792 CDO
780 3731 919 3791 attolles
935 3735 973 3790 at.
985 3730 1078 3791 tollae
1090 3734 1232 3790 Arevarus
1240 3730 1316 3790 tholi
1332 3737 1407 3790 corsi.

261 3823 335 3876 idem
345 3817 423 3875 tullii
434 3820 506 3874 corsi.
519 3819 624 3891 Lanos.
639 3815 652 3894 Η
669 3837 768 3896 aquae
782 3819 945 3895 quarumD
960 3816 973 3894 Η
987 3819 1139 3894 proiectos
1151 3811 1196 3873 M²
1212 3813 1225 3892 Η
1243 3817 1406 3878 inaniens

263 3906 436 3961 Gronovius:
452 3902 577 3959 oniense
594 3904 706 3960 ADLM
718 3903 932 3978 animensaess¹
945 3903 1083 3961 assianae
1099 3903 1121 3959 0
1137 3896 1150 3982 Η
1165 3919 1254 3981 quam
1271 3900 1406 3960 maxime

261 3987 422 4065 praecipiti
438 3988 574 4044 lividius.-
605 4007 695 4064 quarn
710 3986 839 4046 maxime
856 3987 1024 4064 praecipite
1041 3987 1097 4044 AM
1111 4003 1201 4064 quam
1219 4005 1253 4044 se
1270 3987 1406 4044 maxima

261 4072 438 4149 praecipitio
456 4072 479 4126 0
495 4089 585 4149 quam
603 4073 733 4129 maxima
748 4071 928 4150 praecipitia
947 4073 995 4128 (Ἰ)
1010 4091 1070 4148 qua
1086 4071 1264 4128 semanimo
1285 4071 1406 4148 praeci·

261 4156 337 4234 pilio
345 4157 373 4212 in
385 4173 488 4230 agrum
499 4153 691 4213 Tiburtinum
699 4155 830 4214 demittit
841 4159 914 4213 corii.
924 4157 1066 4213 Mtttlerus
1077 4153 1218 4234 qnoniam
1230 4173 1264 4213 se
1272 4155 1405 4214 maxime

260 4241 444 4316 praecipitat
456 4243 527 4296 coni.
539 4241 644 4312 Lnnpa.
662 4233 674 4320 Η
693 4251 718 4299 tl
735 4241 947 4318 oppinanturA
962 4235 976 4321 Η
991 4239 1227 4298 sustinereABD
1238 4239 1406 4298 sustentari

263 4325 286 4382 0
297 4317 310 4403 Η
327 4323 353 4382 ds
368 4325 409 4382 eo
427 4325 456 4381 iu
473 4322 612 4381 mundum
630 4325 778 4401 spungiae
791 4323 861 4404 adq:
875 4327 900 4382 A
915 4329 972 4382 nisi
979 4329 1056 4398 qnod
1070 4343 1120 4382 mn
1131 4321 1223 4382 adum
1235 4319 1274 4382 Α2
1287 4331 1318 4396 et
1335 4341 1405 4384 csse

259 4407 291 4464 in
303 4407 424 4466 modum
437 4406 583 4488 spongiae
598 4415 690 4488 atque
704 4411 752 4468 CI)
766 4407 888 4489 &quasi
903 4409 1066 4498 spongiam·
1075 4411 1133 4468 BE
