3064 5064
538 415 581 458 os
603 413 808 458 casroamvs
1198 389 1239 456 83

119 563 377 653 triumphauerat‚
400 563 534 628 LXXX
555 563 672 628 aetatis
693 583 771 626 suae
794 529 880 625 auno
902 561 936 624 in
956 559 1036 624 uilla
1056 527 1243 624 Tusculana

120 670 242 732 moritur
265 672 297 744 (†
313 692 339 730 o.
362 675 440 746 757).

649 789 695 849 VI

192 901 348 952 ussssus
369 901 539 951 cosvruvs
563 895 670 951 orator
690 886 835 950 nascitur
857 887 888 960 (1
901 907 927 945 a.
945 893 1005 946 195
1024 897 1074 948 aut
1088 891 1167 964 696).
1256 867 1339 959 6111Ι

192 987 334 1053 Messala
360 987 521 1052 Coruinus
548 987 671 1073 primus
699 985 882 1074 praefectus
910 984 999 1050 urbis
1021 983 1128 1048 factus
1148 991 1240 1048 sexto
1256 971 1332 1046 61*

101 1073 165 1157 silis
184 1091 375 1178 magistratu
397 1112 432 1154 se
455 1088 636 1171 abdicauit,
666 1087 832 1153 inciuilem
854 1095 1046 1174 potestatem
1070 1107 1141 1150 esse
1169 1106 1242 1150 coo-

121 1202 231 1258 tauns
255 1199 294 1268 (o.
317 1201 394 1272 725).

194 1295 336 1360 Messala
359 1293 518 1360 Coruinus
540 1301 648 1357 orator
667 1301 742 1356 ante
762 1290 928 1356 biennium
949 1311 1045 1378 quam
1065 1298 1244 1354 moreretur
1257 1281 1333 1358 62*

119 1399 159 1462 ita
181 1397 368 1462 memoriam
390 1415 429 1459 ac
451 1417 582 1459 sensum
601 1395 709 1458 antisit
727 1401 765 1457 ut
785 1394 843 1456 uix
871 1413 975 1480 pauca
996 1390 1098 1456 uerba
1117 1393 1247 1456 coniun-

119 1509 202 1583 geret
224 1503 256 1575 (t
273 1524 301 1560 a.
332 1507 418 1577 7o'dlz
463 1505 495 1560 et
528 1496 569 1560 ad
597 1505 776 1560 extremum
797 1493 906 1558 ulcere
928 1493 990 1558 sibi
1015 1494 1103 1557 eirca
1124 1514 1248 1558 sacram
1337 1533 1340 1542 ·

95 1601 239 1686 aspicem
261 1608 337 1664 nato
358 1597 469 1663 inedia
491 1619 525 1662 se
547 1597 689 1662 confecit
711 1617 795 1660 anno
817 1597 931 1660 aetatis
953 1593 1097 1659 LXXII.

121 1787 227 1822 assensu
254 1772 399 1824 recitauit:
430 1769 578 1820 Deflendus
605 1769 703 1820 Cicero
734 1775 775 1818 cst
803 1771 958 1834 Latiacque
987 1769 1100 1820 silentia
1128 1769 1249 1834 linguae.

121 1841 200 1891 Pollio
217 1841 332 1890 Asinius
350 1855 404 1890 uon
423 1855 510 1904 aequo
529 1841 620 1889 auimo
637 1838 702 1888 tulit
720 1844 748 1887 ct
766 1838 819 1888 ait:
842 1837 964 1888 Messala
982 1843 1011 1888 tu
1029 1837 1094 1902 quid
1111 1837 1163 1886 tibi
1181 1837 1251 1886 libo-

121 1925 172 1960 rum
188 1911 226 1958 sit
244 1909 273 1958 in
292 1909 371 1958 domo
389 1913 437 1957 tua
456 1907 574 1956 uideris:
599 1923 649 1972 ego
668 1907 750 1956 istum
768 1906 910 1956 auditurus
929 1921 982 1956 non
1000 1921 1072 1968 sum,
1097 1905 1143 1956 cui
1160 1909 1250 1954 mutus

106 1977 221 2038 'uideor;
241 1983 325 2040 atque
338 1977 379 2026 ita
391 1973 580 2026 consurrexit'
595 2003 626 2010 —·
638 1975 754 2024 Tacitus
767 1973 832 2024 dial.
847 1973 891 2022 17:
912 1973 1032 2024 ‘Asinius
1044 1989 1133 2039 paene
1153 1973 1187 2022 ad
1206 1988 1251 2022 ex-

122 2043 242 2094 tremum’
261 2045 388 2110 (Augusti
406 2044 589 2108 principatum
607 2041 736 2103 durauit).
772 2041 899 2092 Valerios
917 2043 1053 2092 Maximus
1070 2041 1137 2090 Vlll
1163 2039 1203 2102 13,
1221 2041 1250 2088 d:

122 2113 236 2162 ‘Asinius
250 2113 336 2162 etism
348 2111 437 2162 Pollio
450 2126 503 2161 non
516 2112 628 2160 minima
640 2126 705 2175 pars
717 2109 834 2160 Romani
847 2110 904 2159 stili
918 2145 1029 2160 ......
1043 2115 1071 2159 ot
1084 2109 1142 2174 ipsc
1155 2123 1250 2158 neruo·

122 2197 164 2230 sao
179 2181 313 2231 uiuacitis
330 2179 403 2229 haud
420 2193 534 2243 paruum
554 2179 706 2244 exemplum
714 2175 730 2228 ’.
750 2178 791 2228 De
809 2178 883 2228 falsa
899 2178 1029 2243 temporis
1047 2177 1252 2242 significatione

123 2249 153 2298 sl.
170 2248 314 2299 adnotatio
333 2247 368 2298 ad
386 2247 495 2312 Fragm.
514 2242 579 2296 622:

197 2313 249 2372 60*
261 2317 444 2379 Hieronymus
457 2315 499 2364 Ol.
516 2313 577 2376 180,
589 2315 617 2364 2:
635 2314 767 2364 ‘Messala
780 2314 913 2364 Coruinus
926 2319 1018 2364 orator
1030 2314 1152 2364 nascitur
1165 2319 1192 2361 ct
1205 2311 1251 2360 Ti·

123 2390 160 2434 tus
173 2385 267 2434 Liuius
285 2383 437 2434 Patauinus
453 2383 570 2434 scribtor
591 2381 754 2432 historicus.'
780 2381 887 2432 Seneca
904 2388 1024 2432 controv.
1046 2381 1075 2430 11
1093 2397 1117 2445 p.
1137 2380 1199 2440 152,
1221 2377 1252 2428 to

123 2467 187 2517 sqq.:
212 2453 276 2501 ‘fuit
294 2457 384 2502 autem
406 2452 528 2502 Messala
551 2450 718 2500 exactissimi
735 2451 841 2516 ingenii
860 2451 887 2500 iu
905 2451 979 2500 omui
997 2449 1146 2500 studiorum
1163 2453 1250 2511 parte,

124 2519 209 2572 Latini
226 2521 322 2584 utique
341 2519 473 2568 sermonis
490 2519 650 2569 obseruator
667 2519 905 2583 diligentissimum
929 2519 1022 2582 itaque
1047 2533 1106 2568 cum
1131 2515 1253 2565 audisset

124 2587 264 2638 Latronem
282 2587 483 2638 declamantem
501 2587 582 2637 dixit:
602 2587 657 2636 Sua
670 2586 764 2651 lingua
777 2587 894 2636 disertus
913 2584 963 2636 est'
983 2601 1007 2634 c.
1026 2601 1052 2650 q.
1065 2601 1086 2634 s.
1107 2585 1142 2634 cf.
1161 2581 1253 2632 Schol.

125 2655 195 2721 Cruq.
210 2656 277 2706 Hor.
291 2661 343 2704 sat.
362 2655 376 2704 1
395 2653 434 2717 10,
453 2653 498 2704 ⁸28:
513 2691 519 2704 .
533 2691 540 2705 .
555 2692 561 2704 .
577 2691 582 2704 .
599 2655 759 2704 ‘Messalam
773 2654 931 2715 Coruinum,
946 2653 993 2718 qui
1006 2669 1023 2702 a
1034 2653 1149 2702 Graecis
1161 2651 1253 2700 uerbis

126 2725 161 2772 its
175 2724 388 2786 abhorruerunt,
406 2729 436 2772 ut
452 2722 572 2772 Messala
590 2713 778 2788 σχοινοβᾶτην
795 2723 881 2772 latine
900 2720 1086 2772 funambulum
1105 2719 1255 2770 reddiderit

125 2807 155 2840 ex
165 2791 295 2842 Terentio
308 2793 337 2840 in
350 2791 474 2853 Hecyra,
488 2791 535 2840 ubi
548 2792 601 2840 ait:
615 2791 779 2842 Funambuli
792 2790 887 2840 eodum
900 2791 1019 2840 accessit
1031 2785 1207 2853 expectatio!
1221 2813 1253 2820 —

126 2857 316 2977 dDieLMpossalas
336 2859 448 2922 ingenio
466 2859 583 2908 iudicia:
603 2859 792 2920 Quintilianus
809 2859 833 2908 X
853 2857 880 2920 1,
901 2857 948 2909 113
967 2857 1034 2920 (1111
1054 2855 1076 2917 1,
1094 2855 1121 2919 11)
1139 2856 1254 2906 Tacitus

151 2943 167 2976 s
236 2965 243 2977 .

186 2991 239 3048 61*
250 2997 435 3058 Hieronymus
448 2995 490 3045 Ol.
506 2993 561 3057 iss,
580 2995 604 3045 3.
630 2995 745 3045 'l‘acitus
758 3010 820 3044 ann.
839 2995 877 3044 VI
892 2993 935 3042 ll:
955 2993 1122 3058 ‘primusque
1135 2992 1256 3042 Messala

127 3061 253 3114 Coruinus
271 3079 331 3114 eam
350 3067 516 3127 potestatem
535 3068 562 3112 et
579 3078 682 3128 paucos
700 3064 773 3116 iutra
796 3063 855 3111 dies
876 3063 955 3112 finem
975 3062 1084 3128 accepit
1107 3062 1185 3126 quasi
1208 3075 1254 3110 ne-

126 3131 193 3182 scius
210 3129 377 3182 exercendi)
403 3129 510 3180 Seneca
526 3130 580 3180 lud.
600 3131 633 3180 de
651 3137 737 3181 morto
756 3131 864 3180 Claudii
883 3131 907 3178 X
925 3130 954 3178 2:
979 3129 1201 3195 ‘confugiendum
1215 3133 1257 3178 est

127 3199 212 3264 itaque
232 3198 267 3248 sd
280 3198 417 3248 Messalae
428 3199 544 3258 Coruini
561 3197 733 3250 disertissimi
745 3200 799 3248 uiri
811 3197 887 3248 illam
899 3199 1066 3248 seutentiam
1078 3215 1084 3246 :
1107 3196 1257 3247 Pertaedet

127 3268 168 3319 lou
183 3268 279 3317 emend.
301 3267 365 3316 duit.
390 3267 496 3330 Welslii)
515 3265 646 3330 imperii.'

203 3333 258 3388 62*
275 3335 459 3398 Hieronymus
472 3333 514 3383 Ol.
530 3334 586 3397 tos,
600 3335 624 3384 3.
649 3334 756 3386 Plinius
768 3335 800 3384 N.
815 3335 848 3383 H.
864 3334 914 3384 VII
926 3333 974 3384 11οῑ
994 3333 1045 3384 ‘sui
1062 3349 1127 3384 uero
1140 3333 1257 3382 nominis

128 3401 241 3452 Messala
256 3401 391 3474 Coruinus
409 3405 508 3452 orator'
528 3403 705 3464 (obliuionem
718 3403 811 3468 cepit).
836 3403 951 3452 Tacitus
963 3401 1028 3451 dial.
1051 3399 1093 3450 17:
1113 3401 1256 3450 ‘Coruinus

128 3470 151 3518 iu
164 3471 280 3520 modium
299 3485 384 3534 usque
397 3471 512 3536 Augusti
524 3471 709 3536 principatum
727 3468 856 3520 durauit’
892 3471 924 3518 In
936 3469 1125 3519 notationibus
1138 3469 1172 3518 de
1185 3468 1256 3518 Mes·

128 3539 198 3588 salae
211 3555 284 3589 anno
298 3537 387 3588 natali
401 3545 429 3588 ot
441 3538 523 3588 fatali
534 3538 743 3603 prochronismi,
757 3539 785 3588 id
796 3538 867 3603 quod
880 3538 909 3588 C.
923 3537 954 3587 F.
968 3537 1142 3586 Hermaunus
1154 3535 1171 3586 l.
1186 3553 1210 3586 o.
1224 3535 1256 3584 dc

129 3621 193 3657 suno
206 3607 295 3656 natali
309 3607 349 3656 ita
361 3605 539 3671 sagacissime
554 3606 674 3672 explicat
687 3613 717 3656 ut
729 3609 911 3670 Hleronymus
924 3606 952 3654 iu
964 3621 996 3654 eo
1009 3605 1199 3655 constituendo
1209 3619 1257 3667 pro

128 3673 154 3724 C.
164 3674 312 3740 Calpurnio
324 3675 357 3723 L.
364 3673 394 3722 F.
408 3675 508 3724 Pisone
521 3690 576 3725 cos.
591 3691 615 3724 a.
628 3673 677 3724 687
691 3676 722 3724 L.
737 3675 913 3740 Calpurnium
925 3674 957 3722 L.
971 3673 1002 3722 1⁴¹.
1015 3673 1144 3723 Pisonem
1157 3673 1257 3722 Caeso-

129 3745 214 3792 uiuum
232 3759 290 3792 cos.
311 3757 336 3792 a.
355 3739 413 3792 6911.
434 3743 575 3807 arriperet.
600 3743 720 3793 sednon
738 3743 808 3794 vidit
826 3744 866 3792 ita
886 3743 970 3792 etiam
989 3741 1055 3791 anni
1072 3741 1167 3790 fatalis
1180 3745 1257 3790 nota·

128 3812 224 3861 tionem
248 3809 389 3860 emendari
414 3816 442 3858 et
465 3812 628 3876 conproburi
650 3810 799 3875 Scaligeri‚
825 3825 906 3876 quarn
925 3809 994 3860 adeo
1017 3810 1138 3859 refutare
1157 3807 1257 3867 studet,

129 3881 325 3940 coniecturam,
347 3877 503 3928 confudisse
522 3877 718 3942 Hieronymum
735 3878 872 3929 Messalae
887 3885 914 3928 et
931 3877 1064 3927 Pollionis
1083 3891 1168 3926 annos
1187 3875 1272 3924 fatta-¹

129 3945 179 4008 les,
196 3948 241 3997 rel
259 3948 352 4012 potius
371 3961 470 3996 anuum
483 3946 570 3996 morbi
584 3947 696 3997 Coruini
715 3962 776 3998 cum
789 3949 882 3997 mortis
902 3960 973 3996 anno
986 3944 1128 3995 Pollionis.
1158 3957 1222 3993 narn
1235 3942 1259 3992 si

130 4015 246 4066 Messala
258 4031 284 4064 a.
303 4013 353 4064 oss
372 4023 453 4064 natus
473 4019 514 4063 est
533 4021 560 4064 et
579 4029 650 4064 anno
670 4015 772 4078 aetatis
789 4015 831 4064 71.
851 4015 934 4076 obiit,
954 4017 1075 4062 mortuus
1094 4016 1137 4061 est
1155 4027 1179 4060 a.
1199 4009 1258 4072 7511,

129 4081 235 4134 biennio
253 4089 319 4132 aute
332 4081 380 4132 757
393 4083 549 4133 memoriam
563 4083 669 4148 amisit,
688 4101 721 4134 eo
733 4084 842 4134 scilieet
856 4097 927 4132 anno
939 4097 991 4146 quo
1004 4080 1156 4130 Pollionem
1169 4079 1260 4128 obisse

131 4151 307 4216 Hieronymus
331 4149 437 4200 scribit.
478 4150 567 4201 Pollio
592 4159 698 4214 autem,
724 4153 780 4218 ‘qui
802 4167 890 4216 paene
915 4149 949 4198 ad
978 4155 1125 4198 extromum
1144 4147 1261 4212 Augusti

130 4221 309 4286 principatum
322 4216 458 4282 durauit',
471 4219 585 4271 moritur
603 4238 627 4270 a.
648 4220 705 4270 7114.
736 4220 806 4284 quod
819 4235 883 4268 vero
896 4217 1022 4266 Statilius
1038 4216 1143 4265 Taurus
1156 4216 1260 4264 Messa-

131 4285 170 4338 lae
183 4289 296 4340 Corvini
313 4303 456 4338 successor
468 4287 515 4350 toi.
529 4291 643 4340 Tacitus
656 4305 720 4339 aun.
733 4289 770 4338 VI
791 4286 831 4350 11)
845 4285 992 4336 seeundum
1006 4285 1130 4334 Cassium
1144 4285 1261 4333 Diouem

148 4385 324 4394 --—.-—-—.

213 4447 439 4527 {triumpharat
456 4447 556 4521 (Scol.)
572 4440 586 4528 11
602 4455 619 4508 3
634 4442 768 4504 Messala
785 4445 838 4500 BP
851 4443 926 4500 8οαὶ.

1013 4537 1058 4602 6*
