3162 5078
224 359 264 424 60
515 351 523 360 ’
603 379 644 420 nn
668 379 754 421 visis
777 377 989 421 runvsrarnvs

224 526 366 592 instituit
385 535 481 614 prout
501 525 618 591 liberet
640 523 782 612 quidque
806 533 838 589 et
864 522 947 588 nihil
968 526 1001 588 in
1023 499 1169 591 ordinem
1193 502 1363 613 arripiens.

224 639 260 693 ut
288 651 329 693 ne
363 629 439 714 quid
469 629 624 713 impeturn
652 635 832 690 moraretur
864 627 1023 713 quaedam
1052 625 1233 714 inperfecta
1260 619 1382 690 trans·¹

224 732 313 796 misit
346 731 412 794 alia
439 728 612 793 leuissimis
640 726 750 790 uerbis
782 726 886 791 ueluti
920 727 1028 810 fulsit,
1063 749 1147 814 quae
1174 749 1232 814 per
1257 729 1363 792 iocum

225 932 348 998 solidae
388 929 556 996 columnae
596 929 800 995 aduenirent.
850 929 999 995 bucolica
1036 931 1176 996 triennio
1209 932 1385 1016 georgicas

226 1034 290 1097 Vll
315 1032 463 1098 Aeneida
492 1031 543 1096 XI
571 1033 709 1118 perfecit
737 1033 840 1096 anuis.
882 1022 1032 1097 bucolica
1058 1054 1096 1096 eo
1122 1053 1275 1100 successu
1297 1031 1363 1096 edi·

226 1135 289 1217 dit,
317 1145 354 1200 ut
376 1136 408 1199 in
433 1155 531 1198 scena
553 1155 680 1220 quoque
712 1155 770 1220 per
796 1141 944 1198 cantores
972 1133 1087 1198 erebro
1115 1134 1363 1222 pronuntiaren-

225 1275 335 1324 solitum
354 1275 460 1336 ferunt,
488 1289 585 1338 parere
605 1289 634 1322 se
652 1287 747 1322 uersus
766 1289 839 1322 more
864 1278 946 1337 atque
964 1273 1018 1322 ritu
1036 1273 1138 1324 ursino.
1175 1289 1238 1322 narn
1261 1276 1292 1320 ut
1315 1269 1363 1320 illa

227 1343 318 1392 bestia
345 1341 431 1391 fetum
460 1341 553 1390 ederet
580 1339 763 1406 ineffigiatum
794 1341 1005 1405 informemque,
1033 1341 1178 1392 lambendo
1207 1341 1235 1390 id
1266 1347 1365 1404 postea

227 1409 298 1474 quod
317 1409 357 1458 ito
381 1408 513 1458 edidisset
531 1409 716 1458 conformaret
734 1413 762 1456 et
780 1407 909 1474 tingeret,
939 1409 1053 1473 proinde
1072 1409 1178 1473 ingenii
1197 1423 1303 1472 quoque
1321 1407 1364 1456 sui

226 1483 322 1542 partus
340 1479 465 1526 recentes
483 1475 543 1524 rudi
566 1490 627 1525 esse
651 1476 725 1524 facie
750 1482 778 1525 et
795 1477 964 1540 inperfecta,
992 1475 1040 1526 sed
1064 1477 1195 1556 deinceps
1218 1473 1364 1525 tractando

226 1545 395 1608 colendoque
414 1543 527 1592 reddere
546 1543 581 1592 iis
599 1559 628 1593 se
651 1545 713 1593 oris*
725 1548 753 1592 et
770 1543 862 1593 uultus
880 1544 1066 1593 liniamenta.’
1086 1543 1272 1605 Quintilianus
1290 1543 1315 1592 X
1333 1541 1363 1602 3,

226 1611 254 1660 8:
296 1609 459 1676 ‘Vergilium
483 1625 588 1676 quoque
610 1611 791 1677 paucissimos
813 1611 857 1660 die
887 1613 1072 1676 composuisse
1091 1627 1186 1661 uorsus
1204 1617 1301 1661 auctor
1322 1615 1365 1659 est

226 1677 345 1728 Varius’
377 1679 412 1731 cf.
431 1678 554 1741 Hierony
633 1695 727 1727 comm.
753 1680 781 1727 in
799 1678 962 1728 Zachariam
981 1679 1020 1728 ΙΙΙ
1045 1677 1074 1728 ll
1094 1685 1158 1728 tom.
1179 1679 1214 1727 VI
1232 1693 1297 1744 pag.
1314 1675 1363 1726 881

227 1747 296 1796 Vall.
317 1763 412 1796 eornm.
432 1747 459 1794 in
479 1762 521 1810 ep.
542 1694 711 1862 revelatos
729 1747 770 1796 ΙΙΙ
788 1746 804 1796 5
822 1751 886 1796 tour.
907 1747 959 1795 VII
977 1763 1040 1812 pag.
1060 1744 1110 1796 485
1128 1745 1200 1796 Vall.

310 1812 384 1878 ttsq.
421 1813 532 1862 Servius
555 1829 607 1864 ec.
631 1814 669 1863 VI
694 1813 737 1862 ll:
775 1814 897 1863 ‘Dicitur
926 1821 1018 1863 autem
1046 1813 1150 1878 (ecloga
1176 1813 1232 1875 Vl)
1257 1813 1364 1878 ingenti

225 1883 323 1932 fauore
343 1896 359 1931 a
378 1881 494 1945 Virgilio
513 1895 573 1931 csse
592 1883 724 1940 recitata3
744 1881 814 1931 adeo
832 1887 871 1942 ut,
890 1897 950 1931 cnm
970 1898 1030 1931 eam
1048 1887 1146 1948 posteo
1164 1879 1291 1944 Cytheris
1310 1896 1364 1930 me·
1421 1876 1426 1884 ’

234 1973 420 1984 ...-.——-

313 2029 324 2080 1
348 2019 478 2077 instituit
503 2027 536 2076 ut
558 2017 681 2098 quidam
708 2018 840 2078 tradunt.
882 2019 935 2078 alii
961 2019 1025 2078 eius
1051 2018 1222 2078 sententiae
1244 2025 1314 2076 sunt
1332 2025 1365 2076 ut

228 2105 416 2174 existiment,
430 2123 497 2161 eum
513 2105 538 2162 si
557 2102 668 2162 diutius
684 2102 812 2176 uixisset
836 2115 965 2184 quatuor
985 2113 1016 2163 et
1031 2104 1138 2180 uiginti
1159 2101 1252 2161 libros
1268 2121 1364 2180 usque

227 2187 266 2247 ad
277 2187 408 2265 Augusti
422 2197 559 2266 tempora
574 2189 752 2267 scripturum
766 2197 855 2268 atquc
872 2189 933 2248 alia
948 2187 1097 2270 quaedam
1114 2187 1210 2266 (immo
1228 2183 1363 2267 quidem)

226 2292 455 2353 percursurum,
497 2273 626 2350 Augusti
657 2291 731 2342 uero
756 2283 844 2350 gesta
873 2273 1103 2352 diligentissime
1135 2279 1363 2332 exsecuturum:

226 2359 340 2438 quippe
362 2359 413 2436 qui
437 2357 506 2416 dum
524 2357 670 2417 scriberet
689 2377 727 2416 ne
750 2357 821 2438 quid
839 2354 882 2432 ςΗ
898 2360 1051 2437 accipiens
1068 2361 1094 2415 R
1115 2353 1130 2440 ll
1149 2367 1166 2418 2
1185 2356 1366 2524 imperfecta

229 2447 274 2511 Βς
286 2443 299 2520 [l
315 2439 495 2520 transmisit]
519 2443 641 2522 reliquit
657 2438 701 2522 ςΙΙ
716 2453 733 2505 3
747 2440 863 2520 uerbis]
887 2442 1024 2502 uersibus
1045 2438 1087 2524 §ll
1103 2462 1178 2522 quos
1196 2463 1213 2510 ς
1265 2440 1365 2502 4ιὶὒὶ-

227 2527 344 2586 cinibus
361 2532 480 2600 scripsi:
498 2525 652 2586 tibialibus
669 2529 722 2586 BR
737 2528 842 2604 tigillis
856 2528 906 2585 uel
924 2527 1097 2586 tibicinibus
1111 2549 1128 2596 ς
1140 2524 1153 2606 ll
1170 2547 1232 2585 ase
1245 2523 1366 2584 dicebat

228 2634 245 2681 ς
259 2607 271 2693 ll
286 2625 302 2676 5
317 2611 456 2670 bucolica
473 2612 602 2670 triennio
618 2612 716 2670 Asinii
727 2613 876 2670 Pollionis
897 2633 987 2672 suasu
1002 2614 1141 2692 perfecit.
1163 2612 1213 2670 hic
1225 2620 1364 2688 transpa-

148 2725 155 2732 ·
227 2697 337 2756 denam
349 2697 535 2774 prouinciam
550 2695 691 2772 regebot3
709 2699 792 2754 cuius
804 2698 909 2756 sarsore
922 2718 988 2755 cum
1003 2697 1157 2756 ueteranis
1167 2696 1296 2774 Augusti
1312 2697 1364 2754 mi·

226 2779 329 2840 litibus
342 2779 590 2839 Cremonensium
610 2789 640 2838 et
659 2781 892 2847 Mantuanorum
915 2783 981 2857 agri
1003 2781 1267 2854 distribuerentur,
1295 2799 1365 2838 suos

227 2865 372 2941 Virgilius
399 2885 458 2922 uon
479 2865 587 2923 amisit.
623 2865 706 2924 facta
732 2867 811 2924 enim
833 2859 1045 2925 distributione
1067 2887 1136 2924 suos
1161 2865 1289 2924 Claudio
1311 2883 1366 2922 seu

227 2950 300 3008 Ario
317 2949 403 3008 datos
420 2951 623 3027 recuperauit.
652 2949 732 3010 huno
756 2950 923 3010 Pollionem
945 2952 1074 3010 maximo
1097 2952 1210 3009 aurauit
1234 2951 1367 3009 Marcet

227 3035 355 3092 dilectus
369 3033 406 3092 ab
424 3053 459 3093 eo
471 3054 581 3111 magua
592 3053 716 3093 murrcra
730 3036 814 3094 tulit:
832 3035 943 3114 quippe
959 3032 1011 3115 qui
1028 3037 1172 3094 inuitatus
1186 3034 1224 3093 ad
1240 3055 1365 3094 coenam

227 3127 333 3198 eaptus
355 3115 578 3197 pulchritudine
598 3127 628 3177 et
650 3119 806 3196 diligentia
831 3119 996 3180 Alexandri
1018 3119 1165 3180 Pollionis
1188 3120 1274 3198 pueri
1299 3139 1366 3178 eum

227 3204 305 3262 done
319 3203 448 3282 accepit.
469 3203 555 3261 huius
572 3203 719 3263 Pollionis
738 3204 831 3263 filium
850 3203 883 3264 O.
896 3206 1034 3264 Asinium
1044 3204 1087 3280 (ct
1103 3209 1182 3263 addit
1200 3203 1366 3274 Fabricius)
1424 3269 1433 3290 ι

228 3289 401 3358 Cornelium
418 3289 539 3346 Gallum
555 3297 704 3347 oratorem
717 3289 830 3348 clarum
843 3299 874 3348 et
885 3299 1005 3367 poetam
1021 3309 1081 3348 non
1098 3288 1280 3348 mediocrem
1292 3288 1366 3347 miro

227 3393 329 3432 amore
342 3371 448 3432 dilexit
464 3374 618 3450 Virgilius.
647 3375 672 3432 is
693 3375 845 3432 transtulit
862 3374 1087 3453 Euphorionem
1106 3376 1137 3433 in
1148 3373 1273 3432 latinum
1287 3382 1317 3432 et
1332 3372 1366 3431 li·

226 3457 287 3517 bris
310 3467 438 3537 quatuor
456 3477 573 3516 amores
593 3458 630 3518 de
647 3458 813 3536 Cytheride
833 3459 962 3536 scripsit.
994 3459 1043 3517 hic
1064 3459 1160 3538 primo
1182 3460 1212 3517 in
1234 3457 1368 3517 amicitia

227 3543 369 3603 Caesaris
386 3543 514 3620 Augusti
539 3544 609 3602 fuit:
637 3557 743 3622 postea
761 3544 791 3601 in
809 3543 1012 3622 suspicionem
1032 3544 1245 3602 coniurationis
1262 3551 1367 3602 contra

226 3627 310 3686 illurn
329 3627 436 3687 ductus
457 3629 575 3688 occisus
593 3639 770 3688 est.'uerum
786 3648 882 3708 usque
899 3629 976 3687 adeo
992 3629 1072 3686 hunc
1089 3628 1210 3690 Gallum
1222 3629 1367 3706 Virgilius
1411 3643 1415 3648 '

227 3719 343 3772 amarat
357 3721 390 3772 ut
405 3723 530 3794 quartus
542 3715 751 3792 georgicorum
767 3713 895 3773 emedio
908 3733 1004 3794 usque
1016 3711 1054 3772 ad
1066 3713 1155 3771 finem
1169 3715 1233 3772 eius
1245 3699 1368 3772 landem

227 3799 411 3858 contineret:
429 3819 518 3877 quern
533 3807 639 3878 postea
654 3797 777 3857 iubente
790 3797 929 3875 Augusto
946 3800 975 3856 in
992 3799 1127 3856 Aristaei
1144 3797 1276 3856 fabulam
1288 3819 1367 3857 com-

226 3883 362 3944 mutauit.
373 3885 516 3962 georgica
527 3885 685 3962 septennio
698 3882 844 3961 Neapoli,
861 3882 1002 3941 Aeneida
1014 3883 1122 3962 partim
1134 3883 1164 3941 in
1180 3881 1286 3940 Sicilia
1299 3901 1368 3960 par·

226 3968 279 4025 tim
296 3968 326 4025 in
337 3967 503 4048 Campania
514 3969 563 4028 XI
575 3970 662 4028 aunis
674 3968 807 4027 confecit
823 3989 840 4037 ς
853 3963 866 4048 Η
881 3975 895 4029 7
910 3987 1034 4026 scenam
1048 3971 1073 4023 B
1086 3961 1100 4048 ll
1117 3966 1223 4025 crebra
1236 3986 1366 4046 pronun·

226 4052 352 4110 fictione
375 4054 584 4112 recitarentur.
614 4063 644 4113 at
666 4073 733 4112 cum
756 4053 864 4112 Cicero
886 4051 1032 4132 quosdam
1055 4071 1161 4110 uersus
1178 4049 1314 4110 audisset
1338 4063 1368 4108 et

227 4137 330 4194 statim
344 4139 407 4196 acri
429 4138 541 4196 iudicio
555 4138 756 4197 intellexisset
768 4159 828 4197 non
844 4138 993 4196 communi
1008 4157 1087 4196 uena
1100 4136 1197 4195 editos
1208 4176 1216 4210 ‚
1229 4137 1316 4194 iussit
1330 4127 1371 4194 eh'

227 4221 311 4279 initio
330 4230 422 4280 totam
442 4223 579 4299 eclogam
595 4223 726 4282 recitari.
756 4244 847 4303 quarn
869 4243 936 4282 cum
954 4231 1096 4282 accurate
1113 4231 1321 4300 pernotasset,
1338 4223 1367 4280 in

227 4305 286 4364 fine
306 4306 362 4364 ait:
391 4310 537 4384 ‘magnae
555 4328 624 4386 spes
641 4308 738 4366 altera
757 4309 908 4378 Romae',
925 4310 1012 4387 quasi
1030 4308 1094 4384 ipse
1110 4307 1232 4382 liuguae
1254 4305 1367 4366 latinae

175 4431 181 4438 -
227 4410 297 4472 spes
314 4391 411 4469 prima
430 4393 552 4465 fuisset,
576 4401 606 4450 et
629 4393 714 4452 lfaro
734 4393 852 4453 futurus
877 4403 959 4452 esset
983 4391 1132 4452 secunda:
1170 4410 1248 4470 quae
1275 4391 1369 4452 uerba
