<?xml version="1.0" encoding="UTF-8"?>
<!DOCTYPE html PUBLIC "-//W3C//DTD XHTML 1.0 Transitional//EN"
    "http://www.w3.org/TR/xhtml1/DTD/xhtml1-transitional.dtd">
<html xmlns="http://www.w3.org/1999/xhtml" xml:lang="en" lang="en">
 <head>
  <title>
</title>
<meta http-equiv="Content-Type" content="text/html;charset=utf-8" />
  <meta name='ocr-system' content='tesseract 3.04.00' />
  <meta name='ocr-capabilities' content='ocr_page ocr_carea ocr_par ocr_line ocrx_word'/>
</head>
<body>
  <div class='ocr_page' id='page_1' title='image "./csvetonitranqvi01ritsgoog_0215.png"; bbox 0 0 3072 5064; ppageno 0'>
   <div class='ocr_carea' id='block_1_1' title="bbox 167 357 1189 430">
    <p class='ocr_par' dir='ltr' id='par_1_1' title="bbox 167 357 1189 430">
     <span class='ocr_line' id='line_1_1' title="bbox 167 357 1189 430; baseline -0.007 1"><span class='ocrx_word' id='word_1_1' title='bbox 167 357 170 362; x_wconf 45' lang='lat'>¹</span> <span class='ocrx_word' id='word_1_2' title='bbox 248 365 307 430; x_wconf 79' lang='lat'>184</span> <span class='ocrx_word' id='word_1_3' title='bbox 446 381 679 426; x_wconf 78' lang='lat' dir='ltr'>serrassenra</span> <span class='ocrx_word' id='word_1_4' title='bbox 698 379 787 424; x_wconf 83' lang='lat' dir='ltr'>nram</span> <span class='ocrx_word' id='word_1_5' title='bbox 808 380 851 422; x_wconf 87' lang='lat' dir='ltr'>ns</span> <span class='ocrx_word' id='word_1_6' title='bbox 874 378 962 422; x_wconf 80' lang='lat' dir='ltr'>suno</span> <span class='ocrx_word' id='word_1_7' title='bbox 985 377 1189 424; x_wconf 68' lang='lat' dir='ltr'>nonnosus</span> 
     </span>
    </p>
   </div>
   <div class='ocr_carea' id='block_1_2' title="bbox 202 529 1393 4460">
    <p class='ocr_par' dir='ltr' id='par_1_2' title="bbox 202 529 1390 2142">
     <span class='ocr_line' id='line_1_2' title="bbox 245 529 1387 598; baseline -0.004 -11"><span class='ocrx_word' id='word_1_8' title='bbox 245 538 300 588; x_wconf 81' lang='lat' dir='ltr'>lena</span> <span class='ocrx_word' id='word_1_9' title='bbox 313 541 404 587; x_wconf 83' lang='lat' dir='ltr'>autem</span> <span class='ocrx_word' id='word_1_10' title='bbox 418 551 472 586; x_wconf 90' lang='lat' dir='ltr'>non</span> <span class='ocrx_word' id='word_1_11' title='bbox 484 535 519 584; x_wconf 88' lang='lat' dir='ltr'>ab</span> <span class='ocrx_word' id='word_1_12' title='bbox 532 532 682 598; x_wconf 82' lang='lat' dir='ltr'>Aphrodite</span> <span class='ocrx_word' id='word_1_13' title='bbox 696 531 743 582; x_wconf 88' lang='lat' dir='ltr'>sed</span> <span class='ocrx_word' id='word_1_14' title='bbox 758 531 792 582; x_wconf 88' lang='lat' dir='ltr'>ab</span> <span class='ocrx_word' id='word_1_15' title='bbox 806 529 964 596; x_wconf 81' lang='lat' dir='ltr'>aperiendo,</span> <span class='ocrx_word' id='word_1_16' title='bbox 979 531 1049 596; x_wconf 82' lang='lat' dir='ltr'>quod</span> <span class='ocrx_word' id='word_1_17' title='bbox 1061 537 1127 582; x_wconf 88' lang='lat' dir='ltr'>tune</span> <span class='ocrx_word' id='word_1_18' title='bbox 1141 533 1200 582; x_wconf 86' lang='lat' dir='ltr'>fera</span> <span class='ocrx_word' id='word_1_19' title='bbox 1213 536 1314 582; x_wconf 79' lang='lat' dir='ltr'>cuncte</span> <span class='ocrx_word' id='word_1_20' title='bbox 1327 531 1387 597; x_wconf 73' lang='lat' dir='ltr'>gig·</span> 
     </span>
     <span class='ocr_line' id='line_1_3' title="bbox 246 599 1386 666; baseline -0.006 -10"><span class='ocrx_word' id='word_1_21' title='bbox 246 609 346 656; x_wconf 86' lang='lat' dir='ltr'>nactur</span> <span class='ocrx_word' id='word_1_22' title='bbox 359 609 387 654; x_wconf 86' lang='lat' dir='ltr'>et</span> <span class='ocrx_word' id='word_1_23' title='bbox 399 603 532 654; x_wconf 86' lang='lat' dir='ltr'>nascendi</span> <span class='ocrx_word' id='word_1_24' title='bbox 545 601 667 652; x_wconf 89' lang='lat' dir='ltr'>claustra</span> <span class='ocrx_word' id='word_1_25' title='bbox 681 599 787 666; x_wconf 89' lang='lat' dir='ltr'>aperiat</span> <span class='ocrx_word' id='word_1_26' title='bbox 800 603 911 648; x_wconf 71' lang='lat' dir='ltr'>aeterra.</span> <span class='ocrx_word' id='word_1_27' title='bbox 944 599 982 649; x_wconf 84' lang='lat'>12.</span> <span class='ocrx_word' id='word_1_28' title='bbox 995 599 1097 650; x_wconf 87' lang='lat' dir='ltr'>Maium</span> <span class='ocrx_word' id='word_1_29' title='bbox 1115 615 1181 650; x_wconf 89' lang='lat' dir='ltr'>uero</span> <span class='ocrx_word' id='word_1_30' title='bbox 1200 617 1254 651; x_wconf 89' lang='lat' dir='ltr'>non</span> <span class='ocrx_word' id='word_1_31' title='bbox 1272 616 1290 649; x_wconf 81' lang='lat' dir='ltr'>a</span> <span class='ocrx_word' id='word_1_32' title='bbox 1301 601 1386 650; x_wconf 83' lang='lat' dir='ltr'>maio-</span> 
     </span>
     <span class='ocr_line' id='line_1_4' title="bbox 245 666 1387 732; baseline -0.005 -10"><span class='ocrx_word' id='word_1_33' title='bbox 245 674 322 722; x_wconf 88' lang='lat' dir='ltr'>ribus</span> <span class='ocrx_word' id='word_1_34' title='bbox 340 671 388 721; x_wconf 84' lang='lat' dir='ltr'>red</span> <span class='ocrx_word' id='word_1_35' title='bbox 408 687 424 720; x_wconf 87' lang='lat' dir='ltr'>a</span> <span class='ocrx_word' id='word_1_36' title='bbox 442 671 517 720; x_wconf 84' lang='lat' dir='ltr'>Maia</span> <span class='ocrx_word' id='word_1_37' title='bbox 536 685 635 720; x_wconf 89' lang='lat' dir='ltr'>nomen</span> <span class='ocrx_word' id='word_1_38' title='bbox 654 669 815 732; x_wconf 85' lang='lat' dir='ltr'>accepisse,</span> <span class='ocrx_word' id='word_1_39' title='bbox 842 666 914 730; x_wconf 89' lang='lat' dir='ltr'>quod</span> <span class='ocrx_word' id='word_1_40' title='bbox 938 683 970 718; x_wconf 89' lang='lat' dir='ltr'>eo</span> <span class='ocrx_word' id='word_1_41' title='bbox 994 683 1088 718; x_wconf 87' lang='lat' dir='ltr'>meuse</span> <span class='ocrx_word' id='word_1_42' title='bbox 1108 675 1165 718; x_wconf 90' lang='lat' dir='ltr'>tam</span> <span class='ocrx_word' id='word_1_43' title='bbox 1183 669 1286 718; x_wconf 88' lang='lat' dir='ltr'>Romae</span> <span class='ocrx_word' id='word_1_44' title='bbox 1305 683 1387 732; x_wconf 89' lang='lat' dir='ltr'>qnam</span> 
     </span>
     <span class='ocr_line' id='line_1_5' title="bbox 246 734 1385 801; baseline -0.005 -11"><span class='ocrx_word' id='word_1_45' title='bbox 246 746 330 790; x_wconf 83' lang='lat' dir='ltr'>antea</span> <span class='ocrx_word' id='word_1_46' title='bbox 348 740 377 788; x_wconf 92' lang='lat' dir='ltr'>in</span> <span class='ocrx_word' id='word_1_47' title='bbox 395 739 477 800; x_wconf 80' lang='lat' dir='ltr'>Latio</span> <span class='ocrx_word' id='word_1_48' title='bbox 496 754 539 788; x_wconf 86' lang='lat' dir='ltr'>res</span> <span class='ocrx_word' id='word_1_49' title='bbox 558 737 652 787; x_wconf 88' lang='lat' dir='ltr'>diuina</span> <span class='ocrx_word' id='word_1_50' title='bbox 670 737 763 786; x_wconf 87' lang='lat' dir='ltr'>Maiae</span> <span class='ocrx_word' id='word_1_51' title='bbox 782 734 811 784; x_wconf 85' lang='lat' dir='ltr'>iit</span> <span class='ocrx_word' id='word_1_52' title='bbox 830 740 858 784; x_wconf 88' lang='lat' dir='ltr'>ct</span> <span class='ocrx_word' id='word_1_53' title='bbox 875 735 1021 786; x_wconf 77' lang='lat' dir='ltr'><strong>Mercurio.</strong></span> <span class='ocrx_word' id='word_1_54' title='bbox 1057 735 1163 786; x_wconf 89' lang='lat' dir='ltr'>Iunium</span> <span class='ocrx_word' id='word_1_55' title='bbox 1183 751 1288 801; x_wconf 87' lang='lat' dir='ltr'>quoque</span> <span class='ocrx_word' id='word_1_56' title='bbox 1307 751 1323 785; x_wconf 85' lang='lat' dir='ltr'>a</span> <span class='ocrx_word' id='word_1_57' title='bbox 1341 737 1385 784; x_wconf 89' lang='lat' dir='ltr'>lu·</span> 
     </span>
     <span class='ocr_line' id='line_1_6' title="bbox 246 802 1387 872; baseline -0.005 -14"><span class='ocrx_word' id='word_1_58' title='bbox 246 823 317 858; x_wconf 90' lang='lat' dir='ltr'>nono</span> <span class='ocrx_word' id='word_1_59' title='bbox 336 808 425 872; x_wconf 88' lang='lat' dir='ltr'>potins</span> <span class='ocrx_word' id='word_1_60' title='bbox 444 822 525 870; x_wconf 87' lang='lat' dir='ltr'>quam</span> <span class='ocrx_word' id='word_1_61' title='bbox 542 805 707 862; x_wconf 77' lang='lat' dir='ltr'>iunioribus.</span> <span class='ocrx_word' id='word_1_62' title='bbox 732 803 803 868; x_wconf 91' lang='lat' dir='ltr'>quod</span> <span class='ocrx_word' id='word_1_63' title='bbox 825 802 873 852; x_wconf 90' lang='lat' dir='ltr'>illo</span> <span class='ocrx_word' id='word_1_64' title='bbox 896 817 990 854; x_wconf 90' lang='lat' dir='ltr'>mense</span> <span class='ocrx_word' id='word_1_65' title='bbox 1008 807 1125 854; x_wconf 77' lang='lat' dir='ltr'>maxime</span> <span class='ocrx_word' id='word_1_66' title='bbox 1149 805 1246 854; x_wconf 92' lang='lat' dir='ltr'>Iunoni</span> <span class='ocrx_word' id='word_1_67' title='bbox 1270 804 1387 853; x_wconf 86' lang='lat' dir='ltr'>honores</span> 
     </span>
     <span class='ocr_line' id='line_1_7' title="bbox 245 870 1387 937; baseline -0.004 -12"><span class='ocrx_word' id='word_1_68' title='bbox 245 876 392 926; x_wconf 65' lang='lat' dir='ltr'>habentur»</span> <span class='ocrx_word' id='word_1_69' title='bbox 418 874 456 924; x_wconf 77' lang='lat'>123.</span> <span class='ocrx_word' id='word_1_70' title='bbox 471 873 628 935; x_wconf 82' lang='lat' dir='ltr'>Quintilem,</span> <span class='ocrx_word' id='word_1_71' title='bbox 643 871 713 937; x_wconf 90' lang='lat' dir='ltr'>quod</span> <span class='ocrx_word' id='word_1_72' title='bbox 726 870 787 921; x_wconf 88' lang='lat' dir='ltr'>loco</span> <span class='ocrx_word' id='word_1_73' title='bbox 805 871 860 920; x_wconf 87' lang='lat' dir='ltr'>iam</span> <span class='ocrx_word' id='word_1_74' title='bbox 872 871 944 935; x_wconf 90' lang='lat' dir='ltr'>apud</span> <span class='ocrx_word' id='word_1_75' title='bbox 961 872 1078 922; x_wconf 84' lang='lat' dir='ltr'>Latinos</span> <span class='ocrx_word' id='word_1_76' title='bbox 1091 873 1175 922; x_wconf 84' lang='lat' dir='ltr'>fuerit</span> <span class='ocrx_word' id='word_1_77' title='bbox 1193 873 1300 936; x_wconf 80' lang='lat' dir='ltr'>quinto,</span> <span class='ocrx_word' id='word_1_78' title='bbox 1320 871 1387 920; x_wconf 89' lang='lat' dir='ltr'>item</span> 
     </span>
     <span class='ocr_line' id='line_1_8' title="bbox 246 939 1387 1006; baseline -0.004 -14"><span class='ocrx_word' id='word_1_79' title='bbox 246 942 377 992; x_wconf 75' lang='lat' dir='ltr'>Sextilem</span> <span class='ocrx_word' id='word_1_80' title='bbox 401 957 433 992; x_wconf 88' lang='lat' dir='ltr'>ac</span> <span class='ocrx_word' id='word_1_81' title='bbox 458 942 588 1005; x_wconf 75' lang='lat' dir='ltr'><strong>deinceps</strong></span> <span class='ocrx_word' id='word_1_82' title='bbox 613 940 647 990; x_wconf 90' lang='lat' dir='ltr'>ed</span> <span class='ocrx_word' id='word_1_83' title='bbox 671 939 852 990; x_wconf 73' lang='lat' dir='ltr'>Decembrem</span> <span class='ocrx_word' id='word_1_84' title='bbox 877 953 893 988; x_wconf 88' lang='lat' dir='ltr'>a</span> <span class='ocrx_word' id='word_1_85' title='bbox 916 941 1035 990; x_wconf 88' lang='lat' dir='ltr'>numeris</span> <span class='ocrx_word' id='word_1_86' title='bbox 1060 941 1224 1006; x_wconf 88' lang='lat' dir='ltr'>appellatos.</span> <span class='ocrx_word' id='word_1_87' title='bbox 1265 946 1387 989; x_wconf 86' lang='lat' dir='ltr'>ceterum</span> 
     </span>
     <span class='ocr_line' id='line_1_9' title="bbox 246 1005 1388 1073; baseline -0.004 -13"><span class='ocrx_word' id='word_1_88' title='bbox 246 1011 403 1060; x_wconf 79' lang='lat' dir='ltr'>Ianuarium</span> <span class='ocrx_word' id='word_1_89' title='bbox 422 1015 450 1058; x_wconf 92' lang='lat' dir='ltr'>et</span> <span class='ocrx_word' id='word_1_90' title='bbox 469 1008 648 1058; x_wconf 81' lang='lat' dir='ltr'><strong>Februarium</strong></span> <span class='ocrx_word' id='word_1_91' title='bbox 667 1012 765 1073; x_wconf 89' lang='lat' dir='ltr'>postea</span> <span class='ocrx_word' id='word_1_92' title='bbox 784 1005 893 1071; x_wconf 90' lang='lat' dir='ltr'>quidem</span> <span class='ocrx_word' id='word_1_93' title='bbox 912 1007 1020 1058; x_wconf 89' lang='lat' dir='ltr'>additos</span> <span class='ocrx_word' id='word_1_94' title='bbox 1040 1007 1090 1058; x_wconf 87' lang='lat' dir='ltr'>sed</span> <span class='ocrx_word' id='word_1_95' title='bbox 1107 1009 1262 1058; x_wconf 74' lang='lat' dir='ltr'>nominibus</span> <span class='ocrx_word' id='word_1_96' title='bbox 1279 1009 1334 1056; x_wconf 89' lang='lat' dir='ltr'>iam</span> <span class='ocrx_word' id='word_1_97' title='bbox 1353 1023 1388 1056; x_wconf 84' lang='lat' dir='ltr'>ex</span> 
     </span>
     <span class='ocr_line' id='line_1_10' title="bbox 245 1073 1386 1142; baseline -0.004 -14"><span class='ocrx_word' id='word_1_98' title='bbox 245 1079 328 1128; x_wconf 68' lang='lat' dir='ltr'>Iratio</span> <span class='ocrx_word' id='word_1_99' title='bbox 347 1077 475 1142; x_wconf 63' lang='lat' dir='ltr'>sumptim</span> <span class='ocrx_word' id='word_1_100' title='bbox 495 1083 523 1126; x_wconf 90' lang='lat' dir='ltr'>et</span> <span class='ocrx_word' id='word_1_101' title='bbox 541 1076 698 1126; x_wconf 78' lang='lat' dir='ltr'>Ianuarium</span> <span class='ocrx_word' id='word_1_102' title='bbox 718 1075 753 1124; x_wconf 84' lang='lat' dir='ltr'>ab</span> <span class='ocrx_word' id='word_1_103' title='bbox 771 1075 839 1124; x_wconf 86' lang='lat' dir='ltr'>Iano</span> <span class='ocrx_word' id='word_1_104' title='bbox 858 1073 903 1122; x_wconf 90' lang='lat' dir='ltr'>cui</span> <span class='ocrx_word' id='word_1_105' title='bbox 922 1075 1077 1126; x_wconf 86' lang='lat' dir='ltr'>adtributus</span> <span class='ocrx_word' id='word_1_106' title='bbox 1095 1083 1138 1126; x_wconf 90' lang='lat' dir='ltr'>est</span> <span class='ocrx_word' id='word_1_107' title='bbox 1149 1092 1248 1128; x_wconf 87' lang='lat' dir='ltr'>nomen</span> <span class='ocrx_word' id='word_1_108' title='bbox 1259 1076 1386 1136; x_wconf 73' lang='lat' dir='ltr'><strong>traxisse,</strong></span> 
     </span>
     <span class='ocr_line' id='line_1_11' title="bbox 244 1141 1386 1210; baseline -0.004 -15"><span class='ocrx_word' id='word_1_109' title='bbox 244 1145 424 1196; x_wconf 78' lang='lat' dir='ltr'>Februarium</span> <span class='ocrx_word' id='word_1_110' title='bbox 435 1161 452 1194; x_wconf 87' lang='lat' dir='ltr'>a</span> <span class='ocrx_word' id='word_1_111' title='bbox 462 1145 567 1194; x_wconf 91' lang='lat' dir='ltr'>februo.</span> <span class='ocrx_word' id='word_1_112' title='bbox 585 1143 622 1192; x_wconf 85' lang='grc'>11.</span> <span class='ocrx_word' id='word_1_113' title='bbox 635 1148 678 1193; x_wconf 90' lang='lat' dir='ltr'>est</span> <span class='ocrx_word' id='word_1_114' title='bbox 687 1143 811 1192; x_wconf 78' lang='lat' dir='ltr'>februum</span> <span class='ocrx_word' id='word_1_115' title='bbox 825 1141 954 1206; x_wconf 89' lang='lat' dir='ltr'>quidquid</span> <span class='ocrx_word' id='word_1_116' title='bbox 965 1145 1059 1208; x_wconf 77' lang='lat' dir='ltr'>expiat</span> <span class='ocrx_word' id='word_1_117' title='bbox 1067 1150 1230 1210; x_wconf 76' lang='lat' dir='ltr'>purgatque,</span> <span class='ocrx_word' id='word_1_118' title='bbox 1241 1143 1386 1194; x_wconf 85' lang='lat' dir='ltr'>etfebrua·</span> 
     </span>
     <span class='ocr_line' id='line_1_12' title="bbox 244 1210 1388 1278; baseline -0.004 -15"><span class='ocrx_word' id='word_1_119' title='bbox 244 1218 338 1264; x_wconf 90' lang='lat' dir='ltr'>menta</span> <span class='ocrx_word' id='word_1_120' title='bbox 356 1217 546 1278; x_wconf 81' lang='lat' dir='ltr'>purgamenta,</span> <span class='ocrx_word' id='word_1_121' title='bbox 567 1212 633 1260; x_wconf 90' lang='lat' dir='ltr'>item</span> <span class='ocrx_word' id='word_1_122' title='bbox 652 1211 781 1261; x_wconf 80' lang='lat' dir='ltr'>februare</span> <span class='ocrx_word' id='word_1_123' title='bbox 804 1224 922 1274; x_wconf 85' lang='lat' dir='ltr'>purgare</span> <span class='ocrx_word' id='word_1_124' title='bbox 947 1217 975 1260; x_wconf 92' lang='lat' dir='ltr'>et</span> <span class='ocrx_word' id='word_1_125' title='bbox 997 1225 1094 1276; x_wconf 90' lang='lat' dir='ltr'>purum</span> <span class='ocrx_word' id='word_1_126' title='bbox 1118 1213 1222 1263; x_wconf 85' lang='lat' dir='ltr'>facere.</span> <span class='ocrx_word' id='word_1_127' title='bbox 1262 1210 1388 1261; x_wconf 77' lang='lat' dir='ltr'>februum</span> 
     </span>
     <span class='ocr_line' id='line_1_13' title="bbox 202 1275 1387 1344; baseline -0.005 -13"><span class='ocrx_word' id='word_1_128' title='bbox 202 1275 206 1284; x_wconf 84' lang='lat'>&#39;</span> <span class='ocrx_word' id='word_1_129' title='bbox 247 1287 339 1331; x_wconf 90' lang='lat' dir='ltr'>autem</span> <span class='ocrx_word' id='word_1_130' title='bbox 358 1296 412 1330; x_wconf 90' lang='lat' dir='ltr'>non</span> <span class='ocrx_word' id='word_1_131' title='bbox 430 1280 502 1330; x_wconf 90' lang='lat' dir='ltr'>idem</span> <span class='ocrx_word' id='word_1_132' title='bbox 520 1295 714 1344; x_wconf 82' lang='lat' dir='ltr'>usquequaque</span> <span class='ocrx_word' id='word_1_133' title='bbox 734 1278 847 1328; x_wconf 86' lang='lat' dir='ltr'>dieitur:</span> <span class='ocrx_word' id='word_1_134' title='bbox 867 1292 930 1328; x_wconf 89' lang='lat' dir='ltr'>nam</span> <span class='ocrx_word' id='word_1_135' title='bbox 950 1279 1033 1329; x_wconf 86' lang='lat' dir='ltr'>aliter</span> <span class='ocrx_word' id='word_1_136' title='bbox 1050 1280 1079 1328; x_wconf 92' lang='lat' dir='ltr'>in</span> <span class='ocrx_word' id='word_1_137' title='bbox 1098 1280 1163 1330; x_wconf 87' lang='lat' dir='ltr'>aliis</span> <span class='ocrx_word' id='word_1_138' title='bbox 1176 1280 1264 1330; x_wconf 82' lang='lat' dir='ltr'>sacris</span> <span class='ocrx_word' id='word_1_139' title='bbox 1277 1278 1387 1328; x_wconf 90' lang='lat' dir='ltr'>februa·</span> 
     </span>
     <span class='ocr_line' id='line_1_14' title="bbox 245 1347 1388 1413; baseline -0.004 -15"><span class='ocrx_word' id='word_1_140' title='bbox 245 1354 290 1398; x_wconf 88' lang='lat' dir='ltr'>tur</span> <span class='ocrx_word' id='word_1_141' title='bbox 307 1349 359 1398; x_wconf 93' lang='lat' dir='ltr'>hoc</span> <span class='ocrx_word' id='word_1_142' title='bbox 379 1353 421 1398; x_wconf 88' lang='lat' dir='ltr'>est</span> <span class='ocrx_word' id='word_1_143' title='bbox 439 1352 579 1413; x_wconf 84' lang='lat' dir='ltr'>purgetur.</span> <span class='ocrx_word' id='word_1_144' title='bbox 609 1347 648 1396; x_wconf 82' lang='lat'>15.</span> <span class='ocrx_word' id='word_1_145' title='bbox 663 1347 691 1395; x_wconf 91' lang='lat' dir='ltr'>in</span> <span class='ocrx_word' id='word_1_146' title='bbox 710 1347 761 1395; x_wconf 91' lang='lat' dir='ltr'>hoc</span> <span class='ocrx_word' id='word_1_147' title='bbox 781 1351 872 1396; x_wconf 89' lang='lat' dir='ltr'>autem</span> <span class='ocrx_word' id='word_1_148' title='bbox 884 1361 977 1396; x_wconf 89' lang='lat' dir='ltr'>mense</span> <span class='ocrx_word' id='word_1_149' title='bbox 991 1347 1205 1412; x_wconf 86' lang='lat' dir='ltr'>Lupercalibus,</span> <span class='ocrx_word' id='word_1_150' title='bbox 1228 1362 1289 1397; x_wconf 88' lang='lat' dir='ltr'>cum</span> <span class='ocrx_word' id='word_1_151' title='bbox 1302 1347 1388 1396; x_wconf 87' lang='lat' dir='ltr'>Roma</span> 
     </span>
     <span class='ocr_line' id='line_1_15' title="bbox 245 1412 1388 1480; baseline -0.003 -14"><span class='ocrx_word' id='word_1_152' title='bbox 245 1416 391 1474; x_wconf 81' lang='lat' dir='ltr'>lustratur,</span> <span class='ocrx_word' id='word_1_153' title='bbox 416 1415 504 1466; x_wconf 86' lang='lat' dir='ltr'>salem</span> <span class='ocrx_word' id='word_1_154' title='bbox 529 1414 674 1465; x_wconf 84' lang='lat' dir='ltr'>candidum</span> <span class='ocrx_word' id='word_1_155' title='bbox 699 1414 791 1463; x_wconf 89' lang='lat' dir='ltr'>ferunt</span> <span class='ocrx_word' id='word_1_156' title='bbox 809 1412 878 1476; x_wconf 91' lang='lat' dir='ltr'>quod</span> <span class='ocrx_word' id='word_1_157' title='bbox 904 1415 1028 1464; x_wconf 86' lang='lat' dir='ltr'>februum</span> <span class='ocrx_word' id='word_1_158' title='bbox 1053 1415 1209 1480; x_wconf 82' lang='lat' dir='ltr'>appellant,</span> <span class='ocrx_word' id='word_1_159' title='bbox 1234 1415 1305 1464; x_wconf 92' lang='lat' dir='ltr'>unde</span> <span class='ocrx_word' id='word_1_160' title='bbox 1328 1413 1388 1464; x_wconf 85' lang='lat' dir='ltr'>dies</span> 
     </span>
     <span class='ocr_line' id='line_1_16' title="bbox 245 1479 1386 1549; baseline -0.002 -15"><span class='ocrx_word' id='word_1_161' title='bbox 245 1483 440 1549; x_wconf 76' lang='lat' dir='ltr'>Lupercalium</span> <span class='ocrx_word' id='word_1_162' title='bbox 458 1484 567 1547; x_wconf 90' lang='lat' dir='ltr'>proprie</span> <span class='ocrx_word' id='word_1_163' title='bbox 587 1483 730 1532; x_wconf 86' lang='lat' dir='ltr'>februatus</span> <span class='ocrx_word' id='word_1_164' title='bbox 754 1485 782 1530; x_wconf 90' lang='lat' dir='ltr'>et</span> <span class='ocrx_word' id='word_1_165' title='bbox 804 1479 838 1528; x_wconf 89' lang='lat' dir='ltr'>ab</span> <span class='ocrx_word' id='word_1_166' title='bbox 858 1496 890 1531; x_wconf 91' lang='lat' dir='ltr'>ec</span> <span class='ocrx_word' id='word_1_167' title='bbox 908 1498 989 1546; x_wconf 89' lang='lat' dir='ltr'>porro</span> <span class='ocrx_word' id='word_1_168' title='bbox 1007 1483 1109 1532; x_wconf 78' lang='lat' dir='ltr'>mensis</span> <span class='ocrx_word' id='word_1_169' title='bbox 1127 1483 1295 1533; x_wconf 77' lang='lat' dir='ltr'>Februarius</span> <span class='ocrx_word' id='word_1_170' title='bbox 1312 1483 1386 1532; x_wconf 90' lang='lat' dir='ltr'>uoci·</span> 
     </span>
     <span class='ocr_line' id='line_1_17' title="bbox 245 1547 1389 1602; baseline -0.003 -1"><span class='ocrx_word' id='word_1_171' title='bbox 245 1557 328 1602; x_wconf 89' lang='lat' dir='ltr'>tatur.</span> <span class='ocrx_word' id='word_1_172' title='bbox 367 1551 406 1600; x_wconf 85' lang='lat' dir='ltr'>lc.</span> <span class='ocrx_word' id='word_1_173' title='bbox 427 1567 460 1599; x_wconf 85' lang='lat' dir='ltr'>ex</span> <span class='ocrx_word' id='word_1_174' title='bbox 478 1551 520 1599; x_wconf 88' lang='lat' dir='ltr'>his</span> <span class='ocrx_word' id='word_1_175' title='bbox 538 1550 681 1602; x_wconf 90' lang='lat' dir='ltr'>duodecim</span> <span class='ocrx_word' id='word_1_176' title='bbox 700 1549 838 1598; x_wconf 86' lang='lat' dir='ltr'>mensibus</span> <span class='ocrx_word' id='word_1_177' title='bbox 856 1547 968 1599; x_wconf 85' lang='lat' dir='ltr'>duomm</span> <span class='ocrx_word' id='word_1_178' title='bbox 988 1555 1093 1600; x_wconf 88' lang='lat' dir='ltr'>tantum</span> <span class='ocrx_word' id='word_1_179' title='bbox 1111 1551 1222 1600; x_wconf 88' lang='lat' dir='ltr'>nomina</span> <span class='ocrx_word' id='word_1_180' title='bbox 1241 1551 1389 1600; x_wconf 83' lang='lat' dir='ltr'>inmutata.</span> 
     </span>
     <span class='ocr_line' id='line_1_18' title="bbox 245 1617 1387 1682; baseline 0 -14"><span class='ocrx_word' id='word_1_181' title='bbox 245 1635 309 1668; x_wconf 89' lang='lat' dir='ltr'>nam</span> <span class='ocrx_word' id='word_1_182' title='bbox 327 1618 458 1680; x_wconf 80' lang='lat' dir='ltr'>Quintilis</span> <span class='ocrx_word' id='word_1_183' title='bbox 476 1618 560 1668; x_wconf 89' lang='lat' dir='ltr'>Iulius</span> <span class='ocrx_word' id='word_1_184' title='bbox 579 1617 788 1682; x_wconf 79' lang='lat' dir='ltr'>cognominatus</span> <span class='ocrx_word' id='word_1_185' title='bbox 807 1621 850 1664; x_wconf 85' lang='lat' dir='ltr'>est</span> <span class='ocrx_word' id='word_1_186' title='bbox 867 1617 898 1666; x_wconf 83' lang='lat'>0.</span> <span class='ocrx_word' id='word_1_187' title='bbox 913 1617 1033 1667; x_wconf 79' lang='lat' dir='ltr'>Caesare</span> <span class='ocrx_word' id='word_1_188' title='bbox 1046 1618 1070 1666; x_wconf 89' lang='lat' dir='ltr'><strong>V</strong></span> <span class='ocrx_word' id='word_1_189' title='bbox 1083 1624 1111 1669; x_wconf 87' lang='lat' dir='ltr'>et</span> <span class='ocrx_word' id='word_1_190' title='bbox 1129 1619 1164 1667; x_wconf 82' lang='lat' dir='ltr'>M.</span> <span class='ocrx_word' id='word_1_191' title='bbox 1179 1619 1297 1668; x_wconf 88' lang='lat' dir='ltr'>Antonio</span> <span class='ocrx_word' id='word_1_192' title='bbox 1309 1617 1387 1670; x_wconf 82' lang='lat' dir='ltr'>Coss.</span> 
     </span>
     <span class='ocr_line' id='line_1_19' title="bbox 247 1684 1387 1748; baseline -0.001 -11"><span class='ocrx_word' id='word_1_193' title='bbox 247 1701 318 1737; x_wconf 89' lang='lat' dir='ltr'>anne</span> <span class='ocrx_word' id='word_1_194' title='bbox 337 1686 445 1736; x_wconf 87' lang='lat' dir='ltr'>Iuliano</span> <span class='ocrx_word' id='word_1_195' title='bbox 463 1685 597 1736; x_wconf 71' lang='lat' dir='ltr'>secundet</span> <span class='ocrx_word' id='word_1_196' title='bbox 622 1685 667 1748; x_wconf 91' lang='lat' dir='ltr'>qui</span> <span class='ocrx_word' id='word_1_197' title='bbox 692 1689 784 1734; x_wconf 88' lang='lat' dir='ltr'>antem</span> <span class='ocrx_word' id='word_1_198' title='bbox 809 1684 920 1735; x_wconf 81' lang='lat' dir='ltr'>Sextilis</span> <span class='ocrx_word' id='word_1_199' title='bbox 939 1685 1045 1742; x_wconf 79' lang='lat' dir='ltr'>fuerat.</span> <span class='ocrx_word' id='word_1_200' title='bbox 1072 1703 1104 1736; x_wconf 85' lang='lat' dir='ltr'>ex</span> <span class='ocrx_word' id='word_1_201' title='bbox 1123 1686 1174 1738; x_wconf 80' lang='lat' dir='ltr'>SC.</span> <span class='ocrx_word' id='word_1_202' title='bbox 1193 1687 1298 1735; x_wconf 88' lang='lat' dir='ltr'>Marcio</span> <span class='ocrx_word' id='word_1_203' title='bbox 1317 1686 1387 1736; x_wconf 85' lang='lat' dir='ltr'>Cen·</span> 
     </span>
     <span class='ocr_line' id='line_1_20' title="bbox 246 1751 1388 1818; baseline -0.001 -13"><span class='ocrx_word' id='word_1_204' title='bbox 246 1755 337 1805; x_wconf 87' lang='lat' dir='ltr'>serino</span> <span class='ocrx_word' id='word_1_205' title='bbox 361 1753 390 1802; x_wconf 88' lang='lat' dir='ltr'>C.</span> <span class='ocrx_word' id='word_1_206' title='bbox 416 1753 511 1803; x_wconf 83' lang='lat' dir='ltr'>Asinio</span> <span class='ocrx_word' id='word_1_207' title='bbox 530 1752 610 1802; x_wconf 86' lang='lat' dir='ltr'>Gallo</span> <span class='ocrx_word' id='word_1_208' title='bbox 630 1752 705 1802; x_wconf 83' lang='lat' dir='ltr'>Coss.</span> <span class='ocrx_word' id='word_1_209' title='bbox 729 1751 758 1801; x_wconf 92' lang='lat' dir='ltr'>iu</span> <span class='ocrx_word' id='word_1_210' title='bbox 782 1751 900 1815; x_wconf 77' lang='lat' dir='ltr'>Augusti</span> <span class='ocrx_word' id='word_1_211' title='bbox 922 1753 1052 1803; x_wconf 87' lang='lat' dir='ltr'>honorem</span> <span class='ocrx_word' id='word_1_212' title='bbox 1075 1754 1165 1804; x_wconf 85' lang='lat' dir='ltr'>dictus</span> <span class='ocrx_word' id='word_1_213' title='bbox 1188 1759 1232 1802; x_wconf 87' lang='lat' dir='ltr'>est</span> <span class='ocrx_word' id='word_1_214' title='bbox 1249 1754 1388 1818; x_wconf 73' lang='lat' dir='ltr'>Augustus</span> 
     </span>
     <span class='ocr_line' id='line_1_21' title="bbox 247 1819 1390 1885; baseline 0.001 -14"><span class='ocrx_word' id='word_1_215' title='bbox 247 1837 319 1872; x_wconf 86' lang='lat' dir='ltr'>anno</span> <span class='ocrx_word' id='word_1_216' title='bbox 336 1821 454 1885; x_wconf 75' lang='lat' dir='ltr'>Augusti</span> <span class='ocrx_word' id='word_1_217' title='bbox 471 1821 631 1870; x_wconf 89' lang='lat' dir='ltr'>uicensimo.</span> <span class='ocrx_word' id='word_1_218' title='bbox 670 1835 739 1883; x_wconf 88' lang='lat' dir='ltr'>quae</span> <span class='ocrx_word' id='word_1_219' title='bbox 763 1819 874 1870; x_wconf 87' lang='lat' dir='ltr'>nomina</span> <span class='ocrx_word' id='word_1_220' title='bbox 893 1821 1049 1871; x_wconf 82' lang='lat' dir='ltr'>etiamnunc</span> <span class='ocrx_word' id='word_1_221' title='bbox 1074 1821 1109 1870; x_wconf 91' lang='lat' dir='ltr'>ad</span> <span class='ocrx_word' id='word_1_222' title='bbox 1132 1822 1203 1871; x_wconf 91' lang='lat' dir='ltr'>hane</span> <span class='ocrx_word' id='word_1_223' title='bbox 1225 1827 1390 1885; x_wconf 86' lang='lat' dir='ltr'>permanent</span> 
     </span>
     <span class='ocr_line' id='line_1_22' title="bbox 245 1885 1387 1952; baseline -0.001 -13"><span class='ocrx_word' id='word_1_224' title='bbox 245 1889 412 1939; x_wconf 87' lang='lat' dir='ltr'>memoriam.</span> <span class='ocrx_word' id='word_1_225' title='bbox 445 1888 483 1938; x_wconf 88' lang='lat' dir='ltr'>l&#39;l.</span> <span class='ocrx_word' id='word_1_226' title='bbox 503 1893 600 1952; x_wconf 89' lang='lat' dir='ltr'>postea</span> <span class='ocrx_word' id='word_1_227' title='bbox 616 1903 682 1936; x_wconf 90' lang='lat' dir='ltr'>uero</span> <span class='ocrx_word' id='word_1_228' title='bbox 696 1887 774 1936; x_wconf 92' lang='lat' dir='ltr'>multi</span> <span class='ocrx_word' id='word_1_229' title='bbox 786 1885 925 1952; x_wconf 89' lang='lat' dir='ltr'>principes</span> <span class='ocrx_word' id='word_1_230' title='bbox 938 1889 1048 1938; x_wconf 88' lang='lat' dir='ltr'>nomina</span> <span class='ocrx_word' id='word_1_231' title='bbox 1066 1889 1199 1952; x_wconf 86' lang='lat' dir='ltr'>quaedam</span> <span class='ocrx_word' id='word_1_232' title='bbox 1212 1903 1334 1938; x_wconf 88' lang='lat' dir='ltr'>mensum</span> <span class='ocrx_word' id='word_1_233' title='bbox 1346 1890 1387 1938; x_wconf 91' lang='lat' dir='ltr'>in·</span> 
     </span>
     <span class='ocr_line' id='line_1_23' title="bbox 246 1954 1387 2021; baseline 0 -15"><span class='ocrx_word' id='word_1_234' title='bbox 246 1960 420 2006; x_wconf 83' lang='lat' dir='ltr'>mutauerant</span> <span class='ocrx_word' id='word_1_235' title='bbox 438 1957 494 2004; x_wconf 89' lang='lat' dir='ltr'>scis</span> <span class='ocrx_word' id='word_1_236' title='bbox 513 1956 695 2020; x_wconf 90' lang='lat' dir='ltr'>nuncupando</span> <span class='ocrx_word' id='word_1_237' title='bbox 715 1954 884 2017; x_wconf 86' lang='lat' dir='ltr'>nominibus;</span> <span class='ocrx_word' id='word_1_238' title='bbox 909 1956 980 2020; x_wconf 92' lang='lat' dir='ltr'>quod</span> <span class='ocrx_word' id='word_1_239' title='bbox 1005 1961 1053 2006; x_wconf 92' lang='lat' dir='ltr'>aut</span> <span class='ocrx_word' id='word_1_240' title='bbox 1072 1958 1125 2020; x_wconf 91' lang='lat' dir='ltr'>ipsi</span> <span class='ocrx_word' id='word_1_241' title='bbox 1144 1956 1314 2021; x_wconf 85' lang='lat' dir='ltr'>postmodum</span> <span class='ocrx_word' id='word_1_242' title='bbox 1331 1973 1387 2006; x_wconf 92' lang='lat' dir='ltr'>mn·</span> 
     </span>
     <span class='ocr_line' id='line_1_24' title="bbox 245 2021 1387 2088; baseline 0 -14"><span class='ocrx_word' id='word_1_243' title='bbox 245 2029 383 2084; x_wconf 75' lang='lat' dir='ltr'>teucrum,</span> <span class='ocrx_word' id='word_1_244' title='bbox 405 2030 452 2074; x_wconf 91' lang='lat' dir='ltr'>aut</span> <span class='ocrx_word' id='word_1_245' title='bbox 471 2029 533 2088; x_wconf 85' lang='lat' dir='ltr'>post</span> <span class='ocrx_word' id='word_1_246' title='bbox 551 2024 655 2073; x_wconf 88' lang='lat' dir='ltr'>obitum</span> <span class='ocrx_word' id='word_1_247' title='bbox 676 2038 767 2072; x_wconf 90' lang='lat' dir='ltr'>eorum</span> <span class='ocrx_word' id='word_1_248' title='bbox 785 2021 835 2070; x_wconf 89' lang='lat' dir='ltr'>illa</span> <span class='ocrx_word' id='word_1_249' title='bbox 853 2024 966 2076; x_wconf 85' lang='lat' dir='ltr'>nomina</span> <span class='ocrx_word' id='word_1_250' title='bbox 984 2024 1103 2088; x_wconf 89' lang='lat' dir='ltr'>pristina</span> <span class='ocrx_word' id='word_1_251' title='bbox 1121 2025 1178 2074; x_wconf 89' lang='lat' dir='ltr'>suis</span> <span class='ocrx_word' id='word_1_252' title='bbox 1191 2024 1298 2074; x_wconf 84' lang='lat' dir='ltr'>reddita</span> <span class='ocrx_word' id='word_1_253' title='bbox 1312 2041 1387 2074; x_wconf 91' lang='lat' dir='ltr'>men-</span> 
     </span>
     <span class='ocr_line' id='line_1_25' title="bbox 245 2092 410 2142; baseline -0.018 0"><span class='ocrx_word' id='word_1_254' title='bbox 245 2092 321 2142; x_wconf 89' lang='lat' dir='ltr'>sibus</span> <span class='ocrx_word' id='word_1_255' title='bbox 339 2096 410 2140; x_wconf 77' lang='lat' dir='ltr'>erint.</span> 
     </span>
    </p>

    <p class='ocr_par' dir='ltr' id='par_1_3' title="bbox 245 2157 1393 4460">
     <span class='ocr_line' id='line_1_26' title="bbox 330 2157 1390 2228; baseline 0.002 -20"><span class='ocrx_word' id='word_1_256' title='bbox 330 2160 487 2209; x_wconf 80' lang='lat' dir='ltr'>Macrobius</span> <span class='ocrx_word' id='word_1_257' title='bbox 510 2163 562 2208; x_wconf 84' lang='lat' dir='ltr'>sat.</span> <span class='ocrx_word' id='word_1_258' title='bbox 586 2160 599 2208; x_wconf 90' lang='grc'>1</span> <span class='ocrx_word' id='word_1_259' title='bbox 625 2157 664 2220; x_wconf 78' lang='lat' dir='ltr'>la,</span> <span class='ocrx_word' id='word_1_260' title='bbox 688 2159 713 2206; x_wconf 85' lang='lat'>2.</span> <span class='ocrx_word' id='word_1_261' title='bbox 754 2157 825 2206; x_wconf 89' lang='lat' dir='ltr'>Anni</span> <span class='ocrx_word' id='word_1_262' title='bbox 850 2165 941 2208; x_wconf 89' lang='lat' dir='ltr'>certus</span> <span class='ocrx_word' id='word_1_263' title='bbox 968 2159 1064 2210; x_wconf 90' lang='lat' dir='ltr'>modus</span> <span class='ocrx_word' id='word_1_264' title='bbox 1090 2160 1160 2224; x_wconf 89' lang='lat' dir='ltr'>apud</span> <span class='ocrx_word' id='word_1_265' title='bbox 1183 2158 1256 2228; x_wconf 80' lang='lat' dir='ltr'>soloe</span> <span class='ocrx_word' id='word_1_266' title='bbox 1279 2174 1390 2225; x_wconf 89' lang='lat' dir='ltr'>semper</span> 
     </span>
     <span class='ocr_line' id='line_1_27' title="bbox 245 2227 1389 2293; baseline -0.001 -16"><span class='ocrx_word' id='word_1_267' title='bbox 245 2227 397 2293; x_wconf 78' lang='lat' dir='ltr'>Aegyptios</span> <span class='ocrx_word' id='word_1_268' title='bbox 427 2229 487 2278; x_wconf 87' lang='lat' dir='ltr'>fuit.</span> <span class='ocrx_word' id='word_1_269' title='bbox 535 2227 651 2276; x_wconf 87' lang='lat' dir='ltr'>aliarum</span> <span class='ocrx_word' id='word_1_270' title='bbox 680 2227 803 2289; x_wconf 83' lang='lat' dir='ltr'>gentium</span> <span class='ocrx_word' id='word_1_271' title='bbox 831 2227 935 2290; x_wconf 84' lang='lat' dir='ltr'>dispari</span> <span class='ocrx_word' id='word_1_272' title='bbox 964 2242 1075 2278; x_wconf 87' lang='lat' dir='ltr'>nurnero</span> <span class='ocrx_word' id='word_1_273' title='bbox 1103 2229 1163 2292; x_wconf 88' lang='lat' dir='ltr'>pari</span> <span class='ocrx_word' id='word_1_274' title='bbox 1192 2241 1283 2276; x_wconf 91' lang='lat' dir='ltr'>errore</span> <span class='ocrx_word' id='word_1_275' title='bbox 1309 2234 1389 2276; x_wconf 83' lang='lat' dir='ltr'>nuta·</span> 
     </span>
     <span class='ocr_line' id='line_1_28' title="bbox 246 2292 1387 2361; baseline -0.001 -16"><span class='ocrx_word' id='word_1_276' title='bbox 246 2297 304 2346; x_wconf 88' lang='lat' dir='ltr'>bat.</span> <span class='ocrx_word' id='word_1_277' title='bbox 330 2301 358 2344; x_wconf 88' lang='lat' dir='ltr'>et</span> <span class='ocrx_word' id='word_1_278' title='bbox 380 2299 410 2344; x_wconf 93' lang='lat' dir='ltr'>ut</span> <span class='ocrx_word' id='word_1_279' title='bbox 434 2299 580 2345; x_wconf 89' lang='lat' dir='ltr'>contentus</span> <span class='ocrx_word' id='word_1_280' title='bbox 604 2295 655 2344; x_wconf 89' lang='lat' dir='ltr'>sim</span> <span class='ocrx_word' id='word_1_281' title='bbox 677 2292 823 2343; x_wconf 88' lang='lat' dir='ltr'>referendo</span> <span class='ocrx_word' id='word_1_282' title='bbox 842 2309 991 2358; x_wconf 85' lang='lat' dir='ltr'>paucarum</span> <span class='ocrx_word' id='word_1_283' title='bbox 1008 2311 1110 2344; x_wconf 88' lang='lat' dir='ltr'>rnorem</span> <span class='ocrx_word' id='word_1_284' title='bbox 1129 2296 1283 2361; x_wconf 80' lang='lat' dir='ltr'>regionum,</span> <span class='ocrx_word' id='word_1_285' title='bbox 1303 2296 1387 2344; x_wconf 81' lang='lat' dir='ltr'>Arca·</span> 
     </span>
     <span class='ocr_line' id='line_1_29' title="bbox 246 2361 1389 2427; baseline 0 -15"><span class='ocrx_word' id='word_1_286' title='bbox 246 2363 294 2414; x_wconf 90' lang='lat' dir='ltr'>des</span> <span class='ocrx_word' id='word_1_287' title='bbox 318 2378 419 2414; x_wconf 88' lang='lat' dir='ltr'>annum</span> <span class='ocrx_word' id='word_1_288' title='bbox 442 2377 518 2412; x_wconf 90' lang='lat' dir='ltr'>suurn</span> <span class='ocrx_word' id='word_1_289' title='bbox 541 2363 629 2412; x_wconf 88' lang='lat' dir='ltr'>tribus</span> <span class='ocrx_word' id='word_1_290' title='bbox 653 2361 791 2410; x_wconf 88' lang='lat' dir='ltr'>mensibus</span> <span class='ocrx_word' id='word_1_291' title='bbox 820 2361 999 2427; x_wconf 82' lang='lat' dir='ltr'>explicabant</span> <span class='ocrx_word' id='word_1_292' title='bbox 1026 2363 1187 2412; x_wconf 83' lang='lat' dir='ltr'>Acarnanes</span> <span class='ocrx_word' id='word_1_293' title='bbox 1215 2377 1264 2412; x_wconf 81' lang='lat' dir='ltr'>sex</span> <span class='ocrx_word' id='word_1_294' title='bbox 1287 2363 1389 2412; x_wconf 81' lang='lat' dir='ltr'>Graeci</span> 
     </span>
     <span class='ocr_line' id='line_1_30' title="bbox 245 2429 1387 2496; baseline -0.001 -16"><span class='ocrx_word' id='word_1_295' title='bbox 245 2432 351 2496; x_wconf 89' lang='lat' dir='ltr'>reliqui·</span> <span class='ocrx_word' id='word_1_296' title='bbox 362 2431 495 2480; x_wconf 88' lang='lat' dir='ltr'>trecentis</span> <span class='ocrx_word' id='word_1_297' title='bbox 515 2430 716 2494; x_wconf 81' lang='lat' dir='ltr'>quinquaginta</span> <span class='ocrx_word' id='word_1_298' title='bbox 735 2433 865 2492; x_wconf 87' lang='lat' dir='ltr'>quattuor</span> <span class='ocrx_word' id='word_1_299' title='bbox 887 2429 984 2479; x_wconf 87' lang='lat' dir='ltr'>diebus</span> <span class='ocrx_word' id='word_1_300' title='bbox 1009 2446 1109 2480; x_wconf 85' lang='lat' dir='ltr'>annum</span> <span class='ocrx_word' id='word_1_301' title='bbox 1128 2431 1266 2496; x_wconf 90' lang='lat' dir='ltr'>proprium</span> <span class='ocrx_word' id='word_1_302' title='bbox 1286 2445 1387 2496; x_wconf 89' lang='lat' dir='ltr'>conpu-</span> 
     </span>
     <span class='ocr_line' id='line_1_31' title="bbox 245 2496 1388 2563; baseline 0 -15"><span class='ocrx_word' id='word_1_303' title='bbox 245 2499 353 2550; x_wconf 84' lang='lat' dir='ltr'>tabant.</span> <span class='ocrx_word' id='word_1_304' title='bbox 383 2499 408 2547; x_wconf 84' lang='lat'>3.</span> <span class='ocrx_word' id='word_1_305' title='bbox 422 2514 475 2548; x_wconf 88' lang='lat' dir='ltr'>non</span> <span class='ocrx_word' id='word_1_306' title='bbox 495 2499 578 2562; x_wconf 78' lang='lat' dir='ltr'>igitur</span> <span class='ocrx_word' id='word_1_307' title='bbox 596 2498 692 2546; x_wconf 91' lang='lat' dir='ltr'>mirum</span> <span class='ocrx_word' id='word_1_308' title='bbox 711 2497 739 2545; x_wconf 93' lang='lat' dir='ltr'>in</span> <span class='ocrx_word' id='word_1_309' title='bbox 757 2496 810 2544; x_wconf 87' lang='lat' dir='ltr'>hac</span> <span class='ocrx_word' id='word_1_310' title='bbox 828 2498 968 2547; x_wconf 86' lang='lat' dir='ltr'>uarietate</span> <span class='ocrx_word' id='word_1_311' title='bbox 981 2498 1119 2548; x_wconf 85' lang='lat' dir='ltr'>Romanos</span> <span class='ocrx_word' id='word_1_312' title='bbox 1138 2513 1243 2563; x_wconf 88' lang='lat' dir='ltr'>quoqne</span> <span class='ocrx_word' id='word_1_313' title='bbox 1257 2497 1321 2547; x_wconf 91' lang='lat' dir='ltr'>olim</span> <span class='ocrx_word' id='word_1_314' title='bbox 1340 2513 1388 2548; x_wconf 80' lang='lat' dir='ltr'>au-</span> 
     </span>
     <span class='ocr_line' id='line_1_32' title="bbox 246 2564 1389 2630; baseline -0.002 -14"><span class='ocrx_word' id='word_1_315' title='bbox 246 2571 322 2616; x_wconf 84' lang='lat' dir='ltr'>ctore</span> <span class='ocrx_word' id='word_1_316' title='bbox 341 2566 456 2616; x_wconf 88' lang='lat' dir='ltr'>Romulo</span> <span class='ocrx_word' id='word_1_317' title='bbox 481 2581 581 2614; x_wconf 79' lang='lat' dir='ltr'>anirum</span> <span class='ocrx_word' id='word_1_318' title='bbox 604 2580 681 2614; x_wconf 82' lang='grc' dir='ltr'>ιιιιιιιι</span> <span class='ocrx_word' id='word_1_319' title='bbox 705 2565 800 2612; x_wconf 88' lang='lat' dir='ltr'>decem</span> <span class='ocrx_word' id='word_1_320' title='bbox 825 2564 955 2614; x_wconf 83' lang='lat' dir='ltr'>habuisse</span> <span class='ocrx_word' id='word_1_321' title='bbox 979 2566 1119 2616; x_wconf 87' lang='lat' dir='ltr'>mensibus</span> <span class='ocrx_word' id='word_1_322' title='bbox 1143 2566 1312 2626; x_wconf 87' lang='lat' dir='ltr'>ordinatum,</span> <span class='ocrx_word' id='word_1_323' title='bbox 1343 2565 1389 2630; x_wconf 88' lang='lat' dir='ltr'>qui</span> 
     </span>
     <span class='ocr_line' id='line_1_33' title="bbox 246 2631 1389 2697; baseline -0.001 -14"><span class='ocrx_word' id='word_1_324' title='bbox 246 2647 333 2683; x_wconf 90' lang='lat' dir='ltr'>annus</span> <span class='ocrx_word' id='word_1_325' title='bbox 352 2633 506 2697; x_wconf 84' lang='lat' dir='ltr'>incipiebat</span> <span class='ocrx_word' id='word_1_326' title='bbox 525 2633 654 2682; x_wconf 86' lang='lat' dir='ltr'>aMartio</span> <span class='ocrx_word' id='word_1_327' title='bbox 674 2637 702 2682; x_wconf 92' lang='lat' dir='ltr'>ct</span> <span class='ocrx_word' id='word_1_328' title='bbox 721 2631 919 2682; x_wconf 87' lang='lat' dir='ltr'>conficiebatur</span> <span class='ocrx_word' id='word_1_329' title='bbox 932 2633 1029 2683; x_wconf 88' lang='lat' dir='ltr'>diebus</span> <span class='ocrx_word' id='word_1_330' title='bbox 1047 2635 1179 2683; x_wconf 84' lang='lat' dir='ltr'>trecentis</span> <span class='ocrx_word' id='word_1_331' title='bbox 1198 2637 1339 2697; x_wconf 83' lang='lat' dir='ltr'>quattuor,</span> <span class='ocrx_word' id='word_1_332' title='bbox 1359 2639 1389 2682; x_wconf 89' lang='lat' dir='ltr'>ut</span> 
     </span>
     <span class='ocr_line' id='line_1_34' title="bbox 245 2699 1390 2766; baseline 0 -16"><span class='ocrx_word' id='word_1_333' title='bbox 245 2717 294 2752; x_wconf 79' lang='lat' dir='ltr'>ser</span> <span class='ocrx_word' id='word_1_334' title='bbox 313 2701 420 2765; x_wconf 89' lang='lat' dir='ltr'>quidem</span> <span class='ocrx_word' id='word_1_335' title='bbox 439 2715 547 2750; x_wconf 86' lang='lat' dir='ltr'>menses</span> <span class='ocrx_word' id='word_1_336' title='bbox 566 2700 593 2749; x_wconf 93' lang='lat' dir='ltr'>id</span> <span class='ocrx_word' id='word_1_337' title='bbox 612 2705 655 2748; x_wconf 91' lang='lat' dir='ltr'>est</span> <span class='ocrx_word' id='word_1_338' title='bbox 674 2699 776 2764; x_wconf 84' lang='lat' dir='ltr'>Aprilis</span> <span class='ocrx_word' id='word_1_339' title='bbox 793 2700 888 2750; x_wconf 90' lang='lat' dir='ltr'>Iunius</span> <span class='ocrx_word' id='word_1_340' title='bbox 912 2700 1025 2750; x_wconf 82' lang='lat' dir='ltr'>Sextilis</span> <span class='ocrx_word' id='word_1_341' title='bbox 1048 2702 1210 2766; x_wconf 81' lang='lat' dir='ltr'>September</span> <span class='ocrx_word' id='word_1_342' title='bbox 1234 2701 1390 2750; x_wconf 85' lang='lat' dir='ltr'>Nouember</span> 
     </span>
     <span class='ocr_line' id='line_1_35' title="bbox 246 2767 1387 2832; baseline -0.002 -14"><span class='ocrx_word' id='word_1_343' title='bbox 246 2769 401 2818; x_wconf 84' lang='lat' dir='ltr'>December</span> <span class='ocrx_word' id='word_1_344' title='bbox 420 2770 555 2818; x_wconf 88' lang='lat' dir='ltr'>tricenum</span> <span class='ocrx_word' id='word_1_345' title='bbox 574 2773 667 2816; x_wconf 86' lang='lat' dir='ltr'>essent</span> <span class='ocrx_word' id='word_1_346' title='bbox 685 2767 802 2828; x_wconf 89' lang='lat' dir='ltr'>dierum,</span> <span class='ocrx_word' id='word_1_347' title='bbox 828 2771 957 2832; x_wconf 90' lang='lat' dir='ltr'>quattuor</span> <span class='ocrx_word' id='word_1_348' title='bbox 975 2783 1041 2819; x_wconf 91' lang='lat' dir='ltr'>uero</span> <span class='ocrx_word' id='word_1_349' title='bbox 1059 2770 1177 2818; x_wconf 85' lang='lat' dir='ltr'>Martius</span> <span class='ocrx_word' id='word_1_350' title='bbox 1194 2769 1284 2818; x_wconf 83' lang='lat' dir='ltr'>Maius</span> <span class='ocrx_word' id='word_1_351' title='bbox 1302 2769 1387 2830; x_wconf 84' lang='lat' dir='ltr'>Quiu-</span> 
     </span>
     <span class='ocr_line' id='line_1_36' title="bbox 246 2833 1389 2902; baseline 0.002 -18"><span class='ocrx_word' id='word_1_352' title='bbox 246 2837 303 2885; x_wconf 87' lang='lat' dir='ltr'>tilis</span> <span class='ocrx_word' id='word_1_353' title='bbox 323 2835 444 2884; x_wconf 88' lang='lat' dir='ltr'>October</span> <span class='ocrx_word' id='word_1_354' title='bbox 462 2835 576 2884; x_wconf 87' lang='lat' dir='ltr'>tricenis</span> <span class='ocrx_word' id='word_1_355' title='bbox 595 2841 623 2884; x_wconf 93' lang='lat' dir='ltr'>et</span> <span class='ocrx_word' id='word_1_356' title='bbox 641 2833 757 2898; x_wconf 78' lang='lat' dir='ltr'>singulis</span> <span class='ocrx_word' id='word_1_357' title='bbox 776 2835 982 2899; x_wconf 83' lang='lat' dir='ltr'>expedirentur:</span> <span class='ocrx_word' id='word_1_358' title='bbox 1003 2839 1048 2901; x_wconf 91' lang='lat' dir='ltr'>qui</span> <span class='ocrx_word' id='word_1_359' title='bbox 1066 2837 1200 2901; x_wconf 87' lang='lat' dir='ltr'>hodieque</span> <span class='ocrx_word' id='word_1_360' title='bbox 1219 2837 1389 2902; x_wconf 84' lang='lat' dir='ltr'>septimanas</span> 
     </span>
     <span class='ocr_line' id='line_1_37' title="bbox 246 2902 1389 2967; baseline -0.001 -14"><span class='ocrx_word' id='word_1_361' title='bbox 246 2903 352 2952; x_wconf 90' lang='lat' dir='ltr'>habeut</span> <span class='ocrx_word' id='word_1_362' title='bbox 363 2917 449 2950; x_wconf 91' lang='lat' dir='ltr'>nonas</span> <span class='ocrx_word' id='word_1_363' title='bbox 464 2903 550 2952; x_wconf 87' lang='lat' dir='ltr'>ceteri</span> <span class='ocrx_word' id='word_1_364' title='bbox 563 2902 718 2965; x_wconf 87' lang='lat' dir='ltr'>quintanas.</span> <span class='ocrx_word' id='word_1_365' title='bbox 740 2903 765 2950; x_wconf 82' lang='lat'>4.</span> <span class='ocrx_word' id='word_1_366' title='bbox 780 2903 950 2967; x_wconf 87' lang='lat' dir='ltr'>septimanas</span> <span class='ocrx_word' id='word_1_367' title='bbox 964 2911 1055 2954; x_wconf 90' lang='lat' dir='ltr'>autem</span> <span class='ocrx_word' id='word_1_368' title='bbox 1067 2903 1232 2954; x_wconf 84' lang='lat' dir='ltr'>habentibus</span> <span class='ocrx_word' id='word_1_369' title='bbox 1246 2905 1281 2954; x_wconf 86' lang='lat' dir='ltr'>ab</span> <span class='ocrx_word' id='word_1_370' title='bbox 1293 2903 1389 2954; x_wconf 87' lang='lat' dir='ltr'>Idibus</span> 
     </span>
     <span class='ocr_line' id='line_1_38' title="bbox 246 2967 1389 3034; baseline -0.001 -14"><span class='ocrx_word' id='word_1_371' title='bbox 246 2969 456 3020; x_wconf 86' lang='lat' dir='ltr'>reuertebantur</span> <span class='ocrx_word' id='word_1_372' title='bbox 474 2969 617 3019; x_wconf 85' lang='lat' dir='ltr'>Kalendae</span> <span class='ocrx_word' id='word_1_373' title='bbox 637 2967 672 3018; x_wconf 89' lang='lat' dir='ltr'>ad</span> <span class='ocrx_word' id='word_1_374' title='bbox 691 2969 762 3018; x_wconf 90' lang='lat' dir='ltr'>diem</span> <span class='ocrx_word' id='word_1_375' title='bbox 781 2971 925 3034; x_wconf 87' lang='lat' dir='ltr'>septimum</span> <span class='ocrx_word' id='word_1_376' title='bbox 944 2971 1091 3033; x_wconf 89' lang='lat' dir='ltr'>decimum,</span> <span class='ocrx_word' id='word_1_377' title='bbox 1110 2987 1204 3021; x_wconf 89' lang='lat' dir='ltr'>nerum</span> <span class='ocrx_word' id='word_1_378' title='bbox 1223 2971 1389 3022; x_wconf 82' lang='lat' dir='ltr'>habentibus</span> 
     </span>
     <span class='ocr_line' id='line_1_39' title="bbox 247 3036 1390 3102; baseline 0.002 -16"><span class='ocrx_word' id='word_1_379' title='bbox 247 3037 394 3102; x_wconf 87' lang='lat' dir='ltr'>quintanas</span> <span class='ocrx_word' id='word_1_380' title='bbox 404 3036 439 3086; x_wconf 85' lang='lat' dir='ltr'>ad</span> <span class='ocrx_word' id='word_1_381' title='bbox 450 3043 579 3086; x_wconf 86' lang='lat' dir='ltr'>octauum</span> <span class='ocrx_word' id='word_1_382' title='bbox 590 3037 725 3086; x_wconf 90' lang='lat' dir='ltr'>decimum</span> <span class='ocrx_word' id='word_1_383' title='bbox 736 3038 879 3088; x_wconf 86' lang='lat' dir='ltr'>remeabat</span> <span class='ocrx_word' id='word_1_384' title='bbox 890 3039 997 3088; x_wconf 91' lang='lat' dir='ltr'>initium</span> <span class='ocrx_word' id='word_1_385' title='bbox 1007 3039 1202 3089; x_wconf 85' lang='lat' dir='ltr'>Kalendarum.</span> <span class='ocrx_word' id='word_1_386' title='bbox 1221 3039 1246 3089; x_wconf 79' lang='lat'>5.</span> <span class='ocrx_word' id='word_1_387' title='bbox 1256 3039 1327 3088; x_wconf 89' lang='lat' dir='ltr'>haec</span> <span class='ocrx_word' id='word_1_388' title='bbox 1336 3039 1390 3088; x_wconf 89' lang='lat' dir='ltr'>fuit</span> 
     </span>
     <span class='ocr_line' id='line_1_40' title="bbox 246 3103 1388 3172; baseline 0 -18"><span class='ocrx_word' id='word_1_389' title='bbox 246 3103 355 3154; x_wconf 79' lang='lat' dir='ltr'>Romuli</span> <span class='ocrx_word' id='word_1_390' title='bbox 373 3104 522 3160; x_wconf 84' lang='lat' dir='ltr'>ordinatio,</span> <span class='ocrx_word' id='word_1_391' title='bbox 545 3105 590 3168; x_wconf 90' lang='lat' dir='ltr'>qni</span> <span class='ocrx_word' id='word_1_392' title='bbox 608 3105 722 3168; x_wconf 90' lang='lat' dir='ltr'>primum</span> <span class='ocrx_word' id='word_1_393' title='bbox 742 3106 807 3155; x_wconf 84' lang='lat' dir='ltr'>anni</span> <span class='ocrx_word' id='word_1_394' title='bbox 826 3121 946 3156; x_wconf 87' lang='lat' dir='ltr'>mensem</span> <span class='ocrx_word' id='word_1_395' title='bbox 965 3109 1083 3172; x_wconf 85' lang='lat' dir='ltr'>genitori</span> <span class='ocrx_word' id='word_1_396' title='bbox 1101 3123 1150 3158; x_wconf 87' lang='lat' dir='ltr'>suo</span> <span class='ocrx_word' id='word_1_397' title='bbox 1168 3107 1251 3157; x_wconf 84' lang='lat' dir='ltr'>Marti</span> <span class='ocrx_word' id='word_1_398' title='bbox 1269 3106 1388 3156; x_wconf 84' lang='lat' dir='ltr'>dicauit:</span> 
     </span>
     <span class='ocr_line' id='line_1_41' title="bbox 247 3172 1389 3240; baseline 0.002 -19"><span class='ocrx_word' id='word_1_399' title='bbox 247 3187 325 3237; x_wconf 90' lang='lat' dir='ltr'>quem</span> <span class='ocrx_word' id='word_1_400' title='bbox 343 3187 464 3222; x_wconf 88' lang='lat' dir='ltr'>mensem</span> <span class='ocrx_word' id='word_1_401' title='bbox 482 3173 548 3220; x_wconf 87' lang='lat' dir='ltr'>anni</span> <span class='ocrx_word' id='word_1_402' title='bbox 566 3172 681 3236; x_wconf 88' lang='lat' dir='ltr'>primum</span> <span class='ocrx_word' id='word_1_403' title='bbox 698 3173 783 3222; x_wconf 88' lang='lat' dir='ltr'>fuisse</span> <span class='ocrx_word' id='word_1_404' title='bbox 801 3173 846 3222; x_wconf 93' lang='lat' dir='ltr'>uel</span> <span class='ocrx_word' id='word_1_405' title='bbox 865 3190 897 3223; x_wconf 83' lang='lat' dir='ltr'>er</span> <span class='ocrx_word' id='word_1_406' title='bbox 914 3175 967 3224; x_wconf 91' lang='lat' dir='ltr'>hoc</span> <span class='ocrx_word' id='word_1_407' title='bbox 980 3177 1098 3226; x_wconf 85' lang='lat' dir='ltr'>maxime</span> <span class='ocrx_word' id='word_1_408' title='bbox 1110 3175 1254 3240; x_wconf 83' lang='lat' dir='ltr'>probatur,</span> <span class='ocrx_word' id='word_1_409' title='bbox 1269 3173 1340 3237; x_wconf 87' lang='lat' dir='ltr'>quod</span> <span class='ocrx_word' id='word_1_410' title='bbox 1354 3173 1389 3224; x_wconf 83' lang='lat' dir='ltr'>ab</span> 
     </span>
     <span class='ocr_line' id='line_1_42' title="bbox 246 3239 1389 3306; baseline 0 -16"><span class='ocrx_word' id='word_1_411' title='bbox 246 3241 306 3305; x_wconf 90' lang='lat' dir='ltr'>ipso</span> <span class='ocrx_word' id='word_1_412' title='bbox 317 3239 449 3302; x_wconf 82' lang='lat' dir='ltr'>Quintilis</span> <span class='ocrx_word' id='word_1_413' title='bbox 463 3240 572 3303; x_wconf 88' lang='lat' dir='ltr'>quintus</span> <span class='ocrx_word' id='word_1_414' title='bbox 586 3245 628 3288; x_wconf 86' lang='lat' dir='ltr'>est</span> <span class='ocrx_word' id='word_1_415' title='bbox 646 3245 674 3288; x_wconf 91' lang='lat' dir='ltr'>et</span> <span class='ocrx_word' id='word_1_416' title='bbox 688 3240 819 3306; x_wconf 88' lang='lat' dir='ltr'>deinceps</span> <span class='ocrx_word' id='word_1_417' title='bbox 832 3257 880 3306; x_wconf 90' lang='lat' dir='ltr'>pro</span> <span class='ocrx_word' id='word_1_418' title='bbox 898 3257 1009 3292; x_wconf 90' lang='lat' dir='ltr'>numero</span> <span class='ocrx_word' id='word_1_419' title='bbox 1021 3243 1242 3293; x_wconf 84' lang='lat' dir='ltr'>nominabantur.</span> <span class='ocrx_word' id='word_1_420' title='bbox 1269 3241 1293 3292; x_wconf 84' lang='lat' dir='ltr'>b.</span> <span class='ocrx_word' id='word_1_421' title='bbox 1307 3241 1389 3292; x_wconf 84' lang='lat' dir='ltr'>huius</span> 
     </span>
     <span class='ocr_line' id='line_1_43' title="bbox 248 3307 1390 3375; baseline 0.002 -19"><span class='ocrx_word' id='word_1_422' title='bbox 248 3308 331 3357; x_wconf 87' lang='lat' dir='ltr'>etiam</span> <span class='ocrx_word' id='word_1_423' title='bbox 342 3308 430 3372; x_wconf 87' lang='lat' dir='ltr'>prima</span> <span class='ocrx_word' id='word_1_424' title='bbox 442 3307 486 3356; x_wconf 91' lang='lat' dir='ltr'>die</span> <span class='ocrx_word' id='word_1_425' title='bbox 500 3309 592 3371; x_wconf 80' lang='lat' dir='ltr'>ignem</span> <span class='ocrx_word' id='word_1_426' title='bbox 604 3323 703 3359; x_wconf 85' lang='lat' dir='ltr'>nouum</span> <span class='ocrx_word' id='word_1_427' title='bbox 717 3309 819 3358; x_wconf 82' lang='lat' dir='ltr'>Vestae</span> <span class='ocrx_word' id='word_1_428' title='bbox 831 3309 886 3359; x_wconf 82' lang='lat' dir='ltr'>aris</span> <span class='ocrx_word' id='word_1_429' title='bbox 897 3311 1097 3370; x_wconf 86' lang='lat' dir='ltr'>accendebant,</span> <span class='ocrx_word' id='word_1_430' title='bbox 1110 3317 1140 3360; x_wconf 88' lang='lat' dir='ltr'>ut</span> <span class='ocrx_word' id='word_1_431' title='bbox 1151 3311 1303 3375; x_wconf 85' lang='lat' dir='ltr'>incipiente</span> <span class='ocrx_word' id='word_1_432' title='bbox 1317 3324 1390 3358; x_wconf 81' lang='lat' dir='ltr'>anno</span> 
     </span>
     <span class='ocr_line' id='line_1_44' title="bbox 246 3375 1387 3442; baseline 0.001 -17"><span class='ocrx_word' id='word_1_433' title='bbox 246 3391 313 3425; x_wconf 91' lang='lat' dir='ltr'>cura</span> <span class='ocrx_word' id='word_1_434' title='bbox 331 3377 422 3426; x_wconf 88' lang='lat' dir='ltr'>denuo</span> <span class='ocrx_word' id='word_1_435' title='bbox 440 3375 569 3424; x_wconf 78' lang='lat' dir='ltr'>censendi</span> <span class='ocrx_word' id='word_1_436' title='bbox 588 3377 683 3425; x_wconf 87' lang='lat' dir='ltr'>nenati</span> <span class='ocrx_word' id='word_1_437' title='bbox 701 3377 774 3440; x_wconf 82' lang='lat' dir='ltr'>ignis</span> <span class='ocrx_word' id='word_1_438' title='bbox 793 3378 943 3442; x_wconf 80' lang='lat' dir='ltr'>inciperet:</span> <span class='ocrx_word' id='word_1_439' title='bbox 968 3379 1062 3428; x_wconf 90' lang='lat' dir='ltr'>eodem</span> <span class='ocrx_word' id='word_1_440' title='bbox 1088 3393 1194 3442; x_wconf 90' lang='lat' dir='ltr'>queque</span> <span class='ocrx_word' id='word_1_441' title='bbox 1212 3377 1387 3442; x_wconf 81' lang='lat' dir='ltr'>ingrediente</span> 
     </span>
     <span class='ocr_line' id='line_1_45' title="bbox 246 3443 1389 3508; baseline 0.001 -15"><span class='ocrx_word' id='word_1_442' title='bbox 246 3459 339 3493; x_wconf 86' lang='lat' dir='ltr'>mense</span> <span class='ocrx_word' id='word_1_443' title='bbox 357 3449 414 3492; x_wconf 90' lang='lat' dir='ltr'>tam</span> <span class='ocrx_word' id='word_1_444' title='bbox 433 3443 461 3492; x_wconf 91' lang='lat' dir='ltr'>in</span> <span class='ocrx_word' id='word_1_445' title='bbox 479 3444 557 3508; x_wconf 79' lang='lat' dir='ltr'>regia</span> <span class='ocrx_word' id='word_1_446' title='bbox 577 3443 713 3508; x_wconf 87' lang='lat' dir='ltr'>curiieque</span> <span class='ocrx_word' id='word_1_447' title='bbox 738 3450 819 3508; x_wconf 89' lang='lat' dir='ltr'>atque</span> <span class='ocrx_word' id='word_1_448' title='bbox 843 3445 982 3496; x_wconf 86' lang='lat' dir='ltr'>flaminum</span> <span class='ocrx_word' id='word_1_449' title='bbox 1001 3446 1124 3496; x_wconf 86' lang='lat' dir='ltr'>domibus</span> <span class='ocrx_word' id='word_1_450' title='bbox 1148 3446 1260 3496; x_wconf 86' lang='lat' dir='ltr'>laureae</span> <span class='ocrx_word' id='word_1_451' title='bbox 1278 3450 1389 3495; x_wconf 88' lang='lat' dir='ltr'>ueteres</span> 
     </span>
     <span class='ocr_line' id='line_1_46' title="bbox 247 3511 1389 3580; baseline 0 -19"><span class='ocrx_word' id='word_1_452' title='bbox 247 3513 325 3561; x_wconf 89' lang='lat' dir='ltr'>nouis</span> <span class='ocrx_word' id='word_1_453' title='bbox 343 3511 446 3560; x_wconf 87' lang='lat' dir='ltr'>laureis</span> <span class='ocrx_word' id='word_1_454' title='bbox 465 3511 655 3560; x_wconf 88' lang='lat' dir='ltr'>mutabantur:</span> <span class='ocrx_word' id='word_1_455' title='bbox 681 3511 775 3561; x_wconf 88' lang='lat' dir='ltr'>eodem</span> <span class='ocrx_word' id='word_1_456' title='bbox 798 3527 903 3576; x_wconf 91' lang='lat' dir='ltr'>queque</span> <span class='ocrx_word' id='word_1_457' title='bbox 927 3529 1019 3564; x_wconf 89' lang='lat' dir='ltr'>mense</span> <span class='ocrx_word' id='word_1_458' title='bbox 1040 3519 1067 3563; x_wconf 89' lang='lat' dir='ltr'>et</span> <span class='ocrx_word' id='word_1_459' title='bbox 1084 3513 1192 3580; x_wconf 91' lang='lat' dir='ltr'>publice</span> <span class='ocrx_word' id='word_1_460' title='bbox 1212 3517 1241 3564; x_wconf 93' lang='lat' dir='ltr'>ct</span> <span class='ocrx_word' id='word_1_461' title='bbox 1258 3513 1389 3577; x_wconf 85' lang='lat' dir='ltr'>priuatim</span> 
     </span>
     <span class='ocr_line' id='line_1_47' title="bbox 248 3578 1389 3646; baseline 0.003 -19"><span class='ocrx_word' id='word_1_462' title='bbox 248 3578 282 3627; x_wconf 87' lang='lat' dir='ltr'>ad</span> <span class='ocrx_word' id='word_1_463' title='bbox 295 3579 411 3628; x_wconf 69' lang='lat' dir='ltr'>‘Annam</span> <span class='ocrx_word' id='word_1_464' title='bbox 430 3579 583 3628; x_wconf 80' lang='lat' dir='ltr'>Perennem</span> <span class='ocrx_word' id='word_1_465' title='bbox 607 3579 793 3628; x_wconf 89' lang='lat' dir='ltr'>sacrificatum</span> <span class='ocrx_word' id='word_1_466' title='bbox 812 3581 883 3640; x_wconf 81' lang='lat' dir='ltr'>itur,</span> <span class='ocrx_word' id='word_1_467' title='bbox 909 3587 940 3630; x_wconf 92' lang='lat' dir='ltr'>ut</span> <span class='ocrx_word' id='word_1_468' title='bbox 962 3597 1065 3632; x_wconf 87' lang='lat' dir='ltr'>annare</span> <span class='ocrx_word' id='word_1_469' title='bbox 1090 3595 1297 3646; x_wconf 88' lang='lat' dir='ltr'>perennareque</span> <span class='ocrx_word' id='word_1_470' title='bbox 1316 3595 1389 3630; x_wconf 90' lang='lat' dir='ltr'>com-</span> 
     </span>
     <span class='ocr_line' id='line_1_48' title="bbox 247 3645 1389 3714; baseline 0.002 -18"><span class='ocrx_word' id='word_1_471' title='bbox 247 3647 325 3696; x_wconf 87' lang='lat' dir='ltr'>mode</span> <span class='ocrx_word' id='word_1_472' title='bbox 344 3646 440 3696; x_wconf 89' lang='lat' dir='ltr'>liceat.</span> <span class='ocrx_word' id='word_1_473' title='bbox 464 3645 488 3693; x_wconf 83' lang='lat'>7.</span> <span class='ocrx_word' id='word_1_474' title='bbox 502 3646 553 3696; x_wconf 90' lang='lat' dir='ltr'>hoc</span> <span class='ocrx_word' id='word_1_475' title='bbox 573 3661 664 3696; x_wconf 88' lang='lat' dir='ltr'>menso</span> <span class='ocrx_word' id='word_1_476' title='bbox 678 3646 819 3696; x_wconf 86' lang='lat' dir='ltr'>mercedes</span> <span class='ocrx_word' id='word_1_477' title='bbox 833 3647 1000 3699; x_wconf 81' lang='lat' dir='ltr'>exeluebent</span> <span class='ocrx_word' id='word_1_478' title='bbox 1012 3650 1152 3714; x_wconf 77' lang='lat' dir='ltr'>magistris</span> <span class='ocrx_word' id='word_1_479' title='bbox 1165 3663 1233 3714; x_wconf 87' lang='lat' dir='ltr'>quas</span> <span class='ocrx_word' id='word_1_480' title='bbox 1246 3649 1389 3712; x_wconf 87' lang='lat' dir='ltr'>conpletas</span> 
     </span>
     <span class='ocr_line' id='line_1_49' title="bbox 247 3713 1390 3782; baseline 0 -18"><span class='ocrx_word' id='word_1_481' title='bbox 247 3729 335 3764; x_wconf 87' lang='lat' dir='ltr'>annus</span> <span class='ocrx_word' id='word_1_482' title='bbox 353 3713 448 3763; x_wconf 91' lang='lat' dir='ltr'>deberi</span> <span class='ocrx_word' id='word_1_483' title='bbox 462 3713 537 3772; x_wconf 76' lang='lat' dir='ltr'>fecit,</span> <span class='ocrx_word' id='word_1_484' title='bbox 559 3715 671 3764; x_wconf 89' lang='lat' dir='ltr'>comitia</span> <span class='ocrx_word' id='word_1_485' title='bbox 685 3714 910 3779; x_wconf 80' lang='lat' dir='ltr'>auspicabantur,</span> <span class='ocrx_word' id='word_1_486' title='bbox 929 3717 1083 3782; x_wconf 79' lang='lat' dir='ltr'>uectigalia</span> <span class='ocrx_word' id='word_1_487' title='bbox 1095 3718 1235 3776; x_wconf 79' lang='lat' dir='ltr'>locabant,</span> <span class='ocrx_word' id='word_1_488' title='bbox 1256 3721 1283 3766; x_wconf 87' lang='lat' dir='ltr'>ct</span> <span class='ocrx_word' id='word_1_489' title='bbox 1301 3719 1390 3765; x_wconf 89' lang='lat' dir='ltr'>seruis</span> 
     </span>
     <span class='ocr_line' id='line_1_50' title="bbox 247 3781 1391 3848; baseline 0.003 -18"><span class='ocrx_word' id='word_1_490' title='bbox 247 3796 348 3832; x_wconf 87' lang='lat' dir='ltr'>coenas</span> <span class='ocrx_word' id='word_1_491' title='bbox 368 3781 544 3847; x_wconf 86' lang='lat' dir='ltr'>adponcbant</span> <span class='ocrx_word' id='word_1_492' title='bbox 561 3787 712 3842; x_wconf 85' lang='lat' dir='ltr'>matronae,</span> <span class='ocrx_word' id='word_1_493' title='bbox 732 3787 762 3832; x_wconf 92' lang='lat' dir='ltr'>ut</span> <span class='ocrx_word' id='word_1_494' title='bbox 780 3783 882 3832; x_wconf 88' lang='lat' dir='ltr'>domini</span> <span class='ocrx_word' id='word_1_495' title='bbox 897 3784 1101 3834; x_wconf 85' lang='lat' dir='ltr'>Saturnalibus:</span> <span class='ocrx_word' id='word_1_496' title='bbox 1122 3784 1187 3834; x_wconf 87' lang='lat' dir='ltr'>illae</span> <span class='ocrx_word' id='word_1_497' title='bbox 1207 3789 1237 3832; x_wconf 91' lang='lat' dir='ltr'>ut</span> <span class='ocrx_word' id='word_1_498' title='bbox 1254 3784 1391 3848; x_wconf 89' lang='lat' dir='ltr'>principio</span> 
     </span>
     <span class='ocr_line' id='line_1_51' title="bbox 247 3849 1391 3916; baseline 0.002 -18"><span class='ocrx_word' id='word_1_499' title='bbox 247 3851 312 3898; x_wconf 85' lang='lat' dir='ltr'>anni</span> <span class='ocrx_word' id='word_1_500' title='bbox 332 3849 364 3898; x_wconf 87' lang='lat' dir='ltr'>ad</span> <span class='ocrx_word' id='word_1_501' title='bbox 384 3853 536 3913; x_wconf 87' lang='lat' dir='ltr'>promptum</span> <span class='ocrx_word' id='word_1_502' title='bbox 555 3849 714 3912; x_wconf 87' lang='lat' dir='ltr'>obsequium</span> <span class='ocrx_word' id='word_1_503' title='bbox 732 3849 834 3900; x_wconf 86' lang='lat' dir='ltr'>bonore</span> <span class='ocrx_word' id='word_1_504' title='bbox 854 3865 948 3902; x_wconf 85' lang='lat' dir='ltr'>seruos</span> <span class='ocrx_word' id='word_1_505' title='bbox 961 3854 1121 3911; x_wconf 71' lang='lat' dir='ltr'>insultarent,</span> <span class='ocrx_word' id='word_1_506' title='bbox 1141 3853 1170 3902; x_wconf 87' lang='lat' dir='ltr'>hi</span> <span class='ocrx_word' id='word_1_507' title='bbox 1189 3852 1391 3916; x_wconf 65' lang='lat' dir='ltr'>quiagratiarn</span> 
     </span>
     <span class='ocr_line' id='line_1_52' title="bbox 246 3916 1393 3984; baseline 0.002 -18"><span class='ocrx_word' id='word_1_508' title='bbox 246 3917 365 3981; x_wconf 88' lang='lat' dir='ltr'>perfecti</span> <span class='ocrx_word' id='word_1_509' title='bbox 383 3917 474 3981; x_wconf 87' lang='lat' dir='ltr'>operis</span> <span class='ocrx_word' id='word_1_510' title='bbox 493 3916 661 3966; x_wconf 79' lang='lat' dir='ltr'>exoluerent.</span> <span class='ocrx_word' id='word_1_511' title='bbox 691 3917 717 3966; x_wconf 87' lang='lat'>8.</span> <span class='ocrx_word' id='word_1_512' title='bbox 731 3917 885 3968; x_wconf 82' lang='lat' dir='ltr'>Secundum</span> <span class='ocrx_word' id='word_1_513' title='bbox 902 3935 1022 3970; x_wconf 86' lang='lat' dir='ltr'>mensem</span> <span class='ocrx_word' id='word_1_514' title='bbox 1041 3921 1194 3970; x_wconf 84' lang='lat' dir='ltr'>nominauit</span> <span class='ocrx_word' id='word_1_515' title='bbox 1206 3919 1340 3984; x_wconf 77' lang='lat' dir='ltr'>Aprilem,</span> <span class='ocrx_word' id='word_1_516' title='bbox 1361 3927 1393 3968; x_wconf 92' lang='lat' dir='ltr'>ut</span> 
     </span>
     <span class='ocr_line' id='line_1_53' title="bbox 247 3983 1391 4062; baseline 0.003 -30"><span class='ocrx_word' id='word_1_517' title='bbox 247 3983 356 4062; x_wconf 86' lang='lat' dir='ltr'>qnidam</span> <span class='ocrx_word' id='word_1_518' title='bbox 374 3988 480 4049; x_wconf 86' lang='lat' dir='ltr'>putant,</span> <span class='ocrx_word' id='word_1_519' title='bbox 501 3999 562 4034; x_wconf 90' lang='lat' dir='ltr'>curu</span> <span class='ocrx_word' id='word_1_520' title='bbox 581 3985 749 4048; x_wconf 86' lang='lat' dir='ltr'>aspiratione</span> <span class='ocrx_word' id='word_1_521' title='bbox 774 3987 852 4048; x_wconf 89' lang='lat' dir='ltr'>quasi</span> <span class='ocrx_word' id='word_1_522' title='bbox 870 3987 1009 4053; x_wconf 91' lang='lat' dir='ltr'>Aphrilem</span> <span class='ocrx_word' id='word_1_523' title='bbox 1033 4003 1049 4036; x_wconf 86' lang='lat' dir='ltr'>n</span> <span class='ocrx_word' id='word_1_524' title='bbox 1073 4003 1170 4053; x_wconf 86' lang='lat' dir='ltr'>spuma</span> <span class='ocrx_word' id='word_1_525' title='bbox 1188 4001 1269 4052; x_wconf 89' lang='lat' dir='ltr'>quam</span> <span class='ocrx_word' id='word_1_526' title='bbox 1288 3986 1391 4036; x_wconf 82' lang='lat' dir='ltr'>Graeci</span> 
     </span>
     <span class='ocr_line' id='line_1_54' title="bbox 246 4043 1391 4116; baseline 0.003 -16"><span class='ocrx_word' id='word_1_527' title='bbox 246 4043 343 4116; x_wconf 80' lang='grc' dir='ltr'><strong>αφρόν</strong></span> <span class='ocrx_word' id='word_1_528' title='bbox 361 4057 462 4100; x_wconf 83' lang='lat' dir='ltr'>uocant</span> <span class='ocrx_word' id='word_1_529' title='bbox 480 4051 550 4100; x_wconf 87' lang='lat' dir='ltr'>unde</span> <span class='ocrx_word' id='word_1_530' title='bbox 570 4057 631 4100; x_wconf 89' lang='lat' dir='ltr'>orta</span> <span class='ocrx_word' id='word_1_531' title='bbox 644 4053 735 4102; x_wconf 70' lang='lat' dir='ltr'>Veners</span> <span class='ocrx_word' id='word_1_532' title='bbox 749 4053 878 4106; x_wconf 89' lang='lat' dir='ltr'>creditur.</span> <span class='ocrx_word' id='word_1_533' title='bbox 909 4055 1026 4106; x_wconf 76' lang='lat' dir='ltr'>ethnae</span> <span class='ocrx_word' id='word_1_534' title='bbox 1040 4054 1148 4106; x_wconf 88' lang='lat' dir='ltr'>Romuli</span> <span class='ocrx_word' id='word_1_535' title='bbox 1161 4057 1292 4105; x_wconf 86' lang='lat' dir='ltr'>adserunt</span> <span class='ocrx_word' id='word_1_536' title='bbox 1303 4055 1391 4103; x_wconf 85' lang='lat' dir='ltr'>fuisse</span> 
     </span>
     <span class='ocr_line' id='line_1_55' title="bbox 246 4119 1391 4186; baseline 0.002 -18"><span class='ocrx_word' id='word_1_537' title='bbox 246 4121 390 4180; x_wconf 88' lang='lat' dir='ltr'>rationem,</span> <span class='ocrx_word' id='word_1_538' title='bbox 410 4124 441 4168; x_wconf 89' lang='lat' dir='ltr'>ut</span> <span class='ocrx_word' id='word_1_539' title='bbox 458 4120 573 4184; x_wconf 89' lang='lat' dir='ltr'>primum</span> <span class='ocrx_word' id='word_1_540' title='bbox 598 4119 706 4184; x_wconf 91' lang='lat' dir='ltr'>quidem</span> <span class='ocrx_word' id='word_1_541' title='bbox 725 4135 846 4172; x_wconf 85' lang='lat' dir='ltr'>mensem</span> <span class='ocrx_word' id='word_1_542' title='bbox 870 4137 886 4170; x_wconf 87' lang='lat' dir='ltr'>a</span> <span class='ocrx_word' id='word_1_543' title='bbox 909 4129 987 4186; x_wconf 88' lang='lat' dir='ltr'>patre</span> <span class='ocrx_word' id='word_1_544' title='bbox 1011 4139 1060 4174; x_wconf 90' lang='lat' dir='ltr'>suo</span> <span class='ocrx_word' id='word_1_545' title='bbox 1079 4125 1167 4173; x_wconf 87' lang='lat' dir='ltr'>hiarte</span> <span class='ocrx_word' id='word_1_546' title='bbox 1186 4123 1335 4173; x_wconf 88' lang='lat' dir='ltr'>secundum</span> <span class='ocrx_word' id='word_1_547' title='bbox 1354 4123 1391 4171; x_wconf 90' lang='lat' dir='ltr'>ah</span> 
     </span>
     <span class='ocr_line' id='line_1_56' title="bbox 246 4187 1390 4255; baseline 0.003 -20"><span class='ocrx_word' id='word_1_548' title='bbox 246 4187 358 4236; x_wconf 84' lang='lat' dir='ltr'>Aeneae</span> <span class='ocrx_word' id='word_1_549' title='bbox 377 4191 466 4236; x_wconf 88' lang='lat' dir='ltr'>matre</span> <span class='ocrx_word' id='word_1_550' title='bbox 485 4187 592 4236; x_wconf 89' lang='lat' dir='ltr'>Venere</span> <span class='ocrx_word' id='word_1_551' title='bbox 611 4188 780 4249; x_wconf 80' lang='lat' dir='ltr'>nominaret,</span> <span class='ocrx_word' id='word_1_552' title='bbox 805 4193 833 4238; x_wconf 86' lang='lat' dir='ltr'>et</span> <span class='ocrx_word' id='word_1_553' title='bbox 856 4189 883 4238; x_wconf 94' lang='lat' dir='ltr'>hi</span> <span class='ocrx_word' id='word_1_554' title='bbox 903 4191 1072 4254; x_wconf 88' lang='lat' dir='ltr'>potissimum</span> <span class='ocrx_word' id='word_1_555' title='bbox 1093 4192 1158 4240; x_wconf 91' lang='lat' dir='ltr'>anui</span> <span class='ocrx_word' id='word_1_556' title='bbox 1177 4191 1316 4255; x_wconf 85' lang='lat' dir='ltr'>principia</span> <span class='ocrx_word' id='word_1_557' title='bbox 1333 4205 1390 4239; x_wconf 88' lang='lat' dir='ltr'>ser-</span> 
     </span>
     <span class='ocr_line' id='line_1_57' title="bbox 247 4254 1391 4322; baseline 0.004 -20"><span class='ocrx_word' id='word_1_558' title='bbox 247 4259 345 4302; x_wconf 88' lang='lat' dir='ltr'>uarent</span> <span class='ocrx_word' id='word_1_559' title='bbox 370 4269 387 4302; x_wconf 92' lang='lat' dir='ltr'>a</span> <span class='ocrx_word' id='word_1_560' title='bbox 410 4254 506 4316; x_wconf 90' lang='lat' dir='ltr'>quibus</span> <span class='ocrx_word' id='word_1_561' title='bbox 526 4260 601 4304; x_wconf 84' lang='lat' dir='ltr'>esset</span> <span class='ocrx_word' id='word_1_562' title='bbox 618 4255 735 4304; x_wconf 88' lang='lat' dir='ltr'>Romani</span> <span class='ocrx_word' id='word_1_563' title='bbox 753 4257 870 4306; x_wconf 89' lang='lat' dir='ltr'>nominis</span> <span class='ocrx_word' id='word_1_564' title='bbox 889 4259 980 4320; x_wconf 75' lang='lat' dir='ltr'>origo,</span> <span class='ocrx_word' id='word_1_565' title='bbox 1006 4274 1066 4309; x_wconf 92' lang='lat' dir='ltr'>cum</span> <span class='ocrx_word' id='word_1_566' title='bbox 1090 4259 1224 4322; x_wconf 90' lang='lat' dir='ltr'>hodieque</span> <span class='ocrx_word' id='word_1_567' title='bbox 1249 4259 1277 4306; x_wconf 91' lang='lat' dir='ltr'>in</span> <span class='ocrx_word' id='word_1_568' title='bbox 1300 4259 1391 4307; x_wconf 87' lang='lat' dir='ltr'>sacris</span> 
     </span>
     <span class='ocr_line' id='line_1_58' title="bbox 247 4321 1391 4392; baseline 0.005 -22"><span class='ocrx_word' id='word_1_569' title='bbox 247 4321 364 4370; x_wconf 85' lang='lat' dir='ltr'>Martem</span> <span class='ocrx_word' id='word_1_570' title='bbox 382 4325 488 4385; x_wconf 90' lang='lat' dir='ltr'>patrem</span> <span class='ocrx_word' id='word_1_571' title='bbox 507 4323 641 4372; x_wconf 86' lang='lat' dir='ltr'>Venerem</span> <span class='ocrx_word' id='word_1_572' title='bbox 660 4323 823 4388; x_wconf 81' lang='lat' dir='ltr'>genitricem</span> <span class='ocrx_word' id='word_1_573' title='bbox 840 4339 978 4375; x_wconf 87' lang='lat' dir='ltr'>nocemus.</span> <span class='ocrx_word' id='word_1_574' title='bbox 1008 4326 1032 4376; x_wconf 85' lang='grc'>9.</span> <span class='ocrx_word' id='word_1_575' title='bbox 1053 4327 1102 4376; x_wconf 87' lang='lat' dir='ltr'>alii</span> <span class='ocrx_word' id='word_1_576' title='bbox 1125 4331 1224 4392; x_wconf 88' lang='lat' dir='ltr'>putant</span> <span class='ocrx_word' id='word_1_577' title='bbox 1247 4324 1391 4376; x_wconf 81' lang='lat' dir='ltr'>Romulum</span> 
     </span>
     <span class='ocr_line' id='line_1_59' title="bbox 246 4386 1390 4460; baseline 0.007 -24"><span class='ocrx_word' id='word_1_578' title='bbox 246 4387 292 4436; x_wconf 91' lang='lat' dir='ltr'>nel</span> <span class='ocrx_word' id='word_1_579' title='bbox 311 4386 409 4437; x_wconf 87' lang='lat' dir='ltr'>altiore</span> <span class='ocrx_word' id='word_1_580' title='bbox 428 4389 574 4452; x_wconf 87' lang='lat' dir='ltr'>prudentia</span> <span class='ocrx_word' id='word_1_581' title='bbox 592 4389 636 4440; x_wconf 89' lang='lat' dir='ltr'>uel</span> <span class='ocrx_word' id='word_1_582' title='bbox 656 4391 724 4440; x_wconf 89' lang='lat' dir='ltr'>certi</span> <span class='ocrx_word' id='word_1_583' title='bbox 744 4391 863 4442; x_wconf 86' lang='lat' dir='ltr'>numinis</span> <span class='ocrx_word' id='word_1_584' title='bbox 874 4393 1050 4457; x_wconf 85' lang='lat' dir='ltr'>prouidentia</span> <span class='ocrx_word' id='word_1_585' title='bbox 1068 4395 1109 4444; x_wconf 82' lang='lat' dir='ltr'>ita</span> <span class='ocrx_word' id='word_1_586' title='bbox 1125 4394 1227 4460; x_wconf 88' lang='lat' dir='ltr'>primos</span> <span class='ocrx_word' id='word_1_587' title='bbox 1245 4392 1390 4444; x_wconf 81' lang='lat' dir='ltr'>ordinasse</span> 
     </span>
    </p>
   </div>
   <div class='ocr_carea' id='block_1_3' title="bbox 0 0 1544 5064">
    <p class='ocr_par' dir='ltr' id='par_1_4' title="bbox 0 0 1544 5064">
     <span class='ocr_line' id='line_1_60' title="bbox 0 0 1544 5064; baseline 0 0"><span class='ocrx_word' id='word_1_588' title='bbox 0 0 1544 5064; x_wconf 95' lang='lat' dir='ltr'> </span> 
     </span>
    </p>
   </div>
  </div>
 </body>
</html>
