3190 5098
674 403 777 446 curve
801 405 824 444 u
1261 387 1322 450 433

181 547 327 611 Suetonio
340 551 446 612 deberi
461 554 526 613 veri
545 563 590 612 ost
609 555 802 617 slmillimum.
825 555 919 616 veluti
932 577 957 616 c.
971 557 1059 616 tertio
1076 557 1113 617 de
1131 557 1321 620 hebdomade

181 651 318 724 disserit,
337 673 363 712 c.
376 655 480 732 quinto
500 655 646 715 describit
663 658 856 716 concordiam
867 660 1029 728 mensium,
1045 679 1070 718 c.
1087 661 1215 738 septimo
1229 659 1321 720 trudit

99 741 101 746 ¹
179 763 323 832 quattuor
334 756 403 814 anni
415 765 583 836 temporum
594 759 715 818 uomina
725 761 1016 838 naturssprincipia,
1029 761 1163 842 deniquo
1175 783 1200 822 c.
1211 773 1320 823 octavo

180 854 218 914 de
231 855 360 915 solstitio
375 866 405 916 et
417 860 610 939 aequinoctio
627 859 750 919 brevem
763 862 900 921 notitiam
913 861 1060 939 adiungit.
1082 883 1162 942 quse
1176 865 1276 924 omnis
1286 872 1321 924 ut

179 977 239 1016 non
262 957 364 1016 dubito
391 958 596 1020 Suetouianae
619 962 832 1042 disputationis
858 964 1024 1042 particulas
1053 984 1246 1045 nuncupare,
1278 968 1322 1026 ita

180 1062 269 1120 etiam
286 1061 334 1120 lric
353 1063 509 1122 fatendum
525 1073 571 1124 est
587 1064 740 1144 antiquam
754 1066 927 1124 memorium
948 1065 986 1125 ab
1003 1067 1122 1126 Isidoro
1143 1069 1265 1147 saepius
1284 1087 1320 1126 eo

180 1174 349 1243 corruptam
366 1165 528 1244 essequod
542 1166 663 1224 novicis
675 1164 914 1226 Christianorum
930 1169 1146 1228 institututum
1165 1169 1319 1230 veteribus

180 1265 389 1325 confunderet.
413 1267 494 1346 quod
512 1268 543 1326 in
556 1268 660 1348 primis
670 1268 784 1328 facturn
801 1278 848 1328 est
863 1269 895 1328 in
909 1290 936 1328 c.
950 1271 1040 1329 tertio
1058 1270 1179 1349 (fragm.
1199 1281 1245 1336 117
1255 1270 1319 1350 **),

179 1389 238 1448 quo
256 1368 458 1447 septenariam
476 1369 593 1428 dierum
608 1370 773 1430 secundum
788 1372 910 1430 nemina
921 1371 1111 1450 planetarum
1128 1373 1319 1448 divisionem,

178 1493 257 1554 quae
278 1495 296 1532 a
312 1470 458 1534 Romanis
477 1467 605 1532 Suetoni
623 1472 687 1530 fere
707 1482 808 1533 aetate
828 1469 882 1552 (cf.
896 1473 982 1534 Cass.
996 1475 1056 1534 Dio
1067 1483 1111 1547 37,
1133 1473 1176 1556 18)
1189 1476 1220 1534 in
1235 1493 1320 1535 usum

179 1595 364 1636 communem
376 1579 501 1650 recepta
514 1580 570 1644 est,
584 1591 650 1631 eum
660 1572 832 1634 Christiano
846 1578 987 1636 feriarum
1001 1576 1106 1636 ordine
1117 1578 1320 1639 commutavit.

178 1686 210 1738 ut
221 1687 431 1738 remanserunt
440 1685 541 1736 tamen
553 1679 666 1737 veteris
676 1669 804 1737 instituti
816 1677 966 1756 vestigia,
983 1677 1035 1736 ubi
1047 1687 1187 1736 narratur
1198 1697 1259 1759 qus
1273 1699 1320 1740 ra·

177 1782 259 1840 tione
273 1779 356 1839 ducti
375 1779 492 1857 antiqui
511 1799 549 1838 ex
561 1779 694 1857 planetis
712 1779 819 1840 diebus
835 1782 957 1841 nomiae
970 1779 1118 1840 dederim.
1136 1781 1188 1840 sed
1201 1783 1319 1861 nequis

178 1882 284 1942 eredat
295 1884 394 1961 ipsum
404 1900 438 1940 se
450 1879 520 1938 huic
529 1881 735 1959 superstitioni
749 1881 907 1942 addixisse
920 1891 1007 1942 caute
1019 1881 1120 1941 addit:
1137 1887 1202 1940 tulis
1214 1889 1320 1958 quippe

175 1989 327 2060 peutilibus
346 1987 441 2042 extitit
462 1986 653 2055 stultitiaque·
671 1987 725 2042 siti
744 1987 898 2056 finxerunt
918 1995 976 2044 tum
997 1989 1153 2044 ridiculoso
1172 1989 1318 2060 fipmeutu.

178 2086 288 2146 deinde
301 2107 327 2146 c.
340 2086 444 2166 quinto
458 2082 507 2141 ubi
520 2083 558 2142 de
571 2083 734 2144 eoncordIa
745 2087 891 2144 meusium
905 2107 1003 2146 sermo
1019 2097 1066 2144 est
1077 2087 1199 2146 nimium
1217 2107 1249 2146 se
1261 2087 1317 2150 Isi·

178 2187 307 2246 dorusin
319 2184 486 2246 breviando
499 2186 661 2263 praestitit.
685 2189 844 2266 conposita
856 2190 934 2248 enim
951 2199 997 2247 est
1013 2188 1068 2246 illa
1082 2190 1229 2248 mensium
1248 2209 1317 2248 con-

177 2289 281 2348 cordia
293 2287 331 2346 ad
341 2286 488 2364 horologii
497 2289 663 2362 rationem3
677 2287 732 2345 sed
745 2287 896 2366 quomodo
909 2309 946 2348 eo
959 2291 1068 2348 existat
1078 2291 1211 2351 Isidorus
1224 2311 1317 2370 expo·

176 2410 249 2449 nere
262 2389 443 2468 supersedit.
460 2388 543 2470 quod
561 2388 701 2447 damnum
720 2391 883 2451 resarcitur
900 2392 1078 2471 plenissima
1089 2411 1127 2451 ea
1146 2391 1183 2449 de
1201 2411 1233 2450 re
1248 2391 1317 2451 Pal·

175 2491 237 2552 ladi
257 2492 479 2572 disputatione,
499 2491 598 2571 quiin
617 2490 762 2552 librorum
775 2491 885 2554 finibus
904 2494 1044 2552 horarum
1063 2513 1235 2554 mensuram
1253 2495 1318 2552 eius

176 2596 288 2654 mensis
305 2594 389 2652 cuius
407 2575 546 2654 naturam
568 2593 761 2654 inlustrasset
782 2597 909 2674 eiusque
925 2613 1054 2676 quocum
1072 2595 1124 2655 ille
1144 2597 1319 2654 convenitet

176 2709 319 2756 accurate
332 2695 519 2776 conparavit.
535 2697 587 2775 qui
600 2716 667 2754 cum
679 2698 708 2756 iu
721 2697 823 2757 verbis
837 2696 914 2756 adeo
927 2697 1044 2756 Isidoro
1061 2697 1231 2756 consentiat
1245 2715 1317 2756 eun·

176 2798 244 2858 dem
258 2807 412 2859 auctorem
424 2797 511 2878 sequi
523 2799 657 2874 arguitur
669 2819 760 2878 quern
772 2797 969 2877 exscripserit
979 2797 1124 2856 Isidorus.
1147 2817 1173 2856 c.
1189 2799 1317 2877 septimo

174 2900 348 2982 Tranquilli
360 2899 456 2960 verbu
468 2920 550 2959 more
565 2921 618 2960 suu
630 2900 832 2962 Ambrosiam.
846 2911 1013 2978 temporum
1026 2901 1096 2958 unni
1112 2899 1317 2979 descriptione

175 3003 387 3082 interpolavit,
407 3001 462 3062 sed
481 3011 582 3062 tamen
600 3004 642 3062 ita
655 3011 689 3061 ut
703 3003 791 3062 huius
808 3005 859 3083 qui
870 3011 973 3082 'super
991 3013 1038 3062 est
1053 3001 1148 3062 verba
1164 3003 1247 3062 facili
1264 3021 1316 3062 ns·

124 3149 127 3154 Δ
175 3107 256 3183 gotio
276 3105 392 3164 abillis
410 3114 563 3162 secernas.
597 3103 784 3165 Suetoniana
808 3115 909 3164 autem
929 3115 1093 3184 propterea
1113 3104 1242 3162 maximo
1263 3125 1316 3162 no·

174 3206 281 3268 tabilia
294 3215 363 3266 suut
376 3205 456 3287 quod
472 3204 544 3264 inde
557 3205 700 3266 discimus
713 3209 778 3266 eius
790 3215 891 3266 aetate
903 3216 1069 3285 temporum
1085 3203 1234 3282 principia
1247 3225 1315 3282 pro·

175 3313 242 3390 pius
259 3311 350 3370 etiam
365 3327 454 3390 quern
472 3306 510 3366 ab
527 3307 656 3367 Eudoxo
674 3310 788 3368 factum
804 3317 871 3368 erat
887 3308 941 3384 (cf.
961 3308 1167 3366 Mommsenus
1180 3304 1315 3364 chronol.

175 3414 300 3492 Remp.
315 3411 362 3488 65)
376 3411 414 3470 ad
431 3410 585 3470 naturales
598 3411 669 3469 anni
682 3411 822 3470 cardines
838 3409 969 3468 solstitia
985 3417 1017 3466 et
1034 3407 1228 3485 aequinoctio
1246 3425 1316 3463 con·

175 3515 281 3574 stituta
293 3535 372 3574 esso.
392 3533 470 3594 quse
483 3511 559 3572 ratio
573 3531 640 3570 curu
651 3522 773 3572 nostroe
787 3519 933 3588 congruat
944 3518 1046 3568 tamen
1059 3507 1214 3587 paululum
1227 3506 1264 3564 ub
1280 3527 1316 3564 eo

176 3614 292 3687 differt,
305 3615 455 3695 siquidem
468 3623 635 3694 temporum
647 3615 796 3694 principia
805 3635 865 3674 non
876 3612 949 3692 Ipsis
960 3610 1097 3669 solstitiis
1110 3617 1141 3668 et
1152 3609 1315 3688 aequiuoc-

175 3716 224 3776 tiis
235 3717 310 3776 liunt
322 3717 376 3775 sed
387 3737 507 3798 semper
518 3737 578 3776 uno
591 3737 693 3776 mense
709 3717 764 3774 hos
777 3717 847 3775 anni
860 3713 1000 3772 cardines
1012 3711 1210 3790 praecedunt.
1235 3709 1315 3790 quod

175 3817 244 3876 ideo
259 3818 374 3878 facturn
390 3820 512 3878 virletur
525 3839 564 3878 ne
580 3819 657 3879 haec
671 3837 753 3876 novo
768 3819 838 3876 anni
858 3817 967 3876 divisio
982 3816 1103 3874 nimium
1125 3813 1248 3892 apriori
1268 3833 1302 3869 ra
1395 3857 1396 3860 η

174 3919 256 3978 tione
271 3921 441 3980 recederet.
476 3922 520 3980 sic
538 3941 575 3980 ex
594 3920 780 3980 Suetoniano
796 3929 829 3978 ut
844 3918 979 3978 breviter
994 3916 1092 3975 dicam
1110 3915 1246 3973 instituto
1262 3931 1316 3972 ver

110 4073 114 4078 .
174 4020 253 4080 VIII
267 4021 338 4082 Kal.
355 4023 445 4084 Mart.
464 4025 613 4084 exoritur:
633 4020 756 4102 quodie
773 4019 983 4090 hirundinem,
1006 4037 1085 4098 quae
1098 4017 1221 4076 rusticis
1235 4015 1316 4074 veris

174 4123 279 4182 nuntia
297 4125 370 4198 fuit,
386 4124 512 4202 primam
528 4125 557 4183 in
573 4125 665 4184 Italia
680 4124 775 4182 vittam
791 4141 860 4182 esso
874 4121 992 4180 Plinius
1009 4121 1045 4178 N.
1059 4121 1098 4178 H.
1115 4119 1146 4178 Il
1164 4127 1211 4180 ert
1226 4117 1316 4176 docet

174 4223 228 4300 (cs.
246 4225 417 4284 Columella
433 4226 463 4285 Il
482 4225 537 4302 le).
567 4203 726 4284 mediaest
742 4225 833 4302 igitur
851 4222 976 4282 Suetoni
993 4223 1069 4280 ratio
1084 4221 1163 4279 inter
1179 4229 1315 4278 veterum

173 4325 377 4386 Romanorum
394 4337 425 4386 ct
440 4335 572 4386 nostram
589 4325 854 4401 consuetudinem
871 4345 931 4404 que
947 4335 1037 4404 pacto
1054 4330 1253 4401 recuperatus
1269 4329 1316 4380 est

174 4430 260 4507 quasi
280 4428 403 4510 quidam
423 4429 583 4500 transitus,
605 4447 694 4508 quem
708 4427 896 4486 desideravit
910 4427 1115 4486 Mommsenus
1131 4423 1150 4482 l.
1165 4445 1193 4486 c.
1212 4443 1240 4503 p.
1252 4433 1315 4486 303.

224 4544 343 4580 susrosr
364 4545 426 4581 nsi..
1071 4517 1111 4582 28
