3162 5058
516 403 688 445 vaanoavrt
712 405 950 446 urrannsurrsu
1241 393 1306 456 279

241 549 448 614 Mrsnaarvs
474 559 507 614 et
535 557 719 632 ursnnrvs]
753 551 839 636 quod
868 552 1016 616 miserari
1046 553 1243 618 calamitatis
1269 565 1301 618 et

158 649 307 714 fortunae
335 651 470 716 alterius
495 678 527 715 ss
548 659 584 715 ut
611 657 685 716 ‘roe
714 653 809 716 liccat
843 673 964 716 casum.
986 654 1134 718 miserari
1163 656 1300 720 insontis

156 753 270 817 amici’
299 762 332 817 et
353 753 516 844 ‘extincto
543 755 715 818 miseratus
735 779 784 818 sss
812 755 980 838 egrestis'3
1013 755 1161 820 misereri
1190 767 1298 822 autem

157 855 274 940 †opns
292 856 320 918 si
338 856 441 942 ipsius
457 855 597 919 hominis
613 864 678 930 est,
701 863 736 919 ut
760 855 905 936 ‘Turne‚
929 857 963 918 in
980 865 1012 921 te
1029 877 1181 942 suprema
1202 856 1299 939 salus,

136 945 310 1021 miserere
332 957 495 1021 tuorumi'
1266 1023 1270 1030 ,

240 1073 366 1122 nervas
390 1073 553 1121 risioni-:u
580 1067 612 1120 et
640 1063 820 1139 Pavonum]
848 1067 953 1122 metus
986 1059 1098 1122 futura
1125 1059 1298 1145 prospicit;

155 1159 251 1224 timor
271 1159 380 1224 subita
402 1160 521 1223 mentis
545 1161 776 1242 consternati03
812 1181 916 1245 pauor
938 1160 1038 1222 animi
1061 1170 1182 1241 motus,
1211 1159 1299 1224 undo

155 1261 253 1324 etiam
276 1260 397 1347 pauide
415 1261 560 1324 iumenta
582 1259 745 1324 dicuntur.

155 1501 265 1551 datiuus
284 1515 365 1550 casus
384 1505 438 1561 εει,
462 1503 505 1549 ut:
525 1500 578 1549 Dio
596 1499 675 1556 milri,
694 1501 839 1562 Damoeta,
860 1499 949 1549 onium
968 1503 1069 1566 pecus?
1088 1501 1123 1550 mi
1141 1505 1298 1564 uocatiuus,

154 1577 183 1618 nt
201 1586 216 1618 o
235 1570 273 1618 mi
290 1583 359 1634 puer
376 1567 420 1618 aci
439 1585 454 1617 o
474 1569 510 1618 mi
528 1583 625 1628 senex;
656 1583 720 1618 nam
738 1569 815 1618 uenit
834 1585 850 1618 a
863 1569 1033 1618 nominatiuo
1046 1585 1130 1630 meus,
1151 1585 1202 1619 noc
1222 1569 1297 1619 aliud

154 1637 294 1704 significat
312 1637 341 1685 in
363 1635 514 1686 masculino
537 1639 607 1685 omi
627 1651 706 1702 quam
724 1636 752 1686 in
772 1636 902 1686 feminino
922 1653 937 1687 o
956 1653 1025 1686 mea.
1057 1637 1174 1702 deniqne
1194 1639 1223 1687 in
1241 1653 1296 1687 om-

155 1705 233 1754 nibus
251 1706 310 1754 iere
330 1703 478 1754 comoediis
497 1703 533 1752 mi
547 1703 582 1752 ad
595 1704 775 1754 masculinum
789 1703 896 1764 dieitur,
917 1703 952 1753 ad
966 1705 1125 1754 femininum
1139 1719 1295 1771 numquam.

155 1773 223 1838 quod
242 1773 266 1822 εἰ
285 1771 442 1822 interiectio
461 1776 543 1834 esset,
563 1773 648 1820 etiam
666 1771 775 1822 diuerso
794 1773 871 1822 soriti
890 1775 1040 1823 communis
1054 1778 1136 1822 esset.
1167 1771 1296 1822 dixerunt

157 1848 249 1890 tamen
267 1839 305 1888 mi
324 1855 372 1906 pro
391 1837 476 1888 mihi!

237 1909 386 1958 Miseratus
406 1911 434 1956 ει
452 1903 590 1972 misertus]
606 1906 629 1956 G
647 1923 673 1973 p.
693 1906 766 1957 9211.
780 1907 826 1956 42:
847 1907 1018 1957 ‘Miseremnr
1036 1923 1096 1958 oum
1115 1907 1211 1958 eodem
1229 1913 1297 1959 tem-

156 1992 219 2040 pore
247 1981 276 2026 et
299 1975 334 2026 de
358 1973 474 2024 alienius
498 1989 565 2024 casu
589 1974 663 2026 dolet
685 1975 767 2026 nobis
792 1981 821 2024 ει
838 1976 1013 2026 subuenimus
1036 1976 1188 2038 laboranti3
1216 1978 1296 2028 mise-

156 2045 209 2093 rari
234 2049 278 2094 εει
301 2043 440 2094 consolari
463 2045 569 2091 tantum
594 2047 621 2091 ει
646 2043 718 2092 intra
749 2043 876 2092 affectum
902 2043 1002 2092 doloris
1027 2043 1109 2093 esse.’
1151 2044 1176 2092 H
1198 2060 1224 2110 p.
1253 2043 1296 2094 13:

157 2111 326 2160 ‘Misercmur
338 2125 399 2160 oum
413 2109 507 2160 eodem
521 2117 643 2175 tempore
664 2116 691 2162 et
710 2110 786 2160 dolet
803 2111 882 2160 nobis
896 2111 928 2160 de
949 2111 1066 2160 alicuius
1085 2127 1170 2160 causa
1190 2119 1218 2160 ει
1235 2112 1296 2161 sub·

154 2181 276 2228 uenimus
295 2178 442 2229 laboranti.
477 2179 603 2228 miserari
627 2177 764 2228 consolari
788 2184 894 2244 tantum
915 2183 957 2226 est
980 2179 1054 2228 intra
1074 2179 1201 2227 affectum
1221 2178 1295 2230 doio-

154 2245 208 2296 ris.'
245 2245 340 2297 1350:
367 2247 457 2296 ‘Inter
480 2246 692 2296 misericordiam
719 2251 747 2295 et
769 2247 983 2296 miserationem.
1025 2247 1095 2295 bene
1119 2245 1190 2294 uelio
1215 2249 1295 2296 mise·

154 2315 291 2364 ricordiae
311 2319 366 2376 est,
392 2313 463 2363 bene
486 2313 580 2363 iacere
605 2314 801 2364 miserationis.
844 2313 946 2362 dicitur
969 2315 1040 2362 enim
1059 2313 1199 2362 miseratio
1219 2315 1296 2378 quasi

155 2381 360 2432 misericordiae
384 2383 468 2430 actio.
509 2397 571 2430 nam
596 2381 785 2432 misericordia
808 2381 924 2431 affectus
948 2385 1054 2429 tantum
1073 2381 1162 2430 cordis
1182 2385 1295 2448 estque

155 2449 342 2516 compellimur
368 2455 399 2498 ut
422 2449 528 2498 miseris
552 2450 755 2500 subueniamns.
792 2454 958 2514 quapropter
980 2446 1172 2498 misericordia
1196 2449 1295 2498 condo-

154 2518 209 2567 lere
227 2519 330 2567 misero
350 2518 428 2566 nouit
446 2517 498 2566 etsi
517 2531 570 2566 non
589 2517 625 2568 sit
644 2517 712 2567 unde
732 2518 882 2576 tribuatur;
902 2517 1040 2565 miseratio
1054 2521 1145 2565 autem
1160 2531 1193 2566 ex
1212 2533 1295 2582 opere

155 2583 365 2650 comprobatur)
388 2611 423 2621 -
457 2585 559 2634 Paulus
583 2585 661 2634 Festi
683 2601 709 2650 p.
737 2583 796 2634 123:
821 2583 982 2634 ‘Miseratus
1005 2585 1029 2633 is
1053 2585 1099 2648 qai
1123 2585 1297 2648 conqueritur

156 2653 246 2704 aliena
265 2653 446 2710 incommodo,
466 2653 611 2702 miseretur
628 2653 652 2702 is
671 2653 717 2718 qui
735 2653 861 2702 misorum
880 2649 1026 2700 subleuat'
1061 2650 1164 2701 Nonius
1187 2668 1212 2718 p.
1231 2651 1297 2701 ato:

157 2720 292 2770 ‘Misereri
311 2727 339 2769 ει
357 2721 482 2770 misereri
506 2721 593 2770 ceteri
610 2719 654 2769 his
673 2721 797 2769 sensibus
817 2735 877 2769 esso
895 2719 1050 2780 uoluerunt,
1069 2719 1152 2768 nteit
1171 2719 1296 2770 miserari

156 2789 217 2838 flere
236 2795 266 2840 ει
285 2789 448 2848 lamentari,
472 2789 596 2838 misereri
621 2789 825 2838 miserationem
850 2787 949 2837 alienis
969 2788 1080 2837 casibus
1099 2787 1244 2850 exhiber03
1269 2793 1297 2837 et

157 2857 245 2907 setino
270 2857 306 2906 ad
328 2855 443 2921 primurn
463 2855 606 2916 affectum,
634 2857 746 2921 pessino
770 2855 804 2904 od
829 2855 985 2904 secundum.
1021 2856 1122 2904 Accius
1141 2856 1296 2918 Eurysace:

156 2923 187 2972 Ei
205 2925 289 2986 mihi,
312 2929 342 2973 ut
366 2923 448 2973 etiarn
472 2923 542 2972 haec
562 2939 673 2976 erumna
692 2925 761 2972 hacc
779 2923 847 2972 mihi
866 2922 967 2972 luctum
987 2923 1064 2972 addit
1081 2923 1214 2973 luctibus!
1239 2922 1295 2973 alia

155 3007 285 3056 persona:
305 2992 378 3053 Quid
396 2991 521 3040 miserari
539 2991 567 3040 id
586 3007 627 3041 me
647 2992 813 3055 Enmsscem
832 2997 906 3040 tuam
920 2990 1059 3040 solitatem
1079 3007 1220 3052 memoras¹
1242 2991 1296 3042 for-

156 3061 240 3110 midas
259 3059 330 3108 tibi?
348 3065 374 3107 to
394 3059 618 3108 conmiserabara·
631 3061 720 3122 magis
739 3073 820 3124 quom
838 3059 991 3108 miserebor
1003 3059 1066 3108 mei.
1097 3065 1125 3109 et
1143 3059 1235 3110 multis
1254 3065 1295 3108 ta-

156 3127 193 3177 lia
212 3133 240 3178 et
259 3127 409 3192 aliquando
428 3131 530 3176 uexato
549 3125 717 3191 generibus)

238 3197 342 3245 Motum
360 3195 485 3244 timorem
505 3199 531 3244 et
550 3191 689 3259 pauorem]
709 3193 732 3242 G
753 3211 778 3259 p.
798 3191 874 3243 9311.
895 3194 940 3242 52:
961 3193 1061 3244 ‘Motus
1081 3194 1173 3245 sutura
1190 3195 1295 3260 prospi-

157 3263 205 3326 cit,
229 3265 313 3314 timor
336 3261 427 3312 subita
450 3263 549 3311 arentis
573 3264 759 3312 consternatio
785 3268 839 3322 est,
868 3277 955 3328 ponor
979 3267 1069 3311 autern
1093 3269 1189 3312 motus.
1232 3263 1294 3311 inde

156 3333 236 3381 etiarn
255 3331 361 3398 pauida
379 3331 502 3379 iumenta
520 3328 655 3379 dicimus.⁸
692 3330 715 3378 R
740 3346 765 3395 p.
785 3327 847 3379 312:
875 3331 917 3374 ‘a
935 3329 959 3396 a]
979 3343 995 3373 a
1013 3330 1120 3379 instans
1142 3328 1294 3394 periculum

156 3400 248 3458 efficit,
270 3398 342 3463 quod
362 3402 409 3446 aut
426 3397 502 3446 uidet
521 3403 569 3446 ortt
587 3399 697 3458 metuit;
715 3397 782 3448 item
801 3403 888 3458 metus
903 3403 945 3447 est
963 3402 1051 3446 motus
1070 3397 1154 3446 aninri
1172 3413 1205 3446 ox
1223 3396 1295 3462 peri-

156 3467 214 3516 cuio
232 3475 323 3526 cert03
351 3481 438 3530 pauor
465 3471 507 3514 cat
530 3465 621 3514 subita
648 3466 747 3515 montis
771 3467 957 3516 consternatio
986 3480 1056 3530 quae
1082 3465 1151 3518 fucit
1174 3463 1294 3528 trepidos

155 3551 235 3599 saepe
254 3535 315 3586 sine
337 3547 434 3595 cauea,
459 3539 488 3581 ut
511 3537 577 3598 puta
601 3533 628 3582 in
648 3533 718 3582 silua
737 3534 843 3582 scabitus
862 3535 953 3582 auium
972 3538 1061 3582 motus
1080 3531 1150 3581 facit
1167 3531 1292 3596 pauidos,

155 3603 234 3652 etiam
259 3616 346 3666 equus
369 3599 469 3650 dicitur
492 3600 608 3666 pauidus
632 3601 678 3665 qui
702 3605 779 3649 tactu
797 3601 888 3650 subito
907 3599 1088 3661 exhorrescit;
1116 3599 1231 3648 formido
1253 3599 1294 3648 roi

155 3684 249 3720 nomen
275 3675 319 3720 est
342 3665 411 3733 quae
436 3675 551 3733 aspectu
573 3668 711 3718 oculorum
735 3673 819 3718 terret
843 3669 962 3728 animos,
990 3673 1020 3717 nt
1043 3669 1072 3715 in
1095 3667 1168 3716 circo
1187 3667 1294 3732 positae

155 3737 259 3788 bestiae
280 3741 385 3786 terrent
402 3735 581 3802 spectantes.’
598 3763 629 3770 —
647 3737 669 3786 F
687 3753 714 3801 p.
733 3735 794 3786 353:
821 3736 920 3784 ‘dietus
933 3739 1021 3785 motus
1041 3741 1083 3784 εει
1102 3735 1194 3796 animi,
1213 3734 1296 3783 timor

155 3809 252 3866 tumor,
279 3803 397 3854 formido
418 3804 471 3853 fort
489 3804 625 3852 interdum
644 3805 787 3864 rationem,
808 3818 894 3868 pauor
911 3803 1025 3868 puerilis
1044 3800 1106 3852 est'
1145 3803 1180 3852 cf.
1195 3801 1293 3851 Cicero

154 3873 302 3923 Tuscninn.
321 3871 345 3920 V
364 3869 404 3934 18,
424 3886 502 3936 quern
521 3871 625 3921 Nonius
642 3887 668 3937 p.
686 3871 737 3920 444
756 3870 909 3936 exscripsit.

233 4087 244 4138 1
264 4077 426 4136 miseratur
440 4077 474 4132 M
484 4071 498 4157 Η
513 4083 530 4135 2
547 4075 672 4135 alterius
691 4084 806 4136 tantum
825 4075 967 4136 affectum
981 4097 995 4134 s
1010 4083 1043 4133 ut
1060 4075 1111 4134 Me
1128 4073 1223 4132 liceat
1243 4092 1293 4132 ca-

154 4181 215 4220 sum
227 4161 368 4222 miserari
385 4163 512 4221 insontis
525 4162 614 4222 amici
625 4163 763 4220 Rotdias:
779 4158 904 4220 alterius
913 4171 946 4220 ut
956 4161 1064 4219 melica
1076 4168 1108 4218 at
1124 4179 1227 4218 casum
1239 4161 1292 4217 mi-

153 4248 246 4306 serari
261 4253 379 4305 tantum
398 4247 539 4306 affectum
556 4245 681 4306 insontis
701 4244 832 4323 amicitia
848 4247 883 4304 M
894 4241 907 4326 Η
923 4243 984 4324 me]
1005 4249 1086 4320 Verp.
1102 4249 1171 4302 Aen.
1198 4247 1224 4302 V
1235 4251 1295 4305 350

155 4327 166 4408 li
183 4341 201 4394 3
217 4331 352 4390 extincto
368 4333 529 4390 miseratus
549 4330 691 4408 agrestis]
711 4331 851 4390 ‘mutilati
864 4348 964 4390 aereus
988 4333 1070 4405 Ver-p.
1087 4348 1185 4404 peorp.
1199 4332 1220 4387 1
1232 4337 1293 4392 466

153 4425 178 4472 ιι
196 4419 250 4474 ιη’
267 4415 391 4474 Rothioo
408 4411 420 4498 Η
439 4413 586 4492 suamc]
609 4418 691 4491 Verp.
709 4421 780 4475 Aea.
797 4418 864 4475 XII
878 4421 936 4476 653
950 4411 963 4498 Η
979 4425 996 4479 6
1011 4416 1123 4475 frustra
1134 4418 1166 4473 M
