3190 5098
287 361 348 422 420
601 375 824 424 Qvarsrroruss
853 377 1078 418 svsrormurr

288 497 377 590 alialu
389 530 470 588 viam
483 529 612 604 ingressi
623 527 703 585 hanc
715 525 826 586 Isidori
844 527 1094 605 disputationem,
1109 547 1199 606 quam
1211 527 1357 588 Suetonio
1374 528 1426 588 de·

287 631 351 692 beri
369 629 544 705 Bergkiana
561 629 791 687 ratiocinatione
810 628 996 706 patefactum
1010 638 1071 700 est,
1088 650 1147 687 non
1162 629 1266 690 divelli
1282 651 1372 709 posse
1388 631 1427 690 ab

287 733 421 794 eiusdem
438 733 614 790 commentis
634 729 672 788 de
688 730 809 788 relicuis
828 729 907 788 notis
924 731 955 787 in
971 729 1125 790 codicibus
1139 730 1282 790 adhibitis
1293 731 1343 809 (fr.
1358 729 1428 795 106*

287 844 336 898 107
345 831 374 912 ³³)
386 834 642 905 intellexerimus,
658 831 845 911 quodetiam
861 831 890 888 in
907 831 954 889 his
970 833 1174 892 Suetonianae
1189 833 1365 892 eruditionis
1382 835 1426 892 iu-

287 937 367 996 dicia
378 937 539 994 emineant.
556 933 657 1012 capita
670 933 791 1012 quidem
805 933 843 991 de
857 934 935 991 notis
947 934 1082 993 iuridicis
1099 945 1128 993 et
1141 934 1319 994 militaribus
1332 937 1427 995 notis·

286 1059 345 1119 que
359 1037 520 1114 digitorum
533 1036 572 1112 (c.
586 1045 629 1096 tr.
641 1045 684 1098 23.
697 1034 743 1112 25)
757 1035 840 1094 nolui
856 1035 998 1094 Suetonio
1011 1037 1184 1109 vindicare,
1198 1035 1279 1115 quod
1290 1057 1347 1094 nec
1360 1037 1427 1096 Sui·

288 1141 345 1200 dae
364 1139 464 1198 indice
488 1136 774 1216 conprehenduutur
792 1155 850 1195 noc
870 1138 900 1195 in
922 1137 1143 1208 additamento,
1171 1159 1230 1216 quo
1256 1138 1427 1196 inlustrium

287 1244 466 1320 scriptorum
474 1238 552 1297 liber
561 1237 781 1312 cumulabatur,
795 1237 1097 1316 eommodcpoterant
1106 1239 1187 1316 poni.
1199 1239 1307 1318 quibus
1317 1240 1427 1299 incon·
1503 1289 1508 1296 .

287 1343 356 1402 dem
366 1341 487 1400 modum
495 1339 823 1400 Suetouianalsidorus
837 1340 1043 1420 interpolavit,
1057 1359 1116 1419 quo
1126 1340 1364 1401 Christianarum
1376 1363 1428 1402 no·

288 1455 384 1504 tarum
395 1443 615 1522 explicationes
628 1451 796 1501 commento
809 1447 843 1500 de
855 1452 928 1500 rrotr's
939 1445 1153 1516 scripturaram
1163 1443 1324 1504 inmiscuit.
1338 1437 1433 1523 quam⁸

287 1548 381 1606 multa
396 1565 469 1606 vero
485 1565 588 1604 rursus
606 1545 755 1618 omiserit,
774 1546 988 1624 conparatione
1006 1563 1073 1602 cum
1086 1545 1225 1604 Parisino
1240 1547 1372 1625 epitoma
1383 1548 1428 1606 in·

289 1652 395 1708 stituta
417 1647 507 1707 facile
525 1646 676 1705 docemur.
711 1654 803 1725 atquo
820 1645 954 1724 inprimis
972 1666 1009 1704 ea
1022 1647 1169 1718 resecuit,
1195 1665 1274 1726 quae
1289 1647 1427 1706 recondi-

287 1751 372 1810 tioris
392 1749 549 1809 doctrinae
561 1747 752 1808 videbantur.
780 1758 913 1806 cetorum
932 1757 961 1805 et
977 1750 1074 1826 ipsum
1090 1749 1261 1808 Parisiuum
1278 1769 1428 1808 common·

289 1863 351 1912 tam
367 1863 451 1912 recte
470 1850 589 1910 anobis
605 1851 674 1908 tum
689 1848 823 1926 Bergkio
841 1849 1002 1926 epitomum
1018 1851 1120 1908 vocari
1136 1869 1194 1907 uno
1214 1852 1345 1908 maxime
1360 1850 1428 1908 loeo

288 1955 441 2037 proditur:
470 1955 546 2025 ettplc
558 1955 776 2025 periesttpmene
792 1955 1005 2024 apponebatur,
1022 1969 1096 2026 quaa
1108 1954 1268 2030 Zarrodotus
1286 1955 1430 2026 Ephesius

288 2077 345 2116 aon
362 2067 439 2115 recte
454 2059 600 2114 adiecerat
616 2063 667 2110 eat
682 2057 853 2111 detraxerat
874 2062 925 2110 aut
934 2063 1163 2127 permutaverat.
1195 2059 1223 2111 r'a
1238 2057 1282 2112 his
1299 2063 1327 2112 et
1338 2057 1433 2112 nostri

288 2177 323 2217 ea
340 2163 387 2216 asi
400 2166 467 2216 strat
479 2177 508 2235 p.
526 2166 590 2227 140,
606 2164 695 2235 tsqq.
716 2206 719 2213 .

374 2259 436 2319 Sed
452 2255 638 2317 redeundum
652 2268 698 2316 est
714 2257 753 2317 ad
766 2255 878 2316 Suidae
897 2258 1115 2330 testimonium,
1135 2257 1220 2316 euius
1236 2257 1331 2316 altera
1347 2276 1429 2336 pars,

289 2383 351 2442 qua
373 2363 439 2440 ipsc
464 2357 556 2417 index
578 2361 725 2430 refertur,
756 2357 882 2417 anobis
906 2359 1092 2438 conprobata
1115 2368 1176 2430 est,
1204 2357 1346 2430 alteram,
1369 2379 1431 2437 qua

288 2465 397 2524 librum
412 2456 596 2538 singularem
609 2459 647 2518 de
663 2459 742 2518 uotis
759 2461 917 2538 scripsisse
934 2459 1110 2520 Suetonium
1125 2459 1232 2534 tradit,
1248 2481 1308 2518 non
1323 2481 1429 2540 possu-

289 2585 354 2624 mus
370 2585 430 2623 non
445 2563 573 2622 reicere.
603 2561 683 2640 qnod
698 2571 800 2620 nostro
816 2563 881 2620 iuro
897 2581 952 2620 nos
967 2565 1069 2622 faeere
1084 2563 1165 2621 intra
1181 2582 1234 2621 sue
1246 2563 1313 2622 leco
1329 2572 1429 2622 osten·
1467 2611 1476 2626 .

290 2665 488 2736 dereliceat,
512 2663 563 2721 ubi
582 2663 729 2742 exemplis
743 2665 918 2722 certissimis
932 2665 1098 2724 efficiemus
1111 2665 1225 2724 Suidae
1241 2664 1271 2724 iu
1289 2665 1429 2741 catalogo

290 2768 342 2827 illo
360 2764 549 2826 contexendo
565 2764 730 2838 accidisse,
755 2775 788 2825 ut
802 2777 905 2845 partes
925 2767 1069 2826 maiorum
1086 2787 1209 2846 operum
1225 2787 1280 2844 pro
1296 2766 1429 2842 singula·

292 2867 376 2927 ribus
391 2867 476 2926 libris
495 2865 631 2926 haberet.
669 2887 746 2946 quae
763 2889 830 2928 cum
846 2869 889 2927 ita
907 2871 980 2941 sint,
997 2869 1107 2928 Suidas
1127 2879 1210 2928 certe
1226 2867 1431 2948 inpedimento

291 2989 351 3027 non
376 2978 438 3040 cst,
467 2965 625 3048 quominus
646 2969 857 3049 Tranquillum
882 2973 912 3030 iu
940 2971 998 3029 hoc
1025 2971 1232 3030 additamento
1251 2991 1312 3030 non
1332 2972 1430 3029 solnm
1481 2955 1490 2972 ’

292 3069 330 3130 de
351 3071 430 3129 notis
452 3069 631 3130 disseruisse
654 3071 709 3130 secl
726 3081 819 3130 totam
838 3074 1047 3151 quaestionem
1071 3073 1109 3132 de
1130 3073 1301 3132 litteratura
1317 3073 1430 3132 exhau-

292 3175 367 3231 sisse
387 3180 568 3244 statuamus,
595 3191 673 3250 quae
689 3175 803 3251 optima
821 3175 959 3234 clausula
974 3175 1154 3253 scriptorum
1170 3175 1339 3235 inlustrium
1361 3173 1431 3234 libri

292 3283 381 3334 esset.
414 3284 505 3354 atque
527 3273 599 3332 licet
620 3273 749 3352 probare
769 3275 947 3335 Suetonium
968 3277 1005 3336 de
1030 3276 1223 3338 bibliothecis
1246 3299 1340 3358 opera
1359 3277 1432 3336 data

292 3374 465 3454 disputasse
487 3376 635 3454 simulque
656 3396 733 3456 quae
751 3377 810 3436 huc
832 3377 969 3438 facerent
992 3381 1092 3438 omnis
1111 3389 1271 3440 executum
1290 3399 1368 3438 esse.
1398 3381 1430 3438 in
1457 3417 1462 3424 ·

291 3477 415 3534 scholiis
442 3477 521 3536 enim
549 3479 725 3538 Horatianis
755 3488 809 3538 art.
844 3488 925 3557 poet.
954 3489 1006 3542 354
1029 3481 1201 3559 Tranquilli
1227 3482 1430 3540 testimonium

292 3577 331 3638 dc
345 3577 518 3658 bibliopolis
536 3590 699 3657 usurpatur
716 3581 768 3658 (cf.
781 3601 812 3660 p.
831 3591 879 3643 135
895 3581 1022 3658 adnot).
1048 3583 1106 3640 iarn
1124 3603 1197 3642 vero
1215 3581 1322 3641 eadem
1335 3581 1431 3641 verba

292 3691 450 3740 recurrunt
465 3680 545 3760 apud
567 3681 695 3740 eundem
716 3682 802 3740 illum
818 3681 967 3742 Isidorum
991 3685 1020 3741 in
1041 3682 1117 3740 libro
1133 3692 1236 3754 sexto,
1257 3681 1308 3740 ubi
1326 3681 1396 3742 iude
1411 3703 1431 3740 a

293 3783 393 3860 capite
416 3783 505 3840 tertio
528 3779 574 3840 de'
587 3793 764 3858 argumento
790 3783 873 3863 quod
893 3784 982 3862 paulo
1005 3793 1076 3843 ante
1093 3783 1261 3861 significavi
1279 3785 1431 3864 exquisita

293 3881 431 3941 doctrina
447 3880 583 3940 adhibita
600 3887 748 3962 exposuit.
773 3905 842 3944 nam
863 3905 928 3944 oum
943 3887 1041 3964 eapite
1059 3897 1077 3949 3
1092 3885 1129 3944 de
1147 3886 1299 3946 Pisistrati
1315 3895 1345 3944 ot
1360 3885 1430 3944 Pto·
1500 3923 1511 3942 .

292 3981 477 4043 lemaeorum
489 3981 682 4044 bibliothecis
699 3988 809 4062 egerit,
826 3989 925 4066 capite
937 3997 954 4047 5
970 3986 1093 4046 brevem
1105 3989 1311 4046 Romanarum
1322 3983 1429 4044 biblio-

293 4082 447 4142 thecarum
466 4083 620 4143 historiam
641 4088 772 4164 pertexit
794 4085 846 4163 (cf.
865 4089 971 4163 fragm.
996 4087 1095 4166 102*).
1128 4086 1238 4148 deinde
1259 4109 1283 4147 c.
1306 4096 1323 4150 9
1346 4105 1430 4146 cors·

292 4203 371 4254 runi,¹
389 4205 415 4246 c.
434 4194 466 4246 lo
480 4193 627 4244 cartarum
644 4206 731 4244 usum
746 4188 896 4246 inlustrat.
925 4197 1042 4247 atvero
1058 4190 1089 4248 in
1104 4189 1156 4248 illo
1173 4191 1265 4248 Attae
1280 4190 1431 4264 fragmen-

292 4293 354 4342 tum
370 4286 566 4362 conspicuum
584 4297 645 4358 est,
672 4289 702 4346 in
717 4288 775 4345 hoc
792 4298 943 4347 cartarum
963 4307 1077 4366 genera
1097 4287 1186 4347 docte
1209 4289 1431 4374 deseribuntur,

294 4391 325 4440 et
340 4383 382 4442 ita
397 4385 518 4462 quidem
532 4395 566 4444 ut
578 4386 727 4465 adpareat
742 4387 891 4448 Isidorum
905 4409 966 4449 non
978 4389 1154 4448 adhibuisse
1167 4390 1336 4450 Pliniauam
1353 4389 1431 4468 (nat.
