3162 5058
241 369 308 434 340·
358 365 369 376 ’
530 383 724 426 esraaoevsr
748 385 913 430 uranonvu
937 385 1112 434 aserenan

118 516 234 590 190**
327 531 548 594 Transeamus
572 530 614 594 ad
636 531 784 594 scenicas
806 553 874 612 res,
897 553 1035 618 quarum
1061 541 1094 595 et
1116 529 1273 612 originem
1301 551 1387 594 com·

241 655 373 698 munem
397 641 430 696 et
456 631 569 696 titulos
596 653 690 717 pares
718 632 897 696 secundum
924 635 1027 718 ipsam
1055 632 1097 694 ab
1120 632 1212 696 initio
1235 629 1385 694 ludorum

241 733 494 821 appellationem
513 741 546 796 et
566 733 880 798 administrationem
896 735 1103 798 coniunctam
1119 755 1191 796 eum
1214 753 1249 796 re
1271 753 1386 817 eques-

168 858 170 861 ·
241 839 283 900 tri
310 837 374 898 iam
398 835 611 900 ostendimus.
649 843 825 922 apparatus
847 837 945 898 etiam
971 857 1012 898 ex
1036 857 1075 898 ea
1095 844 1188 920 parte
1210 843 1387 913 consortes,

243 936 370 1024 quaed
393 957 523 1000 scenam
546 957 566 998 a
584 936 715 1022 templis
740 945 773 999 et
797 937 863 1000 eris
885 945 917 1000 ot
940 935 997 1000 illa
1015 935 1208 1004 infelicitate
1227 934 1332 998 thoris
1352 942 1407 996 ets

243 1038 414 1142 sanguinis
441 1039 527 1100 inter
553 1035 652 1100 tibias
681 1047 713 1100 et
735 1037 832 1100 tubas
860 1039 924 1100 itur
958 1036 1085 1101 duobus
1114 1035 1387 1123 inquinatissimis

243 1139 375 1204 arbitris
400 1137 549 1202 senorum
574 1148 606 1201 et
628 1161 792 1202 sacrorum
815 1139 1036 1223 dissignatore
1062 1147 1093 1202 et
1115 1138 1297 1224 haruspice.
1342 1138 1387 1199 ita

243 1263 316 1304 cum
346 1239 386 1304 de
415 1239 597 1323 originibus
626 1239 775 1304 ludorum
803 1241 844 1304 ad
875 1242 1038 1304 circenses
1066 1241 1271 1320 transiimus,
1310 1237 1387 1301 inde

244 1363 331 1406 nune
359 1341 401 1404 ad
429 1342 576 1404 scenicos
609 1339 703 1406 ludos
730 1340 910 1424 dirigemus
940 1365 960 1404 a
992 1340 1054 1406 loei
1083 1342 1174 1405 uitio.
1225 1340 1388 1404 theatrum

244 1445 374 1529 proprie
394 1444 571 1507 sacrarium
594 1442 730 1506 Veneris
753 1453 813 1506 ost.
862 1443 923 1507 hoe
945 1443 1085 1530 deniquo
1109 1441 1204 1508 niodo
1226 1441 1259 1504 id
1283 1461 1387 1524 gersus
1400 1461 1424 1500 ro

244 1546 351 1631 operis
374 1545 405 1607 in
429 1543 540 1608 seculo
561 1546 675 1608 euasit.
721 1567 798 1608 nam
819 1565 917 1632 saepe
942 1567 1095 1609 censores
1125 1544 1292 1608 nascentia
1313 1563 1388 1604 curn

245 1647 386 1710 maxime
414 1646 541 1708 tbeatra
574 1645 786 1710 destruebant
818 1646 963 1711 moribus
993 1645 1217 1726 consulentes,
1250 1665 1387 1732 quorum

246 1747 372 1812 scilieet
404 1745 583 1833 perieulum
617 1748 733 1832 ingens
763 1747 803 1810 de
831 1747 969 1812 lasciuia
999 1747 1231 1835 prouidebant,
1260 1756 1298 1810 ut
1324 1748 1388 1809 ianr

246 1849 321 1913 hine
343 1847 482 1913 ethnicis
508 1848 540 1910 in
565 1849 785 1914 testimonium
810 1849 906 1913 cedat
928 1851 1091 1914 sententia
1113 1850 1257 1935 ipsorum
1279 1847 1388 1911 nobis·

246 1973 320 2014 cum
348 1949 474 2012 faciens
501 1957 532 2013 et
560 1949 652 2013 nobis
680 1952 713 2014 in
744 1954 1032 2034 exaggerationem
1062 1951 1256 2037 disciplinae
1290 1951 1424 2014 etiamn

246 2051 408 2115 humanae
424 2054 663 2138 praerogatiua.
694 2055 803 2138 itaque
822 2051 996 2138 Pompeius
1013 2053 1153 2138 Magnus
1173 2052 1241 2116 solo
1262 2049 1389 2116 theatro

247 2175 306 2218 suo
328 2155 433 2216 minor
455 2175 527 2216 cum
553 2151 641 2217 illam
665 2177 772 2219 arcem
796 2157 940 2218 carinium
965 2155 1203 2240 turpitudinum
1227 2152 1388 2218 extruxis-

247 2267 298 2320 set
322 2256 447 2318 ucritus
469 2255 663 2343 quandoque
684 2257 859 2320 memoriae
884 2278 961 2319 strae
983 2258 1162 2320 censoriam
1186 2255 1390 2320 anirnaduer-

247 2361 370 2422 sionem
387 2356 524 2420 Veneris
542 2357 656 2420 aedem
678 2360 884 2444 superposuit
906 2367 938 2420 ct
959 2357 1000 2422 ad
1024 2357 1261 2422 dedicationem
1283 2356 1390 2420 edicto

247 2458 401 2546 populum
424 2479 546 2522 armans
569 2480 634 2522 non
657 2459 818 2522 theatrum
842 2459 899 2522 sed
924 2459 1059 2523 Veneris
1089 2458 1243 2545 ternplum
1267 2478 1425 2522 nuncu-ro

247 2563 356 2646 pauit:
406 2561 479 2622 ‘cui
509 2559 741 2642 subiecirnus',
773 2561 896 2646 inquit,
928 2561 1067 2647 ‘gradus
1101 2559 1389 2646 spectaculorum’

248 2665 294 2726 ita
314 2663 501 2724 damnatum
524 2670 557 2724 et
579 2661 798 2726 damnandum
820 2685 901 2748 opus
924 2663 1034 2750 templi
1058 2663 1152 2727 titulo
1175 2661 1337 2748 praetexit
1359 2669 1392 2722 et

249 2761 456 2846 disciplinam
480 2765 711 2846 superstitione
734 2763 862 2829 delusit.
901 2763 959 2828 sod
984 2764 1102 2828 Veneri
1127 2773 1158 2828 et
1177 2761 1297 2826 Libero
1316 2782 1390 2824 con-

248 2865 349 2926 uenit.
395 2863 459 2924 diro
480 2863 545 2924 ista
571 2863 744 2928 (laemonia
772 2867 957 2951 conspirata
987 2878 1019 2928 et
1046 2866 1215 2929 coniurata
1242 2866 1327 2928 inter
1355 2886 1390 2927 sc

154 3083 162 3099 ·
250 3085 378 3150 quoquc
409 3065 523 3128 domus
548 3074 608 3128 cst.
655 3087 729 3129 narn
761 3075 793 3130 et
819 3069 901 3132 alios
931 3067 1025 3134 ludos
1055 3069 1201 3132 scenicos
1224 3067 1392 3132 Liberalia

249 3167 379 3253 proprie
407 3165 585 3248 uocabant,
620 3177 846 3256 praeterquam
871 3169 990 3234 Libero
1021 3171 1172 3250 deuotus,
1204 3193 1286 3257 quae
1316 3179 1392 3233 sunt

249 3267 413 3351 Dionysia
441 3289 542 3354 penes
568 3267 731 3352 Graecos,
761 3274 857 3334 etiam
881 3295 900 3334 a
922 3271 1041 3336 Libero
1062 3273 1242 3336 institutos.
1286 3281 1319 3334 et
1341 3281 1392 3334 est

249 3368 346 3455 plane
375 3369 407 3432 in
436 3369 563 3434 artibus
584 3393 712 3458 quoque
741 3374 878 3438 scenicis
901 3372 1013 3438 Liberi
1040 3385 1071 3438 et
1093 3373 1230 3438 Veneris
1253 3374 1393 3461 patroci-

337 3556 420 3614 taut*
438 3560 624 3610 Tertullianus
643 3561 677 3610 de
695 3562 862 3627 spectaculis
884 3563 927 3612 10:
959 3565 1200 3614 ‘'l'ranseamus
1264 3562 1392 3612 uranei·
1421 3613 1430 3632 ,

251 3641 310 3690 pes
328 3627 462 3678 habent.
499 3629 589 3678 oderis
607 3629 773 3692 (¹lrristiane‚
795 3646 905 3696 qrrorunr
926 3637 1053 3681 arrctores
1066 3647 1118 3680 rien
1133 3637 1211 3696 potes
1223 3647 1278 3680 non
1291 3631 1391 3680 odisse.

252 3697 305 3742 iam
324 3711 395 3744 niune
414 3697 537 3746 uolumus
559 3713 707 3764 suggerere
730 3699 766 3747 ‹le'
789 3699 893 3748 artibus
913 3701 991 3750 etde
1010 3699 1065 3760 liis,
1086 3713 1196 3764 quorum
1217 3707 1345 3749 niretores
1363 3699 1391 3746 in

251 3761 405 3812 nominibus
437 3763 637 3814 exsecramur)
667 3779 690 3814 e.
715 3783 740 3830 q.
765 3781 786 3815 s.
812 3795 842 3800 -
877 3766 1064 3817 Tertullianus
1089 3767 1197 3832 apolog.
1221 3765 1256 3816 ll:
1299 3769 1390 3828 ‘Quo-

252 3845 314 3879 nam
338 3831 403 3879 lllae
427 3830 505 3896 leges
529 3831 661 3890 abierunt,
679 3840 812 3898 surruptum
844 3840 872 3883 et
895 3835 1070 3885 ambitionem
1095 3836 1324 3900 eonrprimentes?
1341 3871 1348 3883 .
1363 3869 1390 3882 ..

252 3913 322 3961 quae
341 3898 450 3948 theatra
468 3900 624 3964 stuprandis
642 3901 762 3951 moribus
780 3901 897 3951 orientia
915 3901 1115 3953 ‹lestruebant'
1133 3930 1167 3938 -
1195 3903 1309 3951 'Tacitus
1328 3917 1391 3952 anu.

251 4001 451 4010 ----——.——-

337 4063 354 4118 3
369 4062 400 4112 et
415 4053 703 4114 administrationem
722 4077 775 4114 om.
790 4051 821 4134 {A
835 4051 881 4137 118
898 4055 936 4116 de
952 4091 989 4100 -—
1001 4055 1141 4116 ludorum
1157 4079 1210 4116 orn.
1228 4059 1253 4116 A
1266 4053 1281 4138 11
1296 4066 1391 4116 trans-

252 4139 340 4196 iimus
361 4143 414 4196 Fr.
438 4142 555 4197 Irrrrr'ua:
579 4141 738 4199 transimus
758 4147 781 4198 A
801 4139 814 4220 ,¹5
841 4144 1146 4220 10p1·0prieom.Au
1168 4140 1181 4224 11
1203 4151 1235 4204 12
1251 4139 1390 4223 quorum]

253 4241 354 4282 corum
367 4229 414 4280 Aa
429 4221 442 4301 11
462 4235 492 4286 13
504 4225 610 4302 ingens
623 4245 676 4284 ont.
690 4231 715 4284 A
730 4221 743 4306 11
761 4237 792 4287 tt
803 4226 851 4284 bic
864 4231 888 4284 Α
903 4223 916 4307 11
936 4236 963 4290 17
973 4247 1073 4286 arcem
1088 4231 1268 4304 Gregorius:
1281 4237 1391 4286 sortem

252 4303 348 4386 ,41111
368 4309 484 4388 inquid
503 4313 553 4367 Aa
569 4305 629 4390 1117
647 4329 725 4390 (quae
743 4314 800 4368 Ios.
819 4313 963 4386 Scaliger:
992 4312 1073 4390 qnod
1092 4318 1114 4370 A
1130 4309 1193 4390 1118
1212 4311 1318 4390 etiam]
1337 4311 1392 4370 sed

252 4390 312 4448 iam
324 4395 373 4448 Aa
