3138 5100
283 381 345 444 482
699 403 731 444 m
746 403 844 444 erran
858 403 1007 444 canneru

285 553 323 613 de
345 555 473 631 siugulis
497 553 713 634 discrepantiis
736 553 810 634 quid
831 553 956 614 tandem
977 555 1021 614 rei
1046 563 1127 614 esset
1149 556 1288 636 quaesivi
1310 575 1327 614 e
1353 556 1418 646 viro

284 657 547 736 praestantissimo
564 655 675 716 Oarolo
690 655 862 716 Benedicta
877 656 991 715 Hesio:
1015 657 1098 716 cuius
1118 655 1350 738 incomparabili
1365 658 1418 716 hu-

283 761 430 818 manitate
446 767 507 818 tam
523 767 553 817 et
569 745 709 838 prompte
722 767 753 818 et
767 758 861 837 plene
873 777 1054 836 responsum
1067 767 1128 832 est,
1144 768 1178 818 ut
1192 760 1251 818 iam
1267 769 1419 840 tamquam

284 882 350 920 cum
365 861 535 939 pulvisculo
553 860 717 920 exhaustus
735 879 803 918 esse
820 879 886 918 cum
900 860 1060 920 thesaurus
1076 861 1128 919 ille
1144 860 1289 922 bonitatis
1305 861 1419 920 Parisi-

193 1033 197 1041 ,
284 967 381 1024 nusA
402 972 464 1022 tum
479 963 572 1040 longo
588 961 626 1020 ab
647 962 700 1022 illo
716 961 880 1020 intervallo
896 960 1014 1022 distans
1031 966 1058 1019 B
1077 961 1177 1022 videri
1199 961 1322 1022 debeat.
1352 963 1420 1021 Nisi

285 1065 368 1146 quod
382 1087 444 1125 nno
461 1064 499 1124 de
522 1065 587 1123 loco
605 1065 734 1123 fortasse
755 1083 818 1121 non
834 1083 958 1142 prorsus
974 1063 1014 1122 ad
1029 1065 1190 1124 veritatem
1212 1073 1340 1124 testatus
1355 1085 1420 1124 sum

285 1167 485 1228 adnotatione
501 1165 541 1224 ad
557 1187 587 1246 p.
600 1172 643 1240 27,
659 1174 705 1226 12:
721 1164 772 1224 ubi
784 1169 879 1222 autari
892 1169 927 1224 ab
942 1157 996 1226 lais*
1009 1171 1110 1224 credat
1123 1185 1190 1226 esse
1205 1166 1274 1226 inA
1289 1165 1419 1240 videtur,

285 1290 347 1328 non
366 1271 411 1326 luis
425 1267 612 1346 simpliciter.

370 1372 393 1428 C
409 1369 626 1428 Leidensis
642 1367 869 1441 membraneus,
886 1368 917 1426 iu
933 1369 1094 1429 Vossianis
1113 1378 1176 1433 186:
1199 1370 1251 1449 qui
1268 1369 1423 1430 dubitatur

286 1493 357 1532 num
380 1473 458 1530 forte
474 1471 588 1532 saeculi
604 1481 664 1528 xlv
679 1471 728 1530 sit.
765 1471 803 1530 In
825 1469 916 1530 Italia
938 1472 1083 1550 scriptum
1106 1491 1173 1532 esse
1196 1480 1251 1529 etta
1273 1471 1423 1550 scriptura

286 1595 341 1654 pro
358 1581 418 1632 octo
436 1593 467 1651 p.
483 1581 531 1645 32,
551 1580 581 1632 14
596 1571 711 1630 indicio
730 1580 785 1631 cst.
822 1572 914 1630 Hunc
934 1572 1027 1632 habui
1036 1551 1110 1632 'cum
1125 1573 1197 1632 mibi
1213 1574 1366 1632 conlatum
1383 1572 1421 1631 ab

285 1676 426 1754 Eugenio
442 1673 580 1732 Mehlero
596 1682 658 1734 tum
673 1694 692 1732 a
708 1673 871 1752 Schopeuo
887 1671 956 1734 sibi.
1305 1737 1311 1750 ι

370 1777 396 1832 D
418 1773 656 1834 Dresdensis
680 1770 883 1848 ι1919955391,
900 1776 977 1853 Reg.
994 1775 1033 1834 D.
1051 1774 1129 1849 101',
1152 1776 1262 1855 partim
1282 1776 1314 1834 in
1329 1795 1422 1834 mem·

286 1875 390 1936 branis
413 1876 577 1955 partimin
601 1875 711 1935 chartis
734 1877 873 1955 scriptus.
919 1877 1083 1957 Schopeno
1107 1879 1242 1938 Ioannes
1263 1878 1424 1938 Vahlenus

287 1979 423 2038 contidit.

372 2085 400 2140 E
414 2089 445 2140 et
460 2083 488 2139 F
506 2080 663 2140 Vaticanis
678 2078 896 2153 membraneis,
919 2079 973 2138 illo
989 2079 1174 2140 Vrbinati
1190 2089 1257 2154 354,
1279 2081 1338 2140 hoc
1353 2082 1424 2140 Re·

288 2186 402 2264 ginae
421 2191 501 2257 1496,
517 2183 561 2242 uti
577 2183 663 2262 potui
679 2179 717 2238 ab
734 2179 849 2240 Ottone
865 2179 1037 2242 Ribbeckio
1055 2183 1193 2242 conlatis.

373 2291 395 2346 G
417 2285 723 2364 Neapolitanum
742 2283 840 2341 musei
855 2282 1020 2357 Borbonici
1035 2293 1084 2346 411
1101 2285 1174 2343 item
1196 2283 1426 2344 membraneum

288 2401 410 2467 rogatus
427 2409 445 2446 a
459 2407 507 2446 me
524 2386 675 2463 Georgius
691 2384 783 2444 Thilo
800 2386 964 2464 excerpsit.

372 2489 518 2562 Accedit,
541 2487 597 2548 sed
617 2495 735 2546 tantum
757 2488 790 2546 in
805 2485 923 2547 Donati
938 2488 1072 2546 auctario
1095 2485 1140 2566 (p.
1156 2487 1205 2564 35)
1227 2489 1385 2568 inspectus
1407 2509 1426 2546 a

290 2593 426 2674 Caspare
442 2590 567 2652 Barthio
583 2588 837 2648 Adversariorum
853 2588 905 2648 lib.
922 2599 957 2645 v1
973 2607 1040 2668 cap.
1056 2597 1090 2651 26
1105 2589 1204 2649 codex
1220 2589 1345 2650 Italus
1361 2591 1425 2664 ille,

290 2717 380 2775 quem
401 2693 521 2754 tametsi
544 2691 687 2751 Bartlrius
709 2690 975 2750 ‘vetustissimum’
997 2690 1084 2766 dicit,
1106 2699 1208 2750 tamen
1225 2711 1288 2750 non
1306 2692 1424 2750 dubita·

289 2796 336 2854 bis
361 2797 588 2854 invceteromm
614 2811 739 2852 numero
766 2793 953 2850 noviciorum
973 2791 1098 2856 habere.
1119 2825 1160 2834 -
1181 2795 1230 2854 De
1251 2793 1425 2852 Linden-

288 2896 440 2955 bruehii
456 2894 552 2974 copiis
567 2914 622 2953 ms.
639 2903 784 2974 quantum
799 2895 873 2952 satis
888 2894 970 2952 infra
985 2891 1111 2953 dicetur.

374 2999 412 3056 Iu
438 2998 485 3056 his
512 2979 666 3055 codicibus
695 3003 840 3074 quantum
865 2994 926 3054 fide
949 3003 979 3054 et
1000 2997 1180 3055 auctoritate
1202 2997 1312 3056 ceteris
1335 3007 1425 3056 vetus

291 3101 492 3160 Parisinus
508 3102 533 3157 Α
548 3091 698 3177 praestet,
721 3097 845 3174 longum
862 3105 908 3155 est
929 3097 1106 3174 singillatim
1121 3100 1276 3178 persequi.
1313 3099 1341 3157 A
1364 3121 1425 3180 quo

291 3204 357 3262 sive
373 3211 496 3262 eructare
511 3201 577 3260 sive
594 3199 670 3258 duce
692 3198 840 3278 proficisci
857 3197 1031 3257 emendatio
1048 3201 1144 3258 omnis
1165 3207 1197 3258 ut
1218 3219 1236 3258 a
1257 3201 1425 3259 certissimo

292 3304 492 3364 brndamente
509 3300 628 3374 debuit,
646 3320 734 3380 quam
751 3307 851 3358 autem
867 3299 919 3358 diu
935 3308 986 3358 aut
1000 3302 1138 3379 profecta
1153 3321 1216 3361 uon
1233 3310 1346 3373 estant
1361 3323 1425 3361 non

291 3409 365 3468 satis
392 3413 571 3466 constanter
596 3401 763 3482 pependit,
790 3400 939 3460 editorum
962 3421 1086 3480 operam
1107 3402 1302 3462 multifariam
1324 3404 1424 3463 elusit.

291 3511 369 3568 Eam
384 3507 603 3589 praestantiam
617 3505 693 3563 raris
710 3503 859 3582 exemplis
875 3502 987 3580 singuli
1009 3523 1025 3562 e
1047 3506 1155 3564 ceteris
1177 3503 1245 3563 libri
1262 3507 1425 3565 commuui-

267 3603 269 3616 '
293 3621 378 3670 cant:
405 3609 573 3688 insigniore
599 3605 744 3666 memoria
766 3604 1003 3664 Dresdensis
1025 3605 1056 3663 in
1080 3609 1260 3680 nigerrimum
1281 3629 1311 3687 p.
1328 3615 1376 3680 32,
1399 3615 1424 3680 9,
1468 3647 1477 3666 .

292 3713 409 3772 leviore
425 3712 457 3770 in
472 3714 578 3769 scribut
598 3717 647 3780 29,
664 3715 696 3780 63
718 3707 791 3764 item
806 3705 992 3784 aliquotiens
1012 3707 1064 3766 vel
1078 3708 1369 3787 Neapolitanus
1392 3716 1426 3768 ut

293 3835 323 3894 p.
340 3819 382 3886 27,
402 3822 433 3874 12
448 3816 494 3885 ob,
511 3819 561 3884 29,
578 3815 750 3880 laureatur,
767 3815 817 3880 32,
835 3815 868 3870 13
883 3813 1046 3882 crisconius,
1070 3810 1121 3868 vel
1136 3811 1377 3888 Baginensis
1392 3819 1427 3870 ut

293 3935 324 3994 p.
340 3921 390 3988 27,
406 3923 423 3976 4
439 3915 467 3972 C.
484 3933 539 3994 pro
555 3931 633 3981 cum,
650 3920 698 3983 39,
714 3917 729 3972 'l
747 3912 899 3968 uehemens
915 3927 991 3980 essa,
1016 3919 1064 3982 31,
1083 3921 1114 3973 13
1131 3913 1299 3985 [ulularum
1315 3915 1426 3970 ‹lundu-

292 4035 357 4074 rum
376 4017 496 4090 secem,
513 4025 561 4088 35,
584 4023 601 4076 3
621 4015 689 4084 libo,
717 4015 901 4086 lenticulas,
927 4011 978 4070 vel
1000 4013 1106 4072 sociati
1131 4013 1372 4093 Baginensis
1397 4021 1429 4072 ct

294 4116 531 4176 Dresdensis
547 4123 580 4174 ut
594 4136 625 4196 p.
641 4123 689 4189 29,
706 4123 721 4176 5
737 4101 875 4183 omnium,
898 4121 946 4187 29,
970 4123 1002 4175 lo
1016 4131 1125 4172 summa
1140 4133 1265 4190 quoque,
1288 4114 1339 4174 vel
1360 4133 1428 4173 cum

294 4219 514 4297 Reginensi
540 4216 752 4277 Leidensis
775 4225 806 4274 et
826 4217 1034 4276 Parisinus
1052 4217 1124 4296 Bp.
1141 4225 1189 4291 26,
1205 4221 1335 4306 9prrnicr'
1353 4219 1427 4275 belli.

295 4321 473 4379 Generatim
490 4321 571 4378 euim
586 4319 735 4378 iudicanti
749 4318 860 4398 reliqui
876 4338 981 4378 omnes
992 4320 1141 4378 communi
1157 4320 1283 4380 vilitatis
1299 4318 1428 4378 notione

296 4421 514 4495 censebuntur,
540 4431 573 4482 ut
597 4422 649 4501 qui
669 4421 722 4480 vel
743 4417 969 4482 transcribendi
987 4421 1187 4498 neglegentia
1201 4423 1252 4480 vel
1267 4421 1347 4478 mala
1363 4439 1429 4480 cor·
