3072 5064
546 399 590 444 nn
611 401 750 446 amenis
774 399 884 446 nensis
1224 385 1286 450 255

145 557 212 613 rat:
232 547 360 614 iacebat
386 547 590 615 inhumatum
611 550 771 634 cadauer,
800 551 955 636 frequens
978 554 1193 638 spectantium
1216 547 1288 614 unl-

144 671 204 734 gus
220 650 388 734 adstabat,
411 651 502 714 canis
521 661 637 738 questu
654 650 848 716 lacrimabili
864 651 987 716 domini
1003 649 1145 717 deflebat
1160 673 1286 716 aerum-

146 773 231 814 nam.
275 750 362 815 forte
384 753 413 815 is
436 752 492 840 qui
515 775 628 816 necem
650 752 814 842 intulerat,
836 759 873 816 ut
895 751 1048 817 sehabet
1069 733 1286 816 ner'sutiahu-

144 854 230 915 mani
254 853 390 936 ingenii,
414 875 478 939 quo
499 853 655 918 uersandi
674 854 708 916 in
730 853 838 918 medio
862 855 1057 918 auctoritate
1078 862 1287 940 praesumpta

125 951 241 1017 sfidem
262 954 463 1017 adscisceret
488 955 710 1034 innocentiae,
736 941 780 1017 ad
800 953 890 1017 illam
907 955 1208 1040 circumspectantis
1229 975 1285 1040 po-

143 1053 209 1138 puli
232 1055 375 1118 accessit
401 1075 555 1120 coronam
585 1062 618 1118 et
650 1054 743 1119 uelut
763 1056 923 1119 miserans
947 1054 1222 1142 appropinquauit
1242 1053 1285 1118 ad

143 1263 203 1298 nam
217 1251 340 1300 accessit
356 1247 450 1326 lluctu
463 1249 566 1300 doloris
581 1249 585 1315 Ι
601 1262 712 1301 carmen
725 1251 932 1300 immurmurans
948 1249 952 1316 l
968 1251 1157 1316 probationem
1171 1247 1283 1314 detulit!

143 1317 267 1378 demisit,
285 1319 449 1382 praesertim
464 1333 524 1368 cum
541 1334 593 1368 nee
606 1317 660 1367 odii
674 1333 761 1382 neque
780 1311 902 1368 inuidiae
916 1324 965 1367 aut
976 1320 1094 1368 iniuriae
1109 1319 1226 1368 alicuius
1238 1334 1285 1384 po·

141 1390 213 1434 terat
232 1385 389 1436 obiectione
403 1387 505 1435 crimen
522 1385 629 1435 illatum
642 1389 781 1435 euacuari.
801 1387 835 1436 ob
848 1388 953 1435 tantiam
967 1387 1051 1451 igitur
1064 1390 1119 1435 tam
1140 1385 1285 1436 rachemen·

143 1457 195 1502 tem
207 1453 625 1519 homicidii'praosumptionem,
639 1453 726 1502 milite
740 1458 898 1503 constanter
910 1455 1066 1514 inliciente,
1080 1453 1230 1502 iudicatum
1244 1459 1286 1502 est

143 1519 232 1569 duello
256 1521 298 1569 rai
322 1521 514 1571 certitudinem
538 1521 666 1586 experiri.
703 1522 731 1570 in
755 1537 852 1586 campo
876 1522 969 1585 itaque
990 1522 1144 1572 constitutis
1163 1527 1191 1570 ct
1208 1519 1285 1586 uulgi

143 1587 338 1638 circumstante
359 1604 459 1638 corone
476 1589 543 1638 hinc
567 1603 636 1638 cane
655 1588 783 1638 dontibus
802 1593 920 1650 armato,
949 1587 1025 1638 illinc
1051 1587 1150 1637 baculo
1169 1587 1285 1637 cubitali

143 1653 227 1703 milite
258 1657 382 1718 munito,
419 1656 529 1705 tandem
558 1671 627 1722 cane
656 1657 761 1705 uictore
791 1657 880 1704 uictus
913 1656 1051 1705 homicida
1083 1656 1228 1704 succubuit
1258 1661 1286 1704 et

142 1722 354 1786 ignominiosam
377 1723 487 1788 publico
508 1722 633 1788 patibulo
660 1739 777 1788 poenam
805 1723 888 1772 dedit.
913 1749 945 1758 —
967 1724 1063 1772 ultima
1092 1723 1171 1771 Cella
1198 1723 1244 1772 illc
1270 1737 1284 1772 e

142 1805 214 1838 more
249 1791 342 1856 gentis
376 1797 403 1840 et
435 1796 585 1856 temporum
612 1805 721 1840 suorum
747 1789 868 1840 adfinxit.
897 1817 929 1826 -
957 1791 1115 1850 Ambrosius
1144 1789 1162 1838 l.
1194 1807 1217 1842 c.
1247 1789 1286 1839 v1

141 1855 175 1907 23
196 1872 254 1922 sq.:
292 1857 443 1908 ‘Exsortem
467 1859 584 1908 rationis
608 1873 705 1908 canem
729 1873 790 1906 essc
813 1873 892 1907 nemo
916 1859 1099 1918 dubitauerit;
1140 1863 1233 1907 tamen
1261 1859 1285 1906 si

142 1939 237 1974 sensus
263 1927 323 1974 eius
347 1926 468 1990 uigorem
492 1926 661 1986 consideres,
687 1940 785 1974 censes
808 1941 869 1974 eum
892 1927 1029 1976 sentiendi
1053 1926 1211 1990 sagacitate
1230 1925 1285 1974 uim

142 1992 194 2041 sibi
216 1993 336 2043 rationis
363 1993 528 2042 adsciscere.
565 1992 683 2057 deniquo
712 1993 782 2057 quod
806 1994 888 2058 pauci
907 1993 935 2042 in
958 1994 1109 2058 gymnasiis
1132 1993 1285 2054 constituti,

143 2061 187 2122 qui
214 2065 305 2110 totam
329 2061 358 2108 in
382 2061 514 2110 discendo
541 2061 618 2110 uitae
647 2061 863 2126 longaeuitatem
892 2063 1087 2122 contrinerint,
1116 2062 1161 2109 nix
1190 2065 1284 2125 potue·

143 2135 204 2176 runt
227 2143 414 2192 cognoscere,
437 2132 467 2177 ut
490 2127 709 2192 syllogismorum
728 2129 920 2178 coniuntiones
944 2133 1137 2188 contexerent,
1162 2127 1213 2177 boc
1236 2142 1284 2176 na·

142 2195 225 2244 turali
250 2197 332 2245 canis
354 2196 508 2245 eruditione
538 2195 623 2244 facilc
647 2199 749 2260 poterit
778 2196 929 2244 aestimari.
970 2209 1033 2244 nam
1061 2196 1107 2242 ubi
1136 2195 1284 2256 uestigium

143 2261 244 2327 leporis
273 2263 386 2314 cerulue
416 2265 551 2328 repererit
579 2267 662 2328 atque
694 2263 728 2312 ad
757 2262 951 2311 ‹linertieulum
975 2264 1090 2311 censitae
1120 2264 1228 2310 uenerit
1256 2266 1284 2310 et

142 2330 278 2393 quoddam
297 2330 403 2380 uiarum
422 2331 585 2395 compitum,
616 2329 687 2394 quod
705 2335 798 2394 partes
818 2331 845 2378 in
863 2328 994 2394 plurimas
1013 2329 1158 2390 scinditur,
1187 2327 1285 2378 obiens

142 2397 313 2462 singularum
331 2399 490 2448 semitarum
515 2398 627 2447 exordia
644 2399 748 2447 tacitns
766 2413 858 2448 secum
877 2398 936 2462 ipso
955 2403 1108 2462 pertractat
1135 2395 1213 2444 urslut
1230 2396 1285 2458 syl-

63 2482 66 2496 =
142 2463 301 2529 logisticam
324 2479 421 2516 uocem
444 2467 603 2531 sagacitate
628 2465 779 2530 colligendi
802 2465 894 2514 odoris
917 2467 1057 2514 emittens:
1095 2469 1144 2513 aut
1166 2465 1194 2512 in
1212 2463 1284 2512 lianc

141 2539 261 2596 partem,
285 2534 392 2598 inquit,
415 2533 528 2582 deflexit
551 2538 599 2582 unt
622 2534 650 2582 in
674 2531 749 2582 illum
769 2537 817 2581 aut
839 2537 914 2581 corte
939 2533 966 2581 in
990 2533 1060 2581 hunc
1079 2547 1109 2581 sc
1128 2532 1284 2580 anfractum

142 2601 274 2652 contulit:
311 2600 359 2650 sed
382 2614 433 2650 nec
458 2601 539 2650 istam
562 2615 614 2650 nec
638 2600 713 2649 illam
736 2601 876 2664 ingressus
900 2604 942 2649 est
965 2601 1052 2650 ulum:
1088 2603 1214 2664 superest
1232 2598 1283 2662 igi·

141 2673 184 2717 tur
211 2675 241 2718 ut
271 2669 300 2716 in
320 2667 400 2716 istam
429 2683 458 2718 se
488 2673 594 2732 partem
623 2668 683 2717 sinc
706 2667 880 2718 dubitatione
909 2667 1065 2717 contulerit.
1106 2666 1176 2731 quod
1198 2665 1283 2714 bomi-

141 2749 189 2785 nes
211 2737 261 2785 nix
290 2733 397 2799 prolixa
425 2736 594 2800 compositae
622 2736 690 2784 artis
718 2736 899 2786 meditatione
923 2738 1101 2800 componunt,
1132 2733 1182 2782 hoc
1207 2734 1283 2782 cani·

141 2801 191 2851 bus
215 2819 249 2852 ex
274 2809 375 2851 natura
398 2805 534 2868 suppetit,
566 2807 597 2850 ut
621 2809 684 2852 erite
708 2803 881 2853 mendacium
904 2802 1113 2867 deprehendant
1136 2806 1164 2850 et
1187 2806 1284 2865 postea

143 2869 270 2918 falsitate
294 2869 440 2934 repudiato
469 2871 614 2920 inueniant
640 2871 797 2920 ueritatem.
837 2885 927 2918 nonne
958 2876 1030 2918 totos
1053 2870 1114 2918 dies
1138 2871 1285 2918 conferunt

141 2936 299 3002 philosophi
312 2937 514 3002 propositiones
527 2937 580 2986 sibi
599 2939 628 2986 in
646 2937 759 3002 puluere
777 2938 944 3000 diuidentcs,
963 2940 1009 3002 qui
1023 2939 1100 2986 radio
1114 2937 1167 2986 sibi
1182 2937 1284 2986 descri-

143 3004 209 3054 bunt
227 3003 355 3070 singulas
379 3011 406 3054 ct
431 3019 464 3054 ex
488 3005 576 3065 tribus
598 3021 661 3054 cum
684 3021 766 3054 unam
792 3020 884 3054 earnm
907 3021 1000 3055 uerum
1025 3021 1085 3054 csse
1105 3021 1219 3054 necesse
1238 3004 1282 3066 sit,

142 3071 210 3121 duas
229 3072 319 3137 primo
342 3071 512 3121 interficiunt
534 3077 675 3136 tamquam
698 3073 844 3122 mendacio
867 3079 1064 3137 congruentes,
1093 3079 1120 3122 et
1143 3073 1230 3120 sicin
1250 3087 1284 3120 ea

142 3155 212 3202 quae
232 3139 334 3190 relicta
353 3145 395 3189 est
414 3141 469 3188 uim
487 3141 616 3190 ueritatis
635 3140 778 3190 inhaerere
797 3139 949 3188 definiunt?
976 3143 1037 3205 quis
1060 3148 1117 3190 tom
1135 3146 1219 3188 tenax
1237 3155 1282 3203 po·

141 3213 196 3256 sest
214 3221 278 3256 esse
296 3205 428 3256 beneficii
447 3213 474 3255 et
493 3223 595 3256 memor
613 3209 740 3270 gratiae?
768 3207 986 3272 quandoquidem
1006 3225 1054 3273 pro
1073 3209 1181 3258 domino
1200 3209 1284 3255 etiam

141 3273 168 3322 in
186 3275 314 3324 latrones
332 3274 437 3324 insilire
456 3279 592 3323 nonerunt
611 3281 639 3324 ct
657 3281 847 3324 extraneorum
866 3291 994 3326 accessus
1013 3277 1157 3340 prohibere
1177 3281 1283 3323 noctur-

140 3357 199 3404 nos,
221 3347 250 3392 et
268 3342 337 3392 mori
356 3357 403 3406 pro
422 3341 539 3390 dominis
558 3347 586 3390 et
604 3343 731 3392 commori
760 3358 819 3392 cum
844 3343 961 3392 dominis
985 3345 1040 3392 sint
1063 3343 1172 3409 parati?
1199 3356 1283 3404 saepe

141 3411 227 3458 etism
245 3409 325 3458 necis
348 3409 445 3458 illatae
469 3409 611 3458 euidentia
636 3425 721 3460 canes
740 3411 774 3458 ad
798 3410 1002 3474 redarguendos
1021 3427 1082 3459 reos
1101 3409 1204 3458 indicia
1222 3425 1283 3472 pro·

140 3475 285 3526 diderunt:
309 3481 341 3525 ut
363 3481 438 3526 muto
458 3491 549 3525 eorum
569 3479 727 3527 testimonio
750 3477 909 3542 plerumque
928 3479 964 3527 sit
983 3479 1126 3528 creditum.
1162 3478 1283 3525 Antio·

141 3544 243 3592 ciriae
263 3541 396 3593 icrunt’
417 3559 440 3592 c.
461 3561 486 3608 q.
507 3559 528 3592 s.
564 3544 686 3594 Basilius
705 3545 766 3594 hex.
791 3545 936 3593 v111141
956 3561 980 3608 p.
1005 3544 1038 3593 bl
1062 3563 1086 3594 c.
1111 3544 1135 3592 d.
1162 3561 1199 3594 (τι
1229 3536 1282 3592 Λό-

140 3625 190 3674 γον
208 3605 265 3676 μὲν
288 3601 408 3676 ἄμοιρος
430 3602 445 3660 ὀ
467 3605 545 3660 κύων
568 3605 800 3678 ἰσοδυναμούσαν
818 3605 850 3661 δὲ
870 3601 943 3674 ὅμως
961 3609 999 3678 τῷ
1016 3606 1089 3678 λόγῳ
1106 3604 1159 3678 τὴν
1177 3607 1282 3676 αἴσθη-

140 3693 186 3728 σιν
209 3673 280 3743 ἔχει.
316 3667 337 3727 ά
359 3671 414 3743 γάρ
437 3671 468 3727 οἴ
488 3671 561 3728 κατά
585 3673 693 3745 πολλὴν
711 3672 815 3758 σχολὴν
831 3679 882 3728 τού
905 3679 971 3744 βίον
989 3672 1179 3745 καθεζόμενοι
1203 3673 1284 3744 μόλις

141 3737 260 3810 ἐξεῦρον
279 3739 309 3795 οἶ
325 3745 376 3795 τού
394 3737 502 3810 κόσμον
520 3745 619 3826 σοφοί,
635 3743 686 3805 τὰς
699 3763 755 3797 των
767 3747 961 3813 συλλογισμῶν
974 3744 1044 3812 λέγω
1056 3739 1174 3810 πλοκάς,
1193 3745 1283 3797 ταῦτα

141 3813 292 3864 δείκνυται
310 3806 389 3877 παρά
407 3811 458 3879 τῆς
476 3805 588 3878 φύσεως
606 3829 621 3864 ο
638 3807 716 3865 κύων
733 3809 971 3878 πεπαιδευμένος.
1001 3808 1032 3865 τό
1051 3808 1106 3880 γάρ
1130 3812 1209 3880 [χνος
1231 3813 1285 3864 τού

140 3879 252 3945 θηρίον
272 3873 503 3946 διερευνώμενος,
523 3872 643 3932 ἐπειδᾶν
662 3871 731 3949 εύρῃ
749 3873 820 3933 αύτὸ
837 3875 1021 3946 πολυτρόπως
1038 3875 1213 3948 σχιζόμενον,
1232 3876 1283 3939 τάς

142 3939 303 4013 ἑκασταχοῦ
331 3943 474 4013 φερούσας
496 3940 636 4012 ἐκτροπάς
660 3942 791 4001 ἐπειδάν
812 3946 967 4015 μονονουχὶ
995 3945 1047 4028 τὴν
1070 3944 1284 4016 aversarum

141 4009 244 4094 φρινήν
267 4005 288 4065 α’
313 4013 372 4082 {pos
397 4009 439 4065 δι’
460 4003 500 4065 οἷν
523 4009 651 4077 πράσσει·
675 4005 695 4083 ἢ
716 4011 816 4083 τήνδε,
837 4017 940 4083 φησίν,
961 4009 1069 4083 ύτραπη
1088 4013 1118 4068 τό
1137 4005 1284 4082 θρριόνῆ

140 4083 228 4158 τηνδε
247 4071 268 4148 ἢ
287 4031 334 4134 gri
345 4076 417 4160 ‚sede
434 4077 467 4134 τό
484 4078 580 4148 μέρος·
597 4076 674 4160 date,
687 4080 745 4151 μὴν
763 4077 828 4135 οὔτε
846 4081 943 4152 τήνδε,
962 4079 1132 4151 λειπόμενόν
1145 4077 1201 4136 ἐστι
1215 4083 1283 4150 τῇδε

140 4151 296 4217 mopsistiae
314 4143 393 4201 αυτύ.
429 4147 478 4200 καὶ
497 4143 585 4210 οὕτως
603 4150 638 4218 τῇ
654 4168 723 4202 αναι
743 4149 800 4203 ε’σει
819 4152 875 4203 τῶν
892 4151 1010 4216 ψευδῶν
1027 4147 1152 4218 εύριόκει
1170 4147 1202 4202 τὸ
1214 4145 1282 4218 άλη-

141 4215 203 4276 θές.
245 4217 277 4267 τί
299 4211 499 4282 περισσότερον
517 4219 649 4269 ποιοῦσιν
672 4213 702 4269 οἷ
719 4169 766 4270 bct
784 4219 840 4270 teir
859 4213 1084 4286 διαγραμμάτων
1108 4220 1214 4298 σεμνοῖς
1232 4237 1282 4270 κα-

141 4280 297 4350 θεζόμενοι
315 4283 364 4336 καὶ
382 4285 435 4368 τήν
453 4279 536 4337 κόνιν
552 4281 817 4366 κριταραράρσοντες
845 4288 931 4406 τριῶν
949 4281 1113 4351 προτάσεων
1127 4289 1283 4351 αναιρούν-

140 4369 185 4412 τες
203 4347 255 4430 τάς
275 4346 330 4403 δύο
344 4369 396 4430 και
413 4345 444 4404 ἐν
462 4353 496 4420 τῇ
514 4355 667 4432 λειπομενρ
684 4371 715 4404 το
733 4326 844 4422 clipello

878 4354 1086 4419 ξενρι’σκοντες;
1111 4351 1142 4407 τὸ
1162 4351 1194 4408 δὲ
1212 4373 1282 4424 μνη-

140 4436 262 4486 μονικόν
285 4419 338 4488 τῆς
360 4436 475 4488 χαριτος
497 4421 548 4472 τοῦ
566 4423 637 4484 {aaa
655 4422 721 4473 τίνα
738 4423 795 4474 τοῖν
811 4414 973 4490 ἀχαρίστων
990 4417 1062 4488 πρὸς
1081 4415 1231 4492 εύερνότας
1248 4417 1284 4478 ού
