<?xml version="1.0" encoding="UTF-8"?>
<!DOCTYPE html PUBLIC "-//W3C//DTD XHTML 1.0 Transitional//EN"
    "http://www.w3.org/TR/xhtml1/DTD/xhtml1-transitional.dtd">
<html xmlns="http://www.w3.org/1999/xhtml" xml:lang="en" lang="en">
 <head>
  <title>
</title>
<meta http-equiv="Content-Type" content="text/html;charset=utf-8" />
  <meta name='ocr-system' content='tesseract 3.04.00' />
  <meta name='ocr-capabilities' content='ocr_page ocr_carea ocr_par ocr_line ocrx_word'/>
</head>
<body>
  <div class='ocr_page' id='page_1' title='image "./csvetonitranqvi01ritsgoog_0292.png"; bbox 0 0 3072 5064; ppageno 0'>
   <div class='ocr_carea' id='block_1_1' title="bbox 319 405 1279 470">
    <p class='ocr_par' dir='ltr' id='par_1_1' title="bbox 319 405 1279 470">
     <span class='ocr_line' id='line_1_1' title="bbox 319 405 1279 470; baseline 0.011 -11"><span class='ocrx_word' id='word_1_1' title='bbox 319 415 550 460; x_wconf 65' lang='lat' dir='ltr'><strong>EVPPLEMENTA</strong></span> <span class='ocrx_word' id='word_1_2' title='bbox 572 417 661 460; x_wconf 78' lang='lat' dir='ltr'><strong>Lllllll</strong></span> <span class='ocrx_word' id='word_1_3' title='bbox 683 419 724 459; x_wconf 74' lang='lat' dir='ltr'><strong>DE</strong></span> <span class='ocrx_word' id='word_1_4' title='bbox 747 417 951 461; x_wconf 72' lang='lat' dir='ltr'><strong>sutuauntvst</strong></span> <span class='ocrx_word' id='word_1_5' title='bbox 974 419 1114 462; x_wconf 75' lang='lat' dir='ltr'><strong>usuvuts</strong></span> <span class='ocrx_word' id='word_1_6' title='bbox 1221 405 1279 470; x_wconf 68' lang='lat'><strong>26¹</strong></span> 
     </span>
    </p>
   </div>
   <div class='ocr_carea' id='block_1_2' title="bbox 144 557 1284 977">
    <p class='ocr_par' dir='ltr' id='par_1_2' title="bbox 144 557 1284 977">
     <span class='ocr_line' id='line_1_2' title="bbox 145 557 1284 638; baseline 0.005 -22"><span class='ocrx_word' id='word_1_7' title='bbox 145 557 237 630; x_wconf 73' lang='lat' dir='ltr'><strong>irione</strong></span> <span class='ocrx_word' id='word_1_8' title='bbox 259 582 303 634; x_wconf 82' lang='lat' dir='ltr'><strong>ap.</strong></span> <span class='ocrx_word' id='word_1_9' title='bbox 326 569 395 620; x_wconf 86' lang='lat' dir='ltr'><strong>Non.</strong></span> <span class='ocrx_word' id='word_1_10' title='bbox 414 585 441 634; x_wconf 87' lang='lat' dir='ltr'><strong>p.</strong></span> <span class='ocrx_word' id='word_1_11' title='bbox 457 567 620 620; x_wconf 72' lang='lat' dir='ltr'><strong>ssl‘llervina</strong></span> <span class='ocrx_word' id='word_1_12' title='bbox 638 585 731 636; x_wconf 86' lang='lat' dir='ltr'><strong>georg.</strong></span> <span class='ocrx_word' id='word_1_13' title='bbox 750 569 842 621; x_wconf 79' lang='lat'>11182</span> <span class='ocrx_word' id='word_1_14' title='bbox 860 571 958 621; x_wconf 81' lang='lat' dir='ltr'><strong>Festus</strong></span> <span class='ocrx_word' id='word_1_15' title='bbox 976 585 997 622; x_wconf 90' lang='lat' dir='ltr'><strong>s.</strong></span> <span class='ocrx_word' id='word_1_16' title='bbox 1016 585 1042 621; x_wconf 82' lang='lat' dir='ltr'><strong>v.</strong></span> <span class='ocrx_word' id='word_1_17' title='bbox 1061 570 1175 637; x_wconf 86' lang='lat' dir='ltr'><strong>petilam</strong></span> <span class='ocrx_word' id='word_1_18' title='bbox 1193 589 1219 638; x_wconf 91' lang='lat' dir='ltr'><strong>p.</strong></span> <span class='ocrx_word' id='word_1_19' title='bbox 1232 571 1284 622; x_wconf 77' lang='lat'><strong>205</strong></span> 
     </span>
     <span class='ocr_line' id='line_1_3' title="bbox 146 635 1282 705; baseline 0.004 -20"><span class='ocrx_word' id='word_1_20' title='bbox 146 635 255 686; x_wconf 78' lang='lat' dir='ltr'><strong>Gellius</strong></span> <span class='ocrx_word' id='word_1_21' title='bbox 278 637 312 686; x_wconf 83' lang='lat' dir='ltr'><strong>N.</strong></span> <span class='ocrx_word' id='word_1_22' title='bbox 335 637 367 687; x_wconf 80' lang='lat' dir='ltr'><strong>A.</strong></span> <span class='ocrx_word' id='word_1_23' title='bbox 389 637 474 687; x_wconf 81' lang='lat'>1126</span> <span class='ocrx_word' id='word_1_24' title='bbox 496 639 538 688; x_wconf 91' lang='lat'><strong>111</strong></span> <span class='ocrx_word' id='word_1_25' title='bbox 560 637 585 688; x_wconf 81' lang='lat'><strong>9.</strong></span> <span class='ocrx_word' id='word_1_26' title='bbox 626 637 673 688; x_wconf 78' lang='lat'><strong>61:</strong></span> <span class='ocrx_word' id='word_1_27' title='bbox 703 639 750 690; x_wconf 88' lang='lat' dir='ltr'><strong>‘ln</strong></span> <span class='ocrx_word' id='word_1_28' title='bbox 778 638 963 689; x_wconf 80' lang='lat' dir='ltr'><strong>animantibus</strong></span> <span class='ocrx_word' id='word_1_29' title='bbox 990 639 1123 705; x_wconf 81' lang='lat' dir='ltr'><strong>bigenera</strong></span> <span class='ocrx_word' id='word_1_30' title='bbox 1146 641 1282 702; x_wconf 90' lang='lat' dir='ltr'><strong>dicuntur,</strong></span> 
     </span>
     <span class='ocr_line' id='line_1_4' title="bbox 145 704 1283 772; baseline 0.004 -19"><span class='ocrx_word' id='word_1_31' title='bbox 145 719 220 768; x_wconf 80' lang='lat' dir='ltr'><strong>quae</strong></span> <span class='ocrx_word' id='word_1_32' title='bbox 239 720 272 754; x_wconf 83' lang='lat' dir='ltr'><strong>ex</strong></span> <span class='ocrx_word' id='word_1_33' title='bbox 290 707 407 755; x_wconf 83' lang='lat' dir='ltr'><strong>diuersis</strong></span> <span class='ocrx_word' id='word_1_34' title='bbox 429 711 593 757; x_wconf 84' lang='lat' dir='ltr'><strong>nascuntur:</strong></span> <span class='ocrx_word' id='word_1_35' title='bbox 616 713 647 756; x_wconf 89' lang='lat' dir='ltr'><strong>ut</strong></span> <span class='ocrx_word' id='word_1_36' title='bbox 664 704 751 758; x_wconf 87' lang='lat' dir='ltr'><strong>mulus</strong></span> <span class='ocrx_word' id='word_1_37' title='bbox 770 723 804 757; x_wconf 88' lang='lat' dir='ltr'><strong>ex</strong></span> <span class='ocrx_word' id='word_1_38' title='bbox 823 721 893 771; x_wconf 88' lang='lat' dir='ltr'><strong>equa</strong></span> <span class='ocrx_word' id='word_1_39' title='bbox 912 713 941 756; x_wconf 87' lang='lat' dir='ltr'><strong>et</strong></span> <span class='ocrx_word' id='word_1_40' title='bbox 959 708 1045 770; x_wconf 87' lang='lat' dir='ltr'><strong>asino,</strong></span> <span class='ocrx_word' id='word_1_41' title='bbox 1065 707 1150 758; x_wconf 89' lang='lat' dir='ltr'><strong>burdo</strong></span> <span class='ocrx_word' id='word_1_42' title='bbox 1168 723 1200 758; x_wconf 85' lang='lat' dir='ltr'><strong>ex</strong></span> <span class='ocrx_word' id='word_1_43' title='bbox 1213 723 1283 772; x_wconf 89' lang='lat' dir='ltr'><strong>equo</strong></span> 
     </span>
     <span class='ocr_line' id='line_1_5' title="bbox 145 773 1283 840; baseline 0.004 -19"><span class='ocrx_word' id='word_1_44' title='bbox 145 779 177 822; x_wconf 84' lang='lat' dir='ltr'><strong>et</strong></span> <span class='ocrx_word' id='word_1_45' title='bbox 196 773 284 835; x_wconf 82' lang='lat' dir='ltr'><strong>asina,</strong></span> <span class='ocrx_word' id='word_1_46' title='bbox 302 773 429 823; x_wconf 87' lang='lat' dir='ltr'><strong>hibridae</strong></span> <span class='ocrx_word' id='word_1_47' title='bbox 452 791 486 825; x_wconf 84' lang='lat' dir='ltr'><strong>ax</strong></span> <span class='ocrx_word' id='word_1_48' title='bbox 510 776 584 840; x_wconf 89' lang='lat' dir='ltr'><strong>apris</strong></span> <span class='ocrx_word' id='word_1_49' title='bbox 603 781 631 825; x_wconf 87' lang='lat' dir='ltr'><strong>et</strong></span> <span class='ocrx_word' id='word_1_50' title='bbox 648 776 752 840; x_wconf 81' lang='lat' dir='ltr'><strong>porcis,</strong></span> <span class='ocrx_word' id='word_1_51' title='bbox 775 776 874 838; x_wconf 76' lang='lat' dir='ltr'><strong>tityrus</strong></span> <span class='ocrx_word' id='word_1_52' title='bbox 898 791 931 825; x_wconf 83' lang='lat' dir='ltr'><strong>ex</strong></span> <span class='ocrx_word' id='word_1_53' title='bbox 948 791 1000 825; x_wconf 86' lang='lat' dir='ltr'><strong>oue</strong></span> <span class='ocrx_word' id='word_1_54' title='bbox 1019 781 1047 826; x_wconf 90' lang='lat' dir='ltr'><strong>et</strong></span> <span class='ocrx_word' id='word_1_55' title='bbox 1064 774 1149 838; x_wconf 90' lang='lat' dir='ltr'><strong>hirco,</strong></span> <span class='ocrx_word' id='word_1_56' title='bbox 1169 777 1283 826; x_wconf 84' lang='lat' dir='ltr'><strong>murima</strong></span> 
     </span>
     <span class='ocr_line' id='line_1_6' title="bbox 145 842 1282 910; baseline 0.004 -20"><span class='ocrx_word' id='word_1_57' title='bbox 145 855 183 890; x_wconf 80' lang='lat' dir='ltr'><strong>ax</strong></span> <span class='ocrx_word' id='word_1_58' title='bbox 202 856 287 906; x_wconf 80' lang='lat' dir='ltr'><strong>capra</strong></span> <span class='ocrx_word' id='word_1_59' title='bbox 305 849 334 891; x_wconf 90' lang='lat' dir='ltr'><strong>et</strong></span> <span class='ocrx_word' id='word_1_60' title='bbox 352 843 454 902; x_wconf 87' lang='lat' dir='ltr'><strong>ariete,</strong></span> <span class='ocrx_word' id='word_1_61' title='bbox 478 847 521 892; x_wconf 85' lang='lat' dir='ltr'><strong>est</strong></span> <span class='ocrx_word' id='word_1_62' title='bbox 539 848 631 892; x_wconf 86' lang='lat' dir='ltr'><strong>autem</strong></span> <span class='ocrx_word' id='word_1_63' title='bbox 649 843 703 893; x_wconf 85' lang='lat' dir='ltr'><strong>dux</strong></span> <span class='ocrx_word' id='word_1_64' title='bbox 716 842 832 910; x_wconf 65' lang='lat' dir='ltr'><strong>gregis!</strong></span> <span class='ocrx_word' id='word_1_65' title='bbox 874 844 910 897; x_wconf 86' lang='lat' dir='ltr'><strong>cl.</strong></span> <span class='ocrx_word' id='word_1_66' title='bbox 928 843 1014 893; x_wconf 85' lang='lat' dir='ltr'><strong>Varro</strong></span> <span class='ocrx_word' id='word_1_67' title='bbox 1033 843 1067 893; x_wconf 87' lang='lat' dir='ltr'><strong>de</strong></span> <span class='ocrx_word' id='word_1_68' title='bbox 1085 859 1113 892; x_wconf 90' lang='lat' dir='ltr'><strong>re</strong></span> <span class='ocrx_word' id='word_1_69' title='bbox 1133 845 1237 895; x_wconf 84' lang='lat' dir='ltr'><strong>rustica</strong></span> <span class='ocrx_word' id='word_1_70' title='bbox 1256 843 1282 894; x_wconf 93' lang='lat'><strong>11</strong></span> 
     </span>
     <span class='ocr_line' id='line_1_7' title="bbox 144 907 1283 977; baseline 0.002 -19"><span class='ocrx_word' id='word_1_71' title='bbox 144 907 163 958; x_wconf 79' lang='lat'><strong>8</strong></span> <span class='ocrx_word' id='word_1_72' title='bbox 183 909 294 959; x_wconf 82' lang='lat' dir='ltr'><strong>Servius</strong></span> <span class='ocrx_word' id='word_1_73' title='bbox 318 909 408 974; x_wconf 87' lang='lat' dir='ltr'><strong>eclog.</strong></span> <span class='ocrx_word' id='word_1_74' title='bbox 432 911 446 960; x_wconf 93' lang='lat'>1</span> <span class='ocrx_word' id='word_1_75' title='bbox 468 909 501 959; x_wconf 86' lang='lat'><strong>28</strong></span> <span class='ocrx_word' id='word_1_76' title='bbox 523 927 617 976; x_wconf 85' lang='lat' dir='ltr'><strong>georg.</strong></span> <span class='ocrx_word' id='word_1_77' title='bbox 636 911 680 962; x_wconf 87' lang='lat'><strong>111</strong></span> <span class='ocrx_word' id='word_1_78' title='bbox 701 909 878 964; x_wconf 71' lang='lat' dir='ltr'><strong>astruentur</strong></span> <span class='ocrx_word' id='word_1_79' title='bbox 899 925 921 961; x_wconf 86' lang='lat' dir='ltr'><strong>s.</strong></span> <span class='ocrx_word' id='word_1_80' title='bbox 945 925 971 962; x_wconf 82' lang='lat' dir='ltr'><strong>v.</strong></span> <span class='ocrx_word' id='word_1_81' title='bbox 990 913 1155 962; x_wconf 77' lang='lat' dir='ltr'><strong>murimones</strong></span> <span class='ocrx_word' id='word_1_82' title='bbox 1179 928 1205 977; x_wconf 90' lang='lat' dir='ltr'><strong>p.</strong></span> <span class='ocrx_word' id='word_1_83' title='bbox 1225 911 1283 962; x_wconf 78' lang='lat'><strong>1³7.</strong></span> 
     </span>
    </p>
   </div>
   <div class='ocr_carea' id='block_1_3' title="bbox 99 976 1316 4516">
    <p class='ocr_par' dir='ltr' id='par_1_3' title="bbox 99 976 1316 4516">
     <span class='ocr_line' id='line_1_8' title="bbox 145 976 1283 1045; baseline 0.003 -19"><span class='ocrx_word' id='word_1_84' title='bbox 145 979 171 1026; x_wconf 81' lang='lat'><strong>2.</strong></span> <span class='ocrx_word' id='word_1_85' title='bbox 199 978 260 1028; x_wconf 80' lang='lat' dir='ltr'><strong>‘De</strong></span> <span class='ocrx_word' id='word_1_86' title='bbox 279 976 400 1028; x_wconf 86' lang='lat' dir='ltr'><strong>bestiis.’</strong></span> <span class='ocrx_word' id='word_1_87' title='bbox 436 979 547 1044; x_wconf 63' lang='lat' dir='ltr'><strong>inqu:</strong></span> <span class='ocrx_word' id='word_1_88' title='bbox 571 979 678 1044; x_wconf 87' lang='lat' dir='ltr'><strong>‘Tigris</strong></span> <span class='ocrx_word' id='word_1_89' title='bbox 695 985 798 1028; x_wconf 89' lang='lat' dir='ltr'><strong>uocata</strong></span> <span class='ocrx_word' id='word_1_90' title='bbox 815 985 926 1045; x_wconf 88' lang='lat' dir='ltr'><strong>propter</strong></span> <span class='ocrx_word' id='word_1_91' title='bbox 947 979 1086 1030; x_wconf 86' lang='lat' dir='ltr'><strong>uolucrem</strong></span> <span class='ocrx_word' id='word_1_92' title='bbox 1105 980 1207 1044; x_wconf 85' lang='lat' dir='ltr'><strong>lugam.</strong></span> <span class='ocrx_word' id='word_1_93' title='bbox 1243 981 1283 1029; x_wconf 85' lang='lat' dir='ltr'><strong>ila</strong></span> 
     </span>
     <span class='ocr_line' id='line_1_9' title="bbox 145 1046 1283 1113; baseline 0.004 -18"><span class='ocrx_word' id='word_1_94' title='bbox 145 1047 222 1096; x_wconf 83' lang='lat' dir='ltr'><strong>enim</strong></span> <span class='ocrx_word' id='word_1_95' title='bbox 240 1047 383 1096; x_wconf 88' lang='lat' dir='ltr'><strong>nominant</strong></span> <span class='ocrx_word' id='word_1_96' title='bbox 404 1046 507 1098; x_wconf 78' lang='lat' dir='ltr'><strong>Persae</strong></span> <span class='ocrx_word' id='word_1_97' title='bbox 530 1053 559 1097; x_wconf 87' lang='lat' dir='ltr'><strong>et</strong></span> <span class='ocrx_word' id='word_1_98' title='bbox 576 1047 650 1098; x_wconf 84' lang='lat' dir='ltr'>Medi</span> <span class='ocrx_word' id='word_1_99' title='bbox 676 1048 815 1113; x_wconf 77' lang='lat' dir='ltr'><strong>sagittam.</strong></span> <span class='ocrx_word' id='word_1_100' title='bbox 857 1055 900 1098; x_wconf 87' lang='lat' dir='ltr'><strong>cst</strong></span> <span class='ocrx_word' id='word_1_101' title='bbox 925 1050 997 1097; x_wconf 89' lang='lat' dir='ltr'><strong>enim</strong></span> <span class='ocrx_word' id='word_1_102' title='bbox 1015 1048 1107 1098; x_wconf 86' lang='lat' dir='ltr'><strong>bestia</strong></span> <span class='ocrx_word' id='word_1_103' title='bbox 1125 1049 1210 1098; x_wconf 88' lang='lat' dir='ltr'><strong>uariis</strong></span> <span class='ocrx_word' id='word_1_104' title='bbox 1229 1047 1283 1100; x_wconf 83' lang='lat' dir='ltr'><strong>die·</strong></span> 
     </span>
     <span class='ocr_line' id='line_1_10' title="bbox 144 1114 1283 1177; baseline 0.004 -15"><span class='ocrx_word' id='word_1_105' title='bbox 144 1115 239 1162; x_wconf 83' lang='lat' dir='ltr'><strong>tincta</strong></span> <span class='ocrx_word' id='word_1_106' title='bbox 256 1115 379 1173; x_wconf 86' lang='lat' dir='ltr'><strong>maculis,</strong></span> <span class='ocrx_word' id='word_1_107' title='bbox 399 1115 502 1164; x_wconf 88' lang='lat' dir='ltr'><strong>uirtute</strong></span> <span class='ocrx_word' id='word_1_108' title='bbox 521 1120 550 1166; x_wconf 87' lang='lat' dir='ltr'><strong>et</strong></span> <span class='ocrx_word' id='word_1_109' title='bbox 567 1115 716 1166; x_wconf 87' lang='lat' dir='ltr'><strong>uelocitate</strong></span> <span class='ocrx_word' id='word_1_110' title='bbox 735 1114 879 1177; x_wconf 88' lang='lat' dir='ltr'><strong>mirabilia,</strong></span> <span class='ocrx_word' id='word_1_111' title='bbox 899 1131 933 1166; x_wconf 87' lang='lat' dir='ltr'><strong>ex</strong></span> <span class='ocrx_word' id='word_1_112' title='bbox 951 1118 1029 1166; x_wconf 83' lang='lat' dir='ltr'><strong>cuiue</strong></span> <span class='ocrx_word' id='word_1_113' title='bbox 1052 1117 1161 1166; x_wconf 89' lang='lat' dir='ltr'><strong>nomine</strong></span> <span class='ocrx_word' id='word_1_114' title='bbox 1184 1117 1283 1166; x_wconf 86' lang='lat' dir='ltr'><strong>flumen</strong></span> 
     </span>
     <span class='ocr_line' id='line_1_11' title="bbox 144 1181 1283 1248; baseline 0.002 -18"><span class='ocrx_word' id='word_1_115' title='bbox 144 1181 241 1246; x_wconf 84' lang='lat' dir='ltr'><strong>Tigris</strong></span> <span class='ocrx_word' id='word_1_116' title='bbox 255 1181 418 1247; x_wconf 89' lang='lat' dir='ltr'><strong>appellatur,</strong></span> <span class='ocrx_word' id='word_1_117' title='bbox 439 1182 510 1248; x_wconf 86' lang='lat' dir='ltr'><strong>quod</strong></span> <span class='ocrx_word' id='word_1_118' title='bbox 528 1183 551 1232; x_wconf 88' lang='lat' dir='ltr'><strong>ia</strong></span> <span class='ocrx_word' id='word_1_119' title='bbox 570 1184 758 1248; x_wconf 87' lang='lat' dir='ltr'><strong>rapidissimus</strong></span> <span class='ocrx_word' id='word_1_120' title='bbox 776 1186 813 1234; x_wconf 90' lang='lat' dir='ltr'><strong>sit</strong></span> <span class='ocrx_word' id='word_1_121' title='bbox 831 1185 949 1234; x_wconf 86' lang='lat' dir='ltr'><strong>omnium</strong></span> <span class='ocrx_word' id='word_1_122' title='bbox 967 1183 1118 1234; x_wconf 88' lang='lat' dir='ltr'><strong>fluuiorum.</strong></span> <span class='ocrx_word' id='word_1_123' title='bbox 1154 1183 1205 1234; x_wconf 88' lang='lat' dir='ltr'><strong>has</strong></span> <span class='ocrx_word' id='word_1_124' title='bbox 1226 1200 1283 1233; x_wconf 91' lang='lat' dir='ltr'><strong>ma·</strong></span> 
     </span>
     <span class='ocr_line' id='line_1_12' title="bbox 144 1251 1282 1317; baseline 0.002 -17"><span class='ocrx_word' id='word_1_125' title='bbox 144 1251 190 1314; x_wconf 84' lang='lat' dir='ltr'><strong>gis</strong></span> <span class='ocrx_word' id='word_1_126' title='bbox 212 1251 355 1312; x_wconf 81' lang='lat' dir='ltr'><strong>Hyrcania</strong></span> <span class='ocrx_word' id='word_1_127' title='bbox 384 1251 483 1316; x_wconf 82' lang='lat' dir='ltr'><strong>gignit.</strong></span> <span class='ocrx_word' id='word_1_128' title='bbox 523 1251 646 1302; x_wconf 83' lang='lat' dir='ltr'><strong>Panther</strong></span> <span class='ocrx_word' id='word_1_129' title='bbox 668 1251 771 1312; x_wconf 86' lang='lat' dir='ltr'><strong>dictus,</strong></span> <span class='ocrx_word' id='word_1_130' title='bbox 799 1253 858 1302; x_wconf 88' lang='lat' dir='ltr'><strong>siue</strong></span> <span class='ocrx_word' id='word_1_131' title='bbox 887 1251 958 1317; x_wconf 92' lang='lat' dir='ltr'><strong>quod</strong></span> <span class='ocrx_word' id='word_1_132' title='bbox 982 1253 1101 1304; x_wconf 87' lang='lat' dir='ltr'><strong>omniurn</strong></span> <span class='ocrx_word' id='word_1_133' title='bbox 1125 1251 1282 1302; x_wconf 87' lang='lat' dir='ltr'><strong>animalium</strong></span> 
     </span>
     <span class='ocr_line' id='line_1_13' title="bbox 145 1319 1282 1386; baseline 0.004 -20"><span class='ocrx_word' id='word_1_134' title='bbox 145 1319 253 1368; x_wconf 80' lang='lat' dir='ltr'><strong>amicus</strong></span> <span class='ocrx_word' id='word_1_135' title='bbox 271 1319 321 1379; x_wconf 85' lang='lat' dir='ltr'><strong>sit,</strong></span> <span class='ocrx_word' id='word_1_136' title='bbox 346 1325 461 1386; x_wconf 84' lang='lat' dir='ltr'><strong>excepto</strong></span> <span class='ocrx_word' id='word_1_137' title='bbox 485 1319 617 1378; x_wconf 85' lang='lat' dir='ltr'><strong>dracone,</strong></span> <span class='ocrx_word' id='word_1_138' title='bbox 648 1321 707 1370; x_wconf 88' lang='lat' dir='ltr'><strong>siue</strong></span> <span class='ocrx_word' id='word_1_139' title='bbox 731 1321 796 1384; x_wconf 89' lang='lat' dir='ltr'><strong>quia</strong></span> <span class='ocrx_word' id='word_1_140' title='bbox 818 1325 846 1370; x_wconf 88' lang='lat' dir='ltr'><strong>et</strong></span> <span class='ocrx_word' id='word_1_141' title='bbox 868 1321 911 1372; x_wconf 85' lang='lat' dir='ltr'><strong>eui</strong></span> <span class='ocrx_word' id='word_1_142' title='bbox 935 1321 1044 1384; x_wconf 88' lang='lat' dir='ltr'><strong>generis</strong></span> <span class='ocrx_word' id='word_1_143' title='bbox 1062 1322 1197 1372; x_wconf 87' lang='lat' dir='ltr'><strong>societate</strong></span> <span class='ocrx_word' id='word_1_144' title='bbox 1216 1336 1282 1386; x_wconf 86' lang='lat' dir='ltr'><strong>gau·</strong></span> 
     </span>
     <span class='ocr_line' id='line_1_14' title="bbox 144 1385 1282 1454; baseline 0.002 -18"><span class='ocrx_word' id='word_1_145' title='bbox 144 1385 195 1436; x_wconf 86' lang='lat' dir='ltr'><strong>det</strong></span> <span class='ocrx_word' id='word_1_146' title='bbox 218 1393 246 1436; x_wconf 89' lang='lat' dir='ltr'><strong>et</strong></span> <span class='ocrx_word' id='word_1_147' title='bbox 269 1386 304 1436; x_wconf 83' lang='lat' dir='ltr'><strong>ad</strong></span> <span class='ocrx_word' id='word_1_148' title='bbox 322 1387 438 1436; x_wconf 86' lang='lat' dir='ltr'><strong>eandem</strong></span> <span class='ocrx_word' id='word_1_149' title='bbox 461 1387 668 1438; x_wconf 85' lang='lat' dir='ltr'><strong>similitudinem</strong></span> <span class='ocrx_word' id='word_1_150' title='bbox 692 1387 823 1454; x_wconf 83' lang='lat' dir='ltr'><strong>quidquid</strong></span> <span class='ocrx_word' id='word_1_151' title='bbox 846 1389 951 1452; x_wconf 86' lang='lat' dir='ltr'><strong>accipit</strong></span> <span class='ocrx_word' id='word_1_152' title='bbox 972 1387 1063 1438; x_wconf 85' lang='lat' dir='ltr'><strong>reddit</strong></span> <span class='ocrx_word' id='word_1_153' title='bbox 1152 1387 1222 1438; x_wconf 86' lang='lat' dir='ltr'><strong>haec</strong></span> <span class='ocrx_word' id='word_1_154' title='bbox 1241 1405 1282 1438; x_wconf 86' lang='lat' dir='ltr'><strong>se-</strong></span> 
     </span>
     <span class='ocr_line' id='line_1_15' title="bbox 144 1453 1283 1520; baseline 0.002 -16"><span class='ocrx_word' id='word_1_155' title='bbox 144 1453 201 1504; x_wconf 87' lang='lat' dir='ltr'><strong>mel</strong></span> <span class='ocrx_word' id='word_1_156' title='bbox 218 1455 329 1505; x_wconf 90' lang='lat' dir='ltr'><strong>omniuo</strong></span> <span class='ocrx_word' id='word_1_157' title='bbox 347 1456 479 1520; x_wconf 82' lang='lat' dir='ltr'><strong>parturit,</strong></span> <span class='ocrx_word' id='word_1_158' title='bbox 504 1458 582 1505; x_wconf 90' lang='lat' dir='ltr'><strong>cuius</strong></span> <span class='ocrx_word' id='word_1_159' title='bbox 606 1471 707 1506; x_wconf 85' lang='lat' dir='ltr'><strong>causae</strong></span> <span class='ocrx_word' id='word_1_160' title='bbox 729 1457 800 1506; x_wconf 90' lang='lat' dir='ltr'><strong>ratio</strong></span> <span class='ocrx_word' id='word_1_161' title='bbox 824 1455 974 1506; x_wconf 82' lang='lat' dir='ltr'><strong>manifesta</strong></span> <span class='ocrx_word' id='word_1_162' title='bbox 998 1465 1046 1506; x_wconf 89' lang='lat' dir='ltr'><strong>est.</strong></span> <span class='ocrx_word' id='word_1_163' title='bbox 1088 1473 1152 1506; x_wconf 84' lang='lat' dir='ltr'><strong>nam</strong></span> <span class='ocrx_word' id='word_1_164' title='bbox 1176 1472 1235 1506; x_wconf 89' lang='lat' dir='ltr'><strong>eum</strong></span> <span class='ocrx_word' id='word_1_165' title='bbox 1254 1457 1283 1506; x_wconf 91' lang='lat' dir='ltr'><strong>in</strong></span> 
     </span>
     <span class='ocr_line' id='line_1_16' title="bbox 144 1523 1282 1590; baseline 0.002 -18"><span class='ocrx_word' id='word_1_166' title='bbox 144 1529 225 1572; x_wconf 87' lang='lat' dir='ltr'><strong>utero</strong></span> <span class='ocrx_word' id='word_1_167' title='bbox 244 1523 340 1572; x_wconf 88' lang='lat' dir='ltr'><strong>matris</strong></span> <span class='ocrx_word' id='word_1_168' title='bbox 358 1523 487 1574; x_wconf 76' lang='lat' dir='ltr'><strong>coaluere</strong></span> <span class='ocrx_word' id='word_1_169' title='bbox 512 1525 598 1574; x_wconf 91' lang='lat' dir='ltr'><strong>catuli</strong></span> <span class='ocrx_word' id='word_1_170' title='bbox 621 1525 788 1589; x_wconf 86' lang='lat' dir='ltr'><strong>maturisque</strong></span> <span class='ocrx_word' id='word_1_171' title='bbox 808 1524 843 1574; x_wconf 90' lang='lat' dir='ltr'><strong>ad</strong></span> <span class='ocrx_word' id='word_1_172' title='bbox 860 1524 1029 1574; x_wconf 87' lang='lat' dir='ltr'><strong>nascendum</strong></span> <span class='ocrx_word' id='word_1_173' title='bbox 1047 1525 1151 1574; x_wconf 88' lang='lat' dir='ltr'><strong>uiribus</strong></span> <span class='ocrx_word' id='word_1_174' title='bbox 1170 1523 1282 1590; x_wconf 87' lang='lat' dir='ltr'><strong>pollent.</strong></span> 
     </span>
     <span class='ocr_line' id='line_1_17' title="bbox 144 1590 1283 1657; baseline 0.001 -17"><span class='ocrx_word' id='word_1_175' title='bbox 144 1590 242 1640; x_wconf 86' lang='lat' dir='ltr'><strong>odiunt</strong></span> <span class='ocrx_word' id='word_1_176' title='bbox 270 1597 423 1656; x_wconf 87' lang='lat' dir='ltr'><strong>temporum</strong></span> <span class='ocrx_word' id='word_1_177' title='bbox 450 1607 549 1642; x_wconf 86' lang='lat' dir='ltr'><strong>moras.</strong></span> <span class='ocrx_word' id='word_1_178' title='bbox 593 1593 689 1656; x_wconf 87' lang='lat' dir='ltr'><strong>itaque</strong></span> <span class='ocrx_word' id='word_1_179' title='bbox 717 1597 859 1656; x_wconf 82' lang='lat' dir='ltr'><strong>oneratum</strong></span> <span class='ocrx_word' id='word_1_180' title='bbox 884 1593 986 1641; x_wconf 84' lang='lat' dir='ltr'><strong>letibus</strong></span> <span class='ocrx_word' id='word_1_181' title='bbox 1009 1591 1120 1642; x_wconf 86' lang='lat' dir='ltr'><strong>uuluam</strong></span> <span class='ocrx_word' id='word_1_182' title='bbox 1144 1597 1283 1657; x_wconf 87' lang='lat' dir='ltr'><strong>tamquam</strong></span> 
     </span>
     <span class='ocr_line' id='line_1_18' title="bbox 143 1659 1282 1726; baseline 0.002 -18"><span class='ocrx_word' id='word_1_183' title='bbox 143 1659 303 1708; x_wconf 86' lang='lat' dir='ltr'><strong>obstantem</strong></span> <span class='ocrx_word' id='word_1_184' title='bbox 322 1661 413 1724; x_wconf 89' lang='lat' dir='ltr'><strong>partui</strong></span> <span class='ocrx_word' id='word_1_185' title='bbox 432 1661 568 1724; x_wconf 84' lang='lat' dir='ltr'><strong>unguibus</strong></span> <span class='ocrx_word' id='word_1_186' title='bbox 587 1660 720 1722; x_wconf 87' lang='lat' dir='ltr'><strong>lacerant,</strong></span> <span class='ocrx_word' id='word_1_187' title='bbox 746 1660 862 1710; x_wconf 83' lang='lat' dir='ltr'><strong>effundit</strong></span> <span class='ocrx_word' id='word_1_188' title='bbox 880 1660 930 1709; x_wconf 85' lang='lat' dir='ltr'><strong>illa</strong></span> <span class='ocrx_word' id='word_1_189' title='bbox 947 1665 1055 1724; x_wconf 87' lang='lat' dir='ltr'><strong>parturn</strong></span> <span class='ocrx_word' id='word_1_190' title='bbox 1074 1677 1121 1712; x_wconf 83' lang='lat' dir='ltr'><strong>seu</strong></span> <span class='ocrx_word' id='word_1_191' title='bbox 1139 1659 1229 1726; x_wconf 85' lang='lat' dir='ltr'><strong>potius</strong></span> <span class='ocrx_word' id='word_1_192' title='bbox 1242 1659 1282 1710; x_wconf 92' lang='lat' dir='ltr'><strong>di·</strong></span> 
     </span>
     <span class='ocr_line' id='line_1_19' title="bbox 144 1726 1281 1794; baseline 0 -18"><span class='ocrx_word' id='word_1_193' title='bbox 144 1727 231 1776; x_wconf 86' lang='lat' dir='ltr'><strong>mittit</strong></span> <span class='ocrx_word' id='word_1_194' title='bbox 244 1726 339 1777; x_wconf 88' lang='lat' dir='ltr'><strong>dolore</strong></span> <span class='ocrx_word' id='word_1_195' title='bbox 357 1733 482 1792; x_wconf 80' lang='lat' dir='ltr'><strong>cogente.</strong></span> <span class='ocrx_word' id='word_1_196' title='bbox 511 1730 552 1778; x_wconf 86' lang='lat' dir='ltr'><strong>ita</strong></span> <span class='ocrx_word' id='word_1_197' title='bbox 565 1733 661 1793; x_wconf 86' lang='lat' dir='ltr'><strong>postea</strong></span> <span class='ocrx_word' id='word_1_198' title='bbox 680 1729 817 1793; x_wconf 88' lang='lat' dir='ltr'><strong>corruptis</strong></span> <span class='ocrx_word' id='word_1_199' title='bbox 835 1737 863 1778; x_wconf 89' lang='lat' dir='ltr'><strong>et</strong></span> <span class='ocrx_word' id='word_1_200' title='bbox 882 1729 1054 1778; x_wconf 83' lang='lat' dir='ltr'><strong>cicatricosis</strong></span> <span class='ocrx_word' id='word_1_201' title='bbox 1073 1729 1184 1779; x_wconf 83' lang='lat' dir='ltr'><strong>sedibus</strong></span> <span class='ocrx_word' id='word_1_202' title='bbox 1204 1729 1281 1794; x_wconf 86' lang='lat' dir='ltr'><strong>geni-</strong></span> 
     </span>
     <span class='ocr_line' id='line_1_20' title="bbox 143 1795 1282 1861; baseline 0.002 -18"><span class='ocrx_word' id='word_1_203' title='bbox 143 1795 202 1844; x_wconf 83' lang='lat' dir='ltr'><strong>talc</strong></span> <span class='ocrx_word' id='word_1_204' title='bbox 221 1810 316 1846; x_wconf 86' lang='lat' dir='ltr'><strong>semen</strong></span> <span class='ocrx_word' id='word_1_205' title='bbox 336 1795 454 1845; x_wconf 88' lang='lat' dir='ltr'><strong>inlusum</strong></span> <span class='ocrx_word' id='word_1_206' title='bbox 473 1811 527 1846; x_wconf 88' lang='lat' dir='ltr'><strong>non</strong></span> <span class='ocrx_word' id='word_1_207' title='bbox 545 1795 641 1848; x_wconf 78' lang='lat' dir='ltr'><strong>haeret</strong></span> <span class='ocrx_word' id='word_1_208' title='bbox 660 1801 817 1861; x_wconf 86' lang='lat' dir='ltr'><strong>acceptum,</strong></span> <span class='ocrx_word' id='word_1_209' title='bbox 843 1795 892 1846; x_wconf 87' lang='lat' dir='ltr'><strong>aed</strong></span> <span class='ocrx_word' id='word_1_210' title='bbox 914 1797 1021 1845; x_wconf 90' lang='lat' dir='ltr'><strong>irritum</strong></span> <span class='ocrx_word' id='word_1_211' title='bbox 1045 1795 1201 1846; x_wconf 89' lang='lat' dir='ltr'><strong>resilit</strong></span> <span class='ocrx_word' id='word_1_212' title='bbox 1222 1811 1282 1861; x_wconf 88' lang='lat' dir='ltr'><strong>par·</strong></span> 
     </span>
     <span class='ocr_line' id='line_1_21' title="bbox 143 1863 1284 1930; baseline 0.002 -18"><span class='ocrx_word' id='word_1_213' title='bbox 143 1863 194 1912; x_wconf 89' lang='lat' dir='ltr'><strong>dns</strong></span> <span class='ocrx_word' id='word_1_214' title='bbox 218 1863 356 1912; x_wconf 84' lang='lat' dir='ltr'><strong>secundus</strong></span> <span class='ocrx_word' id='word_1_215' title='bbox 378 1869 440 1928; x_wconf 91' lang='lat' dir='ltr'><strong>post</strong></span> <span class='ocrx_word' id='word_1_216' title='bbox 462 1864 623 1928; x_wconf 85' lang='lat' dir='ltr'><strong>pantherem</strong></span> <span class='ocrx_word' id='word_1_217' title='bbox 653 1870 707 1926; x_wconf 89' lang='lat' dir='ltr'><strong>est,</strong></span> <span class='ocrx_word' id='word_1_218' title='bbox 737 1880 822 1930; x_wconf 88' lang='lat' dir='ltr'><strong>genus</strong></span> <span class='ocrx_word' id='word_1_219' title='bbox 851 1865 957 1914; x_wconf 89' lang='lat' dir='ltr'><strong>uarium</strong></span> <span class='ocrx_word' id='word_1_220' title='bbox 980 1871 1008 1913; x_wconf 90' lang='lat' dir='ltr'><strong>et</strong></span> <span class='ocrx_word' id='word_1_221' title='bbox 1030 1864 1232 1914; x_wconf 86' lang='lat' dir='ltr'><strong>uelocissimum</strong></span> <span class='ocrx_word' id='word_1_222' title='bbox 1257 1869 1284 1914; x_wconf 87' lang='lat' dir='ltr'><strong>et</strong></span> 
     </span>
     <span class='ocr_line' id='line_1_22' title="bbox 143 1931 1284 1998; baseline 0 -18"><span class='ocrx_word' id='word_1_223' title='bbox 143 1947 280 1996; x_wconf 88' lang='lat' dir='ltr'><strong>praeceps</strong></span> <span class='ocrx_word' id='word_1_224' title='bbox 306 1931 340 1980; x_wconf 87' lang='lat' dir='ltr'><strong>ad</strong></span> <span class='ocrx_word' id='word_1_225' title='bbox 364 1933 534 1996; x_wconf 84' lang='lat' dir='ltr'><strong>sanguinem.</strong></span> <span class='ocrx_word' id='word_1_226' title='bbox 580 1933 652 1982; x_wconf 88' lang='lat' dir='ltr'><strong>saltu</strong></span> <span class='ocrx_word' id='word_1_227' title='bbox 677 1933 749 1981; x_wconf 89' lang='lat' dir='ltr'><strong>enim</strong></span> <span class='ocrx_word' id='word_1_228' title='bbox 773 1932 807 1981; x_wconf 88' lang='lat' dir='ltr'><strong>ad</strong></span> <span class='ocrx_word' id='word_1_229' title='bbox 836 1937 949 1982; x_wconf 87' lang='lat' dir='ltr'><strong>mortem</strong></span> <span class='ocrx_word' id='word_1_230' title='bbox 976 1932 1039 1980; x_wconf 89' lang='lat' dir='ltr'><strong>ruit.</strong></span> <span class='ocrx_word' id='word_1_231' title='bbox 1081 1933 1227 1998; x_wconf 81' lang='lat' dir='ltr'><strong>leopardus</strong></span> <span class='ocrx_word' id='word_1_232' title='bbox 1251 1947 1284 1981; x_wconf 90' lang='lat' dir='ltr'><strong>ex</strong></span> 
     </span>
     <span class='ocr_line' id='line_1_23' title="bbox 143 1999 1284 2065; baseline 0 -17"><span class='ocrx_word' id='word_1_233' title='bbox 143 1999 282 2048; x_wconf 79' lang='lat' dir='ltr'><strong>adulterio</strong></span> <span class='ocrx_word' id='word_1_234' title='bbox 306 1999 422 2050; x_wconf 83' lang='lat' dir='ltr'><strong>leaenae</strong></span> <span class='ocrx_word' id='word_1_235' title='bbox 453 2007 481 2048; x_wconf 88' lang='lat' dir='ltr'><strong>et</strong></span> <span class='ocrx_word' id='word_1_236' title='bbox 504 2001 583 2065; x_wconf 85' lang='lat' dir='ltr'><strong>pardi</strong></span> <span class='ocrx_word' id='word_1_237' title='bbox 600 2001 738 2062; x_wconf 87' lang='lat' dir='ltr'><strong>nascitur,</strong></span> <span class='ocrx_word' id='word_1_238' title='bbox 763 2005 791 2050; x_wconf 90' lang='lat' dir='ltr'><strong>et</strong></span> <span class='ocrx_word' id='word_1_239' title='bbox 813 2001 923 2050; x_wconf 87' lang='lat' dir='ltr'><strong>tertiam</strong></span> <span class='ocrx_word' id='word_1_240' title='bbox 942 2001 1075 2064; x_wconf 86' lang='lat' dir='ltr'><strong>originem</strong></span> <span class='ocrx_word' id='word_1_241' title='bbox 1094 2001 1191 2062; x_wconf 89' lang='lat' dir='ltr'><strong>elficit,</strong></span> <span class='ocrx_word' id='word_1_242' title='bbox 1211 2001 1284 2050; x_wconf 86' lang='lat' dir='ltr'><strong>sicut</strong></span> 
     </span>
     <span class='ocr_line' id='line_1_24' title="bbox 144 2066 1284 2133; baseline 0 -17"><span class='ocrx_word' id='word_1_243' title='bbox 144 2075 173 2116; x_wconf 83' lang='lat' dir='ltr'><strong>et</strong></span> <span class='ocrx_word' id='word_1_244' title='bbox 190 2066 300 2116; x_wconf 84' lang='lat' dir='ltr'><strong>Plinius</strong></span> <span class='ocrx_word' id='word_1_245' title='bbox 323 2067 352 2116; x_wconf 90' lang='lat' dir='ltr'><strong>in</strong></span> <span class='ocrx_word' id='word_1_246' title='bbox 374 2067 495 2116; x_wconf 88' lang='lat' dir='ltr'><strong>naturali</strong></span> <span class='ocrx_word' id='word_1_247' title='bbox 519 2067 635 2118; x_wconf 88' lang='lat' dir='ltr'><strong>historia</strong></span> <span class='ocrx_word' id='word_1_248' title='bbox 658 2069 738 2127; x_wconf 90' lang='lat' dir='ltr'><strong>dicit,</strong></span> <span class='ocrx_word' id='word_1_249' title='bbox 766 2068 874 2118; x_wconf 88' lang='lat' dir='ltr'><strong>leonem</strong></span> <span class='ocrx_word' id='word_1_250' title='bbox 900 2085 960 2118; x_wconf 90' lang='lat' dir='ltr'><strong>cum</strong></span> <span class='ocrx_word' id='word_1_251' title='bbox 979 2067 1078 2132; x_wconf 88' lang='lat' dir='ltr'><strong>parda,</strong></span> <span class='ocrx_word' id='word_1_252' title='bbox 1105 2074 1152 2118; x_wconf 86' lang='lat' dir='ltr'><strong>aut</strong></span> <span class='ocrx_word' id='word_1_253' title='bbox 1170 2068 1284 2133; x_wconf 88' lang='lat' dir='ltr'><strong>pardum</strong></span> 
     </span>
     <span class='ocr_line' id='line_1_25' title="bbox 144 2135 1282 2202; baseline 0.001 -19"><span class='ocrx_word' id='word_1_254' title='bbox 144 2150 207 2184; x_wconf 83' lang='lat' dir='ltr'><strong>cum</strong></span> <span class='ocrx_word' id='word_1_255' title='bbox 225 2135 326 2184; x_wconf 88' lang='lat' dir='ltr'><strong>leaena</strong></span> <span class='ocrx_word' id='word_1_256' title='bbox 349 2136 542 2190; x_wconf 86' lang='lat' dir='ltr'><strong>concumbere.</strong></span> <span class='ocrx_word' id='word_1_257' title='bbox 570 2141 598 2186; x_wconf 86' lang='lat' dir='ltr'><strong>et</strong></span> <span class='ocrx_word' id='word_1_258' title='bbox 622 2153 655 2186; x_wconf 87' lang='lat' dir='ltr'><strong>ex</strong></span> <span class='ocrx_word' id='word_1_259' title='bbox 673 2141 787 2202; x_wconf 88' lang='lat' dir='ltr'><strong>utroque</strong></span> <span class='ocrx_word' id='word_1_260' title='bbox 811 2138 886 2186; x_wconf 88' lang='lat' dir='ltr'><strong>coitu</strong></span> <span class='ocrx_word' id='word_1_261' title='bbox 904 2135 1054 2200; x_wconf 84' lang='lat' dir='ltr'><strong>degeneres</strong></span> <span class='ocrx_word' id='word_1_262' title='bbox 1073 2141 1166 2200; x_wconf 85' lang='lat' dir='ltr'><strong>partus</strong></span> <span class='ocrx_word' id='word_1_263' title='bbox 1185 2137 1282 2196; x_wconf 91' lang='lat' dir='ltr'><strong>creari,</strong></span> 
     </span>
     <span class='ocr_line' id='line_1_26' title="bbox 143 2202 1283 2269; baseline 0.001 -18"><span class='ocrx_word' id='word_1_264' title='bbox 143 2209 174 2250; x_wconf 87' lang='lat' dir='ltr'><strong>ut</strong></span> <span class='ocrx_word' id='word_1_265' title='bbox 192 2202 281 2252; x_wconf 87' lang='lat' dir='ltr'><strong>mulus</strong></span> <span class='ocrx_word' id='word_1_266' title='bbox 300 2208 328 2252; x_wconf 90' lang='lat' dir='ltr'><strong>et</strong></span> <span class='ocrx_word' id='word_1_267' title='bbox 346 2202 451 2252; x_wconf 66' lang='lat' dir='ltr'><strong>burdo!</strong></span> <span class='ocrx_word' id='word_1_268' title='bbox 488 2203 519 2252; x_wconf 76' lang='lat'><strong>12</strong></span> <span class='ocrx_word' id='word_1_269' title='bbox 537 2219 590 2269; x_wconf 87' lang='lat' dir='ltr'><strong>sq.:</strong></span> <span class='ocrx_word' id='word_1_270' title='bbox 616 2203 799 2254; x_wconf 85' lang='lat' dir='ltr'><strong>‘Rhinoceros</strong></span> <span class='ocrx_word' id='word_1_271' title='bbox 818 2220 834 2253; x_wconf 88' lang='lat' dir='ltr'><strong>a</strong></span> <span class='ocrx_word' id='word_1_272' title='bbox 853 2203 968 2254; x_wconf 86' lang='lat' dir='ltr'><strong>Graecis</strong></span> <span class='ocrx_word' id='word_1_273' title='bbox 990 2209 1106 2253; x_wconf 85' lang='lat' dir='ltr'><strong>uocatus</strong></span> <span class='ocrx_word' id='word_1_274' title='bbox 1123 2205 1224 2253; x_wconf 87' lang='lat' dir='ltr'><strong>Latine</strong></span> <span class='ocrx_word' id='word_1_275' title='bbox 1243 2203 1283 2252; x_wconf 92' lang='lat' dir='ltr'><strong>iu·</strong></span> 
     </span>
     <span class='ocr_line' id='line_1_27' title="bbox 144 2271 1283 2335; baseline 0.001 -16"><span class='ocrx_word' id='word_1_276' title='bbox 144 2275 315 2335; x_wconf 87' lang='lat' dir='ltr'><strong>terpretatur</strong></span> <span class='ocrx_word' id='word_1_277' title='bbox 342 2271 371 2320; x_wconf 93' lang='lat' dir='ltr'><strong>in</strong></span> <span class='ocrx_word' id='word_1_278' title='bbox 393 2287 459 2321; x_wconf 86' lang='lat' dir='ltr'><strong>nare</strong></span> <span class='ocrx_word' id='word_1_279' title='bbox 489 2288 582 2322; x_wconf 88' lang='lat' dir='ltr'><strong>cornu.</strong></span> <span class='ocrx_word' id='word_1_280' title='bbox 622 2273 693 2322; x_wconf 89' lang='lat' dir='ltr'><strong>idem</strong></span> <span class='ocrx_word' id='word_1_281' title='bbox 717 2279 745 2322; x_wconf 87' lang='lat' dir='ltr'><strong>et</strong></span> <span class='ocrx_word' id='word_1_282' title='bbox 767 2287 926 2322; x_wconf 84' lang='lat' dir='ltr'><strong>monoceros</strong></span> <span class='ocrx_word' id='word_1_283' title='bbox 944 2271 971 2320; x_wconf 92' lang='lat' dir='ltr'><strong>id</strong></span> <span class='ocrx_word' id='word_1_284' title='bbox 991 2275 1032 2320; x_wconf 88' lang='lat' dir='ltr'><strong>est</strong></span> <span class='ocrx_word' id='word_1_285' title='bbox 1049 2272 1200 2332; x_wconf 85' lang='lat' dir='ltr'><strong>unicornis,</strong></span> <span class='ocrx_word' id='word_1_286' title='bbox 1222 2271 1283 2320; x_wconf 91' lang='lat' dir='ltr'><strong>ideo</strong></span> 
     </span>
     <span class='ocr_line' id='line_1_28' title="bbox 145 2339 1283 2404; baseline -0.001 -17"><span class='ocrx_word' id='word_1_287' title='bbox 145 2339 215 2403; x_wconf 85' lang='lat' dir='ltr'><strong>quod</strong></span> <span class='ocrx_word' id='word_1_288' title='bbox 237 2355 323 2388; x_wconf 91' lang='lat' dir='ltr'><strong>unum</strong></span> <span class='ocrx_word' id='word_1_289' title='bbox 342 2353 425 2389; x_wconf 87' lang='lat' dir='ltr'><strong>cornu</strong></span> <span class='ocrx_word' id='word_1_290' title='bbox 448 2341 476 2388; x_wconf 92' lang='lat' dir='ltr'><strong>in</strong></span> <span class='ocrx_word' id='word_1_291' title='bbox 495 2339 585 2390; x_wconf 88' lang='lat' dir='ltr'><strong>media</strong></span> <span class='ocrx_word' id='word_1_292' title='bbox 603 2340 693 2390; x_wconf 81' lang='lat' dir='ltr'><strong>fronte</strong></span> <span class='ocrx_word' id='word_1_293' title='bbox 711 2340 815 2390; x_wconf 88' lang='lat' dir='ltr'><strong>habeat</strong></span> <span class='ocrx_word' id='word_1_294' title='bbox 832 2339 930 2404; x_wconf 86' lang='lat' dir='ltr'><strong>pedum</strong></span> <span class='ocrx_word' id='word_1_295' title='bbox 949 2343 1090 2403; x_wconf 89' lang='lat' dir='ltr'><strong>quattuor,</strong></span> <span class='ocrx_word' id='word_1_296' title='bbox 1114 2340 1155 2390; x_wconf 87' lang='lat' dir='ltr'><strong>ita</strong></span> <span class='ocrx_word' id='word_1_297' title='bbox 1174 2345 1283 2388; x_wconf 90' lang='lat' dir='ltr'><strong>acutum</strong></span> 
     </span>
     <span class='ocr_line' id='line_1_29' title="bbox 99 2406 1284 2474; baseline -0.001 -18"><span class='ocrx_word' id='word_1_298' title='bbox 99 2425 103 2431; x_wconf 65' lang='lat'>¹</span> <span class='ocrx_word' id='word_1_299' title='bbox 146 2414 174 2456; x_wconf 87' lang='lat' dir='ltr'><strong>et</strong></span> <span class='ocrx_word' id='word_1_300' title='bbox 191 2407 328 2466; x_wconf 88' lang='lat' dir='ltr'><strong>ualidum,</strong></span> <span class='ocrx_word' id='word_1_301' title='bbox 353 2413 383 2457; x_wconf 90' lang='lat' dir='ltr'><strong>ut</strong></span> <span class='ocrx_word' id='word_1_302' title='bbox 402 2407 532 2472; x_wconf 88' lang='lat' dir='ltr'><strong>quidquid</strong></span> <span class='ocrx_word' id='word_1_303' title='bbox 550 2409 705 2474; x_wconf 84' lang='lat' dir='ltr'><strong>inpetierit,</strong></span> <span class='ocrx_word' id='word_1_304' title='bbox 733 2415 781 2457; x_wconf 88' lang='lat' dir='ltr'><strong>aut</strong></span> <span class='ocrx_word' id='word_1_305' title='bbox 802 2406 919 2457; x_wconf 82' lang='lat' dir='ltr'><strong>uentilat</strong></span> <span class='ocrx_word' id='word_1_306' title='bbox 942 2413 991 2456; x_wconf 90' lang='lat' dir='ltr'><strong>aut</strong></span> <span class='ocrx_word' id='word_1_307' title='bbox 1008 2407 1139 2472; x_wconf 85' lang='lat' dir='ltr'><strong>perforet.</strong></span> <span class='ocrx_word' id='word_1_308' title='bbox 1174 2422 1237 2456; x_wconf 87' lang='lat' dir='ltr'><strong>nam</strong></span> <span class='ocrx_word' id='word_1_309' title='bbox 1256 2411 1284 2456; x_wconf 86' lang='lat' dir='ltr'><strong>et</strong></span> 
     </span>
     <span class='ocr_line' id='line_1_30' title="bbox 146 2473 1284 2540; baseline -0.002 -16"><span class='ocrx_word' id='word_1_310' title='bbox 146 2489 207 2524; x_wconf 86' lang='lat' dir='ltr'><strong>cnm</strong></span> <span class='ocrx_word' id='word_1_311' title='bbox 225 2474 373 2540; x_wconf 82' lang='lat' dir='ltr'><strong>elephante</strong></span> <span class='ocrx_word' id='word_1_312' title='bbox 393 2491 475 2540; x_wconf 83' lang='lat' dir='ltr'><strong>saepe</strong></span> <span class='ocrx_word' id='word_1_313' title='bbox 496 2481 636 2526; x_wconf 84' lang='lat' dir='ltr'><strong>certamen</strong></span> <span class='ocrx_word' id='word_1_314' title='bbox 654 2475 739 2526; x_wconf 90' lang='lat' dir='ltr'><strong>habet</strong></span> <span class='ocrx_word' id='word_1_315' title='bbox 762 2480 789 2525; x_wconf 89' lang='lat' dir='ltr'><strong>et</strong></span> <span class='ocrx_word' id='word_1_316' title='bbox 813 2477 841 2524; x_wconf 92' lang='lat' dir='ltr'><strong>in</strong></span> <span class='ocrx_word' id='word_1_317' title='bbox 859 2479 956 2526; x_wconf 91' lang='lat' dir='ltr'><strong>uentre</strong></span> <span class='ocrx_word' id='word_1_318' title='bbox 974 2473 1147 2524; x_wconf 88' lang='lat' dir='ltr'><strong>uulneratum</strong></span> <span class='ocrx_word' id='word_1_319' title='bbox 1165 2479 1284 2540; x_wconf 88' lang='lat' dir='ltr'><strong>proster-</strong></span> 
     </span>
     <span class='ocr_line' id='line_1_31' title="bbox 144 2543 1282 2608; baseline -0.002 -16"><span class='ocrx_word' id='word_1_320' title='bbox 144 2543 193 2592; x_wconf 86' lang='lat' dir='ltr'><strong>nit.</strong></span> <span class='ocrx_word' id='word_1_321' title='bbox 230 2550 328 2592; x_wconf 84' lang='lat' dir='ltr'><strong>tantae</strong></span> <span class='ocrx_word' id='word_1_322' title='bbox 348 2549 440 2593; x_wconf 85' lang='lat' dir='ltr'><strong>autern</strong></span> <span class='ocrx_word' id='word_1_323' title='bbox 459 2550 501 2594; x_wconf 89' lang='lat' dir='ltr'><strong>est</strong></span> <span class='ocrx_word' id='word_1_324' title='bbox 518 2543 696 2604; x_wconf 84' lang='lat' dir='ltr'><strong>fortitudinis,</strong></span> <span class='ocrx_word' id='word_1_325' title='bbox 717 2543 839 2594; x_wconf 90' lang='lat' dir='ltr'><strong>utnulla</strong></span> <span class='ocrx_word' id='word_1_326' title='bbox 857 2544 1018 2592; x_wconf 81' lang='lat' dir='ltr'><strong>cenantium</strong></span> <span class='ocrx_word' id='word_1_327' title='bbox 1031 2543 1132 2592; x_wconf 85' lang='lat' dir='ltr'><strong>uirtute</strong></span> <span class='ocrx_word' id='word_1_328' title='bbox 1146 2543 1282 2608; x_wconf 85' lang='lat' dir='ltr'><strong>capiatur,</strong></span> 
     </span>
     <span class='ocr_line' id='line_1_32' title="bbox 146 2611 1284 2676; baseline -0.002 -16"><span class='ocrx_word' id='word_1_329' title='bbox 146 2611 192 2660; x_wconf 85' lang='lat' dir='ltr'><strong>sed</strong></span> <span class='ocrx_word' id='word_1_330' title='bbox 216 2612 291 2661; x_wconf 86' lang='lat' dir='ltr'><strong>sicut</strong></span> <span class='ocrx_word' id='word_1_331' title='bbox 315 2617 455 2674; x_wconf 86' lang='lat' dir='ltr'><strong>asserunt,</strong></span> <span class='ocrx_word' id='word_1_332' title='bbox 481 2613 536 2676; x_wconf 92' lang='lat' dir='ltr'><strong>qui</strong></span> <span class='ocrx_word' id='word_1_333' title='bbox 559 2617 702 2662; x_wconf 85' lang='lat' dir='ltr'><strong>naturas</strong></span> <span class='ocrx_word' id='word_1_334' title='bbox 731 2611 926 2662; x_wconf 87' lang='lat' dir='ltr'><strong>animalium</strong></span> <span class='ocrx_word' id='word_1_335' title='bbox 950 2611 1180 2676; x_wconf 85' lang='lat' dir='ltr'><strong>scripserunt,</strong></span> <span class='ocrx_word' id='word_1_336' title='bbox 1206 2611 1284 2674; x_wconf 89' lang='lat' dir='ltr'><strong>uirgo</strong></span> 
     </span>
     <span class='ocr_line' id='line_1_33' title="bbox 146 2677 1284 2744; baseline -0.001 -16"><span class='ocrx_word' id='word_1_337' title='bbox 146 2678 238 2744; x_wconf 90' lang='lat' dir='ltr'><strong>puella</strong></span> <span class='ocrx_word' id='word_1_338' title='bbox 257 2680 430 2744; x_wconf 86' lang='lat' dir='ltr'><strong>proponitur,</strong></span> <span class='ocrx_word' id='word_1_339' title='bbox 457 2695 525 2744; x_wconf 88' lang='lat' dir='ltr'><strong>quae</strong></span> <span class='ocrx_word' id='word_1_340' title='bbox 549 2681 673 2729; x_wconf 89' lang='lat' dir='ltr'><strong>uenienti</strong></span> <span class='ocrx_word' id='word_1_341' title='bbox 695 2682 783 2730; x_wconf 87' lang='lat' dir='ltr'><strong>sinum</strong></span> <span class='ocrx_word' id='word_1_342' title='bbox 802 2681 906 2744; x_wconf 85' lang='lat' dir='ltr'><strong>aperit,</strong></span> <span class='ocrx_word' id='word_1_343' title='bbox 931 2680 960 2727; x_wconf 91' lang='lat' dir='ltr'><strong>in</strong></span> <span class='ocrx_word' id='word_1_344' title='bbox 983 2693 1036 2743; x_wconf 89' lang='lat' dir='ltr'><strong>quo</strong></span> <span class='ocrx_word' id='word_1_345' title='bbox 1054 2677 1101 2728; x_wconf 90' lang='lat' dir='ltr'><strong>ille</strong></span> <span class='ocrx_word' id='word_1_346' title='bbox 1120 2680 1194 2728; x_wconf 89' lang='lat' dir='ltr'><strong>omni</strong></span> <span class='ocrx_word' id='word_1_347' title='bbox 1213 2679 1284 2727; x_wconf 87' lang='lat' dir='ltr'><strong>fero·</strong></span> 
     </span>
     <span class='ocr_line' id='line_1_34' title="bbox 146 2743 1284 2812; baseline -0.002 -16"><span class='ocrx_word' id='word_1_348' title='bbox 146 2747 232 2796; x_wconf 83' lang='lat' dir='ltr'><strong>nitate</strong></span> <span class='ocrx_word' id='word_1_349' title='bbox 263 2747 390 2812; x_wconf 88' lang='lat' dir='ltr'><strong>deposita</strong></span> <span class='ocrx_word' id='word_1_350' title='bbox 419 2755 502 2812; x_wconf 87' lang='lat' dir='ltr'><strong>caput</strong></span> <span class='ocrx_word' id='word_1_351' title='bbox 529 2749 606 2812; x_wconf 91' lang='lat' dir='ltr'><strong>ponit</strong></span> <span class='ocrx_word' id='word_1_352' title='bbox 633 2749 728 2812; x_wconf 87' lang='lat' dir='ltr'><strong>sicque</strong></span> <span class='ocrx_word' id='word_1_353' title='bbox 757 2752 898 2812; x_wconf 87' lang='lat' dir='ltr'><strong>soporatus</strong></span> <span class='ocrx_word' id='word_1_354' title='bbox 921 2746 998 2796; x_wconf 89' lang='lat' dir='ltr'><strong>uelut</strong></span> <span class='ocrx_word' id='word_1_355' title='bbox 1019 2747 1131 2796; x_wconf 89' lang='lat' dir='ltr'><strong>inermis</strong></span> <span class='ocrx_word' id='word_1_356' title='bbox 1155 2743 1284 2810; x_wconf 83' lang='lat' dir='ltr'><strong>capitur.’</strong></span> 
     </span>
     <span class='ocr_line' id='line_1_35' title="bbox 147 2813 1283 2880; baseline -0.003 -15"><span class='ocrx_word' id='word_1_357' title='bbox 147 2814 189 2865; x_wconf 77' lang='lat' dir='ltr'><strong>Ol.</strong></span> <span class='ocrx_word' id='word_1_358' title='bbox 213 2815 367 2865; x_wconf 85' lang='lat' dir='ltr'><strong>Moutlauc.</strong></span> <span class='ocrx_word' id='word_1_359' title='bbox 391 2815 480 2880; x_wconf 86' lang='lat' dir='ltr'><strong>suppl.</strong></span> <span class='ocrx_word' id='word_1_360' title='bbox 505 2819 561 2864; x_wconf 87' lang='lat' dir='ltr'><strong>ant.</strong></span> <span class='ocrx_word' id='word_1_361' title='bbox 580 2816 622 2865; x_wconf 89' lang='lat'><strong>111</strong></span> <span class='ocrx_word' id='word_1_362' title='bbox 642 2815 668 2876; x_wconf 95' lang='lat' dir='ltr'><strong>l,</strong></span> <span class='ocrx_word' id='word_1_363' title='bbox 693 2815 722 2871; x_wconf 84' lang='grc'><strong>9,</strong></span> <span class='ocrx_word' id='word_1_364' title='bbox 748 2815 792 2880; x_wconf 92' lang='lat' dir='ltr'><strong>qui</strong></span> <span class='ocrx_word' id='word_1_365' title='bbox 816 2815 964 2879; x_wconf 81' lang='lat' dir='ltr'><strong>imaginem</strong></span> <span class='ocrx_word' id='word_1_366' title='bbox 987 2831 1020 2864; x_wconf 83' lang='lat' dir='ltr'><strong>ex</strong></span> <span class='ocrx_word' id='word_1_367' title='bbox 1043 2829 1151 2880; x_wconf 89' lang='lat' dir='ltr'><strong>gemma</strong></span> <span class='ocrx_word' id='word_1_368' title='bbox 1174 2813 1283 2880; x_wconf 88' lang='lat' dir='ltr'><strong>puellae</strong></span> 
     </span>
     <span class='ocr_line' id='line_1_36' title="bbox 147 2881 1285 2948; baseline -0.002 -16"><span class='ocrx_word' id='word_1_369' title='bbox 147 2889 242 2948; x_wconf 86' lang='lat' dir='ltr'><strong>aperto</strong></span> <span class='ocrx_word' id='word_1_370' title='bbox 261 2885 323 2932; x_wconf 88' lang='lat' dir='ltr'><strong>sinu</strong></span> <span class='ocrx_word' id='word_1_371' title='bbox 343 2883 502 2933; x_wconf 87' lang='lat' dir='ltr'><strong>unicornem</strong></span> <span class='ocrx_word' id='word_1_372' title='bbox 521 2883 715 2948; x_wconf 87' lang='lat' dir='ltr'><strong>amplectentis</strong></span> <span class='ocrx_word' id='word_1_373' title='bbox 735 2883 855 2940; x_wconf 82' lang='lat' dir='ltr'><strong>exhibet,</strong></span> <span class='ocrx_word' id='word_1_374' title='bbox 876 2882 985 2932; x_wconf 83' lang='lat' dir='ltr'><strong>Solinus</strong></span> <span class='ocrx_word' id='word_1_375' title='bbox 1003 2882 1044 2932; x_wconf 83' lang='lat'><strong>52.</strong></span> <span class='ocrx_word' id='word_1_376' title='bbox 1076 2881 1107 2930; x_wconf 72' lang='lat'><strong>14</strong></span> <span class='ocrx_word' id='word_1_377' title='bbox 1119 2898 1191 2948; x_wconf 86' lang='lat' dir='ltr'><strong>sqq.:</strong></span> <span class='ocrx_word' id='word_1_378' title='bbox 1212 2882 1285 2931; x_wconf 77' lang='lat' dir='ltr'><strong>‘lile-</strong></span> 
     </span>
     <span class='ocr_line' id='line_1_37' title="bbox 146 2951 1284 3016; baseline -0.001 -16"><span class='ocrx_word' id='word_1_379' title='bbox 146 2951 277 3016; x_wconf 80' lang='lat' dir='ltr'><strong>phantem</strong></span> <span class='ocrx_word' id='word_1_380' title='bbox 296 2951 398 3001; x_wconf 84' lang='lat' dir='ltr'><strong>Graeci</strong></span> <span class='ocrx_word' id='word_1_381' title='bbox 417 2967 434 3000; x_wconf 90' lang='lat' dir='ltr'><strong>a</strong></span> <span class='ocrx_word' id='word_1_382' title='bbox 452 2952 642 3015; x_wconf 83' lang='lat' dir='ltr'><strong>magnitudine</strong></span> <span class='ocrx_word' id='word_1_383' title='bbox 662 2953 783 3016; x_wconf 84' lang='lat' dir='ltr'><strong>corporis</strong></span> <span class='ocrx_word' id='word_1_384' title='bbox 801 2955 930 3016; x_wconf 78' lang='lat' dir='ltr'><strong>uocatum</strong></span> <span class='ocrx_word' id='word_1_385' title='bbox 948 2955 1054 3016; x_wconf 89' lang='lat' dir='ltr'><strong>putant,</strong></span> <span class='ocrx_word' id='word_1_386' title='bbox 1080 2951 1151 3015; x_wconf 92' lang='lat' dir='ltr'><strong>quod</strong></span> <span class='ocrx_word' id='word_1_387' title='bbox 1169 2951 1284 3001; x_wconf 84' lang='lat' dir='ltr'><strong>formam</strong></span> 
     </span>
     <span class='ocr_line' id='line_1_38' title="bbox 147 3011 1284 3084; baseline -0.001 -15"><span class='ocrx_word' id='word_1_388' title='bbox 147 3021 246 3069; x_wconf 86' lang='lat' dir='ltr'><strong>montis</strong></span> <span class='ocrx_word' id='word_1_389' title='bbox 257 3020 410 3084; x_wconf 80' lang='lat' dir='ltr'><strong>praeierat.</strong></span> <span class='ocrx_word' id='word_1_390' title='bbox 430 3034 529 3084; x_wconf 84' lang='lat' dir='ltr'><strong>graece</strong></span> <span class='ocrx_word' id='word_1_391' title='bbox 544 3021 615 3069; x_wconf 86' lang='lat' dir='ltr'><strong>enim</strong></span> <span class='ocrx_word' id='word_1_392' title='bbox 629 3035 705 3070; x_wconf 90' lang='lat' dir='ltr'><strong>mons</strong></span> <span class='ocrx_word' id='word_1_393' title='bbox 718 3011 813 3082; x_wconf 73' lang='grc' dir='ltr'><em>λόφος.</em></span> <span class='ocrx_word' id='word_1_394' title='bbox 834 3019 905 3084; x_wconf 87' lang='lat' dir='ltr'><strong>apud</strong></span> <span class='ocrx_word' id='word_1_395' title='bbox 919 3019 1000 3069; x_wconf 88' lang='lat' dir='ltr'><strong>ludos</strong></span> <span class='ocrx_word' id='word_1_396' title='bbox 1012 3025 1103 3069; x_wconf 84' lang='lat' dir='ltr'><strong>antem</strong></span> <span class='ocrx_word' id='word_1_397' title='bbox 1116 3035 1132 3067; x_wconf 83' lang='lat' dir='ltr'><strong>a</strong></span> <span class='ocrx_word' id='word_1_398' title='bbox 1143 3035 1212 3069; x_wconf 91' lang='lat' dir='ltr'><strong>uoce</strong></span> <span class='ocrx_word' id='word_1_399' title='bbox 1222 3019 1284 3068; x_wconf 84' lang='lat' dir='ltr'><strong>bar·</strong></span> 
     </span>
     <span class='ocr_line' id='line_1_39' title="bbox 147 3086 1284 3148; baseline 0 -12"><span class='ocrx_word' id='word_1_400' title='bbox 147 3103 189 3136; x_wconf 85' lang='lat' dir='ltr'><strong>rna</strong></span> <span class='ocrx_word' id='word_1_401' title='bbox 201 3093 329 3138; x_wconf 85' lang='lat' dir='ltr'><strong>uocatur.</strong></span> <span class='ocrx_word' id='word_1_402' title='bbox 352 3086 424 3136; x_wconf 87' lang='lat' dir='ltr'><strong>unde</strong></span> <span class='ocrx_word' id='word_1_403' title='bbox 439 3091 467 3136; x_wconf 91' lang='lat' dir='ltr'><strong>et</strong></span> <span class='ocrx_word' id='word_1_404' title='bbox 480 3101 533 3136; x_wconf 85' lang='lat' dir='ltr'><strong>uon</strong></span> <span class='ocrx_word' id='word_1_405' title='bbox 546 3089 605 3136; x_wconf 89' lang='lat' dir='ltr'><strong>eius</strong></span> <span class='ocrx_word' id='word_1_406' title='bbox 618 3089 736 3137; x_wconf 88' lang='lat' dir='ltr'><strong>barritus</strong></span> <span class='ocrx_word' id='word_1_407' title='bbox 749 3087 849 3136; x_wconf 89' lang='lat' dir='ltr'><strong>dicitur</strong></span> <span class='ocrx_word' id='word_1_408' title='bbox 861 3092 890 3136; x_wconf 90' lang='lat' dir='ltr'><strong>et</strong></span> <span class='ocrx_word' id='word_1_409' title='bbox 899 3088 996 3137; x_wconf 87' lang='lat' dir='ltr'><strong>dentes</strong></span> <span class='ocrx_word' id='word_1_410' title='bbox 1007 3087 1082 3137; x_wconf 88' lang='lat' dir='ltr'><strong>ebur.</strong></span> <span class='ocrx_word' id='word_1_411' title='bbox 1107 3092 1223 3148; x_wconf 72' lang='lat' dir='ltr'><strong>rostrum</strong></span> <span class='ocrx_word' id='word_1_412' title='bbox 1237 3101 1284 3136; x_wconf 88' lang='lat' dir='ltr'><strong>au·</strong></span> 
     </span>
     <span class='ocr_line' id='line_1_40' title="bbox 145 3155 1316 3221; baseline -0.002 -15"><span class='ocrx_word' id='word_1_413' title='bbox 145 3161 198 3206; x_wconf 81' lang='lat' dir='ltr'><strong>tem</strong></span> <span class='ocrx_word' id='word_1_414' title='bbox 211 3155 356 3221; x_wconf 84' lang='lat' dir='ltr'><strong>proboscis</strong></span> <span class='ocrx_word' id='word_1_415' title='bbox 368 3155 476 3215; x_wconf 89' lang='lat' dir='ltr'><strong>dicitur,</strong></span> <span class='ocrx_word' id='word_1_416' title='bbox 491 3157 617 3219; x_wconf 87' lang='lat' dir='ltr'><strong>quoniam</strong></span> <span class='ocrx_word' id='word_1_417' title='bbox 629 3156 679 3205; x_wconf 92' lang='lat' dir='ltr'><strong>illa</strong></span> <span class='ocrx_word' id='word_1_418' title='bbox 689 3155 819 3220; x_wconf 89' lang='lat' dir='ltr'><strong>pabulum</strong></span> <span class='ocrx_word' id='word_1_419' title='bbox 829 3157 870 3205; x_wconf 88' lang='lat' dir='ltr'><strong>ori</strong></span> <span class='ocrx_word' id='word_1_420' title='bbox 882 3155 1010 3205; x_wconf 87' lang='lat' dir='ltr'><strong>admouet</strong></span> <span class='ocrx_word' id='word_1_421' title='bbox 1022 3160 1050 3206; x_wconf 89' lang='lat' dir='ltr'><strong>et</strong></span> <span class='ocrx_word' id='word_1_422' title='bbox 1060 3159 1103 3204; x_wconf 89' lang='lat' dir='ltr'><strong>est</strong></span> <span class='ocrx_word' id='word_1_423' title='bbox 1113 3156 1197 3220; x_wconf 86' lang='lat' dir='ltr'><strong>angui</strong></span> <span class='ocrx_word' id='word_1_424' title='bbox 1210 3155 1285 3204; x_wconf 88' lang='lat' dir='ltr'><strong>simi·</strong></span> <span class='ocrx_word' id='word_1_425' title='bbox 1314 3165 1316 3171; x_wconf 83' lang='grc'>’</span> 
     </span>
     <span class='ocr_line' id='line_1_41' title="bbox 146 3223 1283 3288; baseline -0.001 -16"><span class='ocrx_word' id='word_1_426' title='bbox 146 3223 267 3284; x_wconf 79' lang='lat' dir='ltr'><strong>lis,nall0</strong></span> <span class='ocrx_word' id='word_1_427' title='bbox 282 3224 402 3273; x_wconf 83' lang='lat' dir='ltr'><strong>munitus</strong></span> <span class='ocrx_word' id='word_1_428' title='bbox 416 3223 527 3274; x_wconf 89' lang='lat' dir='ltr'><strong>eburno.</strong></span> <span class='ocrx_word' id='word_1_429' title='bbox 552 3224 601 3273; x_wconf 88' lang='lat' dir='ltr'><strong>hos</strong></span> <span class='ocrx_word' id='word_1_430' title='bbox 613 3225 697 3274; x_wconf 80' lang='lat' dir='ltr'><strong>borres</strong></span> <span class='ocrx_word' id='word_1_431' title='bbox 713 3223 791 3272; x_wconf 84' lang='lat' dir='ltr'><strong>lucas</strong></span> <span class='ocrx_word' id='word_1_432' title='bbox 808 3223 897 3272; x_wconf 87' lang='lat' dir='ltr'><strong>dictos</strong></span> <span class='ocrx_word' id='word_1_433' title='bbox 910 3223 944 3272; x_wconf 88' lang='lat' dir='ltr'><strong>ab</strong></span> <span class='ocrx_word' id='word_1_434' title='bbox 957 3224 1078 3288; x_wconf 87' lang='lat' dir='ltr'><strong>antiquis</strong></span> <span class='ocrx_word' id='word_1_435' title='bbox 1091 3223 1221 3272; x_wconf 84' lang='lat' dir='ltr'><strong>Romanis</strong></span> <span class='ocrx_word' id='word_1_436' title='bbox 1237 3223 1283 3285; x_wconf 81' lang='lat' dir='ltr'><strong>(cs.</strong></span> 
     </span>
     <span class='ocr_line' id='line_1_42' title="bbox 150 3290 1284 3357; baseline -0.002 -16"><span class='ocrx_word' id='word_1_437' title='bbox 150 3293 235 3342; x_wconf 78' lang='lat' dir='ltr'><strong>Varro</strong></span> <span class='ocrx_word' id='word_1_438' title='bbox 249 3293 282 3341; x_wconf 82' lang='lat' dir='ltr'><strong>h.</strong></span> <span class='ocrx_word' id='word_1_439' title='bbox 298 3292 330 3341; x_wconf 73' lang='lat'><strong>1..</strong></span> <span class='ocrx_word' id='word_1_440' title='bbox 348 3291 405 3342; x_wconf 89' lang='lat' dir='ltr'><strong>VII</strong></span> <span class='ocrx_word' id='word_1_441' title='bbox 420 3295 501 3357; x_wconf 70' lang='lat' dir='ltr'><strong>illan.</strong></span> <span class='ocrx_word' id='word_1_442' title='bbox 517 3293 612 3340; x_wconf 83' lang='lat' dir='ltr'><strong>Plinius</strong></span> <span class='ocrx_word' id='word_1_443' title='bbox 626 3292 700 3341; x_wconf 87' lang='lat' dir='ltr'><em>VIII</em></span> <span class='ocrx_word' id='word_1_444' title='bbox 712 3294 769 3352; x_wconf 77' lang='lat'><strong>16):</strong></span> <span class='ocrx_word' id='word_1_445' title='bbox 783 3292 878 3349; x_wconf 85' lang='lat' dir='ltr'><strong>boues,</strong></span> <span class='ocrx_word' id='word_1_446' title='bbox 894 3291 1073 3355; x_wconf 84' lang='lat' dir='ltr'><strong>quianullum</strong></span> <span class='ocrx_word' id='word_1_447' title='bbox 1087 3290 1190 3340; x_wconf 85' lang='lat' dir='ltr'><strong>animal</strong></span> <span class='ocrx_word' id='word_1_448' title='bbox 1203 3306 1284 3355; x_wconf 87' lang='lat' dir='ltr'><strong>gran·</strong></span> 
     </span>
     <span class='ocr_line' id='line_1_43' title="bbox 147 3357 1284 3424; baseline -0.002 -16"><span class='ocrx_word' id='word_1_449' title='bbox 147 3360 204 3410; x_wconf 86' lang='lat' dir='ltr'><strong>dius</strong></span> <span class='ocrx_word' id='word_1_450' title='bbox 217 3359 363 3419; x_wconf 87' lang='lat' dir='ltr'><strong>uidebant,</strong></span> <span class='ocrx_word' id='word_1_451' title='bbox 375 3359 464 3419; x_wconf 86' lang='lat' dir='ltr'><strong>lucas,</strong></span> <span class='ocrx_word' id='word_1_452' title='bbox 477 3361 542 3424; x_wconf 77' lang='lat' dir='ltr'><strong>qtria</strong></span> <span class='ocrx_word' id='word_1_453' title='bbox 553 3361 581 3408; x_wconf 89' lang='lat' dir='ltr'><strong>in</strong></span> <span class='ocrx_word' id='word_1_454' title='bbox 593 3361 720 3410; x_wconf 87' lang='lat' dir='ltr'><strong>Lucania</strong></span> <span class='ocrx_word' id='word_1_455' title='bbox 731 3359 793 3409; x_wconf 89' lang='lat' dir='ltr'><strong>illos</strong></span> <span class='ocrx_word' id='word_1_456' title='bbox 805 3360 907 3424; x_wconf 87' lang='lat' dir='ltr'><strong>primus</strong></span> <span class='ocrx_word' id='word_1_457' title='bbox 920 3359 1038 3420; x_wconf 76' lang='lat' dir='ltr'><strong>Pyrrhus</strong></span> <span class='ocrx_word' id='word_1_458' title='bbox 1052 3360 1080 3407; x_wconf 92' lang='lat' dir='ltr'><strong>in</strong></span> <span class='ocrx_word' id='word_1_459' title='bbox 1092 3357 1198 3422; x_wconf 91' lang='lat' dir='ltr'><strong>praelio</strong></span> <span class='ocrx_word' id='word_1_460' title='bbox 1208 3358 1284 3407; x_wconf 90' lang='lat' dir='ltr'><strong>obie-</strong></span> 
     </span>
     <span class='ocr_line' id='line_1_44' title="bbox 147 3426 1284 3492; baseline -0.003 -15"><span class='ocrx_word' id='word_1_461' title='bbox 147 3428 183 3478; x_wconf 89' lang='lat' dir='ltr'><strong>cit</strong></span> <span class='ocrx_word' id='word_1_462' title='bbox 195 3428 339 3478; x_wconf 81' lang='lat' dir='ltr'><strong>Romanis.</strong></span> <span class='ocrx_word' id='word_1_463' title='bbox 363 3427 490 3476; x_wconf 88' lang='lat' dir='ltr'><strong>namhoc</strong></span> <span class='ocrx_word' id='word_1_464' title='bbox 505 3443 591 3492; x_wconf 86' lang='lat' dir='ltr'><strong>genus</strong></span> <span class='ocrx_word' id='word_1_465' title='bbox 605 3429 753 3477; x_wconf 69' lang='lat' dir='ltr'><strong>animanda</strong></span> <span class='ocrx_word' id='word_1_466' title='bbox 766 3429 793 3476; x_wconf 91' lang='lat' dir='ltr'><strong>in</strong></span> <span class='ocrx_word' id='word_1_467' title='bbox 807 3427 888 3476; x_wconf 87' lang='lat' dir='ltr'><strong>rebus</strong></span> <span class='ocrx_word' id='word_1_468' title='bbox 900 3426 1010 3476; x_wconf 88' lang='lat' dir='ltr'><strong>bellicis</strong></span> <span class='ocrx_word' id='word_1_469' title='bbox 1023 3432 1114 3491; x_wconf 89' lang='lat' dir='ltr'><strong>aptum</strong></span> <span class='ocrx_word' id='word_1_470' title='bbox 1128 3433 1179 3474; x_wconf 89' lang='lat' dir='ltr'><strong>est.</strong></span> <span class='ocrx_word' id='word_1_471' title='bbox 1203 3426 1284 3474; x_wconf 86' lang='lat' dir='ltr'><strong>ineis</strong></span> 
     </span>
     <span class='ocr_line' id='line_1_45' title="bbox 147 3493 1284 3560; baseline -0.002 -16"><span class='ocrx_word' id='word_1_472' title='bbox 147 3499 215 3546; x_wconf 81' lang='lat' dir='ltr'><strong>enirn</strong></span> <span class='ocrx_word' id='word_1_473' title='bbox 227 3499 333 3547; x_wconf 84' lang='lat' dir='ltr'><strong>Persae</strong></span> <span class='ocrx_word' id='word_1_474' title='bbox 353 3500 380 3544; x_wconf 91' lang='lat' dir='ltr'><strong>et</strong></span> <span class='ocrx_word' id='word_1_475' title='bbox 394 3496 454 3544; x_wconf 89' lang='lat' dir='ltr'><strong>Indi</strong></span> <span class='ocrx_word' id='word_1_476' title='bbox 473 3496 573 3560; x_wconf 84' lang='lat' dir='ltr'><strong>ligneis</strong></span> <span class='ocrx_word' id='word_1_477' title='bbox 591 3497 711 3546; x_wconf 86' lang='lat' dir='ltr'><strong>turribus</strong></span> <span class='ocrx_word' id='word_1_478' title='bbox 730 3495 875 3546; x_wconf 87' lang='lat' dir='ltr'><strong>collocatis</strong></span> <span class='ocrx_word' id='word_1_479' title='bbox 893 3501 1032 3558; x_wconf 83' lang='lat' dir='ltr'><strong>tamquam</strong></span> <span class='ocrx_word' id='word_1_480' title='bbox 1050 3494 1083 3542; x_wconf 88' lang='lat' dir='ltr'><strong>de</strong></span> <span class='ocrx_word' id='word_1_481' title='bbox 1096 3509 1172 3543; x_wconf 87' lang='lat' dir='ltr'><strong>muro</strong></span> <span class='ocrx_word' id='word_1_482' title='bbox 1185 3493 1284 3542; x_wconf 84' lang='lat' dir='ltr'><strong>iaculis</strong></span> 
     </span>
     <span class='ocr_line' id='line_1_46' title="bbox 146 3561 1282 3626; baseline -0.004 -12"><span class='ocrx_word' id='word_1_483' title='bbox 146 3563 287 3616; x_wconf 86' lang='lat' dir='ltr'><strong>dimicant.</strong></span> <span class='ocrx_word' id='word_1_484' title='bbox 315 3563 462 3614; x_wconf 89' lang='lat' dir='ltr'><strong>intellectu</strong></span> <span class='ocrx_word' id='word_1_485' title='bbox 476 3571 567 3613; x_wconf 88' lang='lat' dir='ltr'><strong>autem</strong></span> <span class='ocrx_word' id='word_1_486' title='bbox 579 3571 607 3613; x_wconf 91' lang='lat' dir='ltr'><strong>et</strong></span> <span class='ocrx_word' id='word_1_487' title='bbox 617 3565 748 3615; x_wconf 84' lang='lat' dir='ltr'><strong>memoria</strong></span> <span class='ocrx_word' id='word_1_488' title='bbox 760 3563 845 3612; x_wconf 86' lang='lat' dir='ltr'><strong>multa</strong></span> <span class='ocrx_word' id='word_1_489' title='bbox 860 3563 965 3626; x_wconf 87' lang='lat' dir='ltr'><strong>uigent.</strong></span> <span class='ocrx_word' id='word_1_490' title='bbox 989 3562 1124 3626; x_wconf 82' lang='lat' dir='ltr'><strong>gregatim</strong></span> <span class='ocrx_word' id='word_1_491' title='bbox 1142 3561 1282 3620; x_wconf 86' lang='lat' dir='ltr'><strong>incedunt,</strong></span> 
     </span>
     <span class='ocr_line' id='line_1_47' title="bbox 146 3629 1285 3698; baseline -0.004 -16"><span class='ocrx_word' id='word_1_492' title='bbox 146 3639 217 3682; x_wconf 83' lang='lat' dir='ltr'><strong>motu</strong></span> <span class='ocrx_word' id='word_1_493' title='bbox 236 3649 291 3698; x_wconf 91' lang='lat' dir='ltr'><strong>qno</strong></span> <span class='ocrx_word' id='word_1_494' title='bbox 309 3633 406 3682; x_wconf 89' lang='lat' dir='ltr'><strong>ualent</strong></span> <span class='ocrx_word' id='word_1_495' title='bbox 423 3632 554 3691; x_wconf 84' lang='lat' dir='ltr'><strong>salutant,</strong></span> <span class='ocrx_word' id='word_1_496' title='bbox 574 3647 675 3680; x_wconf 87' lang='lat' dir='ltr'><strong>murem</strong></span> <span class='ocrx_word' id='word_1_497' title='bbox 695 3633 812 3696; x_wconf 83' lang='lat' dir='ltr'><strong>lugiunt,</strong></span> <span class='ocrx_word' id='word_1_498' title='bbox 832 3631 923 3680; x_wconf 86' lang='lat' dir='ltr'><strong>auersi</strong></span> <span class='ocrx_word' id='word_1_499' title='bbox 942 3635 1051 3691; x_wconf 86' lang='lat' dir='ltr'><strong>coeunt,</strong></span> <span class='ocrx_word' id='word_1_500' title='bbox 1071 3629 1178 3694; x_wconf 86' lang='lat' dir='ltr'><strong>quando</strong></span> <span class='ocrx_word' id='word_1_501' title='bbox 1192 3635 1285 3678; x_wconf 83' lang='lat' dir='ltr'><strong>autem</strong></span> 
     </span>
     <span class='ocr_line' id='line_1_48' title="bbox 148 3698 1285 3764; baseline -0.004 -14"><span class='ocrx_word' id='word_1_502' title='bbox 148 3703 316 3764; x_wconf 80' lang='lat' dir='ltr'><strong>parturiunt,</strong></span> <span class='ocrx_word' id='word_1_503' title='bbox 336 3702 364 3749; x_wconf 94' lang='lat' dir='ltr'><strong>in</strong></span> <span class='ocrx_word' id='word_1_504' title='bbox 383 3700 462 3764; x_wconf 82' lang='lat' dir='ltr'><strong>aquis</strong></span> <span class='ocrx_word' id='word_1_505' title='bbox 480 3700 525 3748; x_wconf 87' lang='lat' dir='ltr'><strong>uel</strong></span> <span class='ocrx_word' id='word_1_506' title='bbox 543 3700 640 3750; x_wconf 89' lang='lat' dir='ltr'><strong>insulis</strong></span> <span class='ocrx_word' id='word_1_507' title='bbox 657 3701 799 3749; x_wconf 89' lang='lat' dir='ltr'><strong>dimittunt</strong></span> <span class='ocrx_word' id='word_1_508' title='bbox 817 3700 908 3748; x_wconf 85' lang='lat' dir='ltr'><strong>laetus</strong></span> <span class='ocrx_word' id='word_1_509' title='bbox 926 3705 1037 3762; x_wconf 87' lang='lat' dir='ltr'><strong>propter</strong></span> <span class='ocrx_word' id='word_1_510' title='bbox 1052 3698 1199 3753; x_wconf 78' lang='lat' dir='ltr'><strong>dracones,</strong></span> <span class='ocrx_word' id='word_1_511' title='bbox 1221 3698 1285 3761; x_wconf 86' lang='lat' dir='ltr'><strong>quia</strong></span> 
     </span>
     <span class='ocr_line' id='line_1_49' title="bbox 146 3767 1284 3832; baseline -0.004 -13"><span class='ocrx_word' id='word_1_512' title='bbox 146 3769 250 3819; x_wconf 86' lang='lat' dir='ltr'><strong>inimici</strong></span> <span class='ocrx_word' id='word_1_513' title='bbox 268 3773 334 3818; x_wconf 89' lang='lat' dir='ltr'><strong>sunt</strong></span> <span class='ocrx_word' id='word_1_514' title='bbox 352 3773 380 3817; x_wconf 86' lang='lat' dir='ltr'><strong>et</strong></span> <span class='ocrx_word' id='word_1_515' title='bbox 398 3769 433 3816; x_wconf 85' lang='lat' dir='ltr'><strong>ab</strong></span> <span class='ocrx_word' id='word_1_516' title='bbox 446 3768 487 3816; x_wconf 86' lang='lat' dir='ltr'><strong>eia</strong></span> <span class='ocrx_word' id='word_1_517' title='bbox 505 3767 641 3832; x_wconf 90' lang='lat' dir='ltr'><strong>implicati</strong></span> <span class='ocrx_word' id='word_1_518' title='bbox 659 3772 802 3818; x_wconf 89' lang='lat' dir='ltr'><strong>necantur.</strong></span> <span class='ocrx_word' id='word_1_519' title='bbox 842 3767 955 3816; x_wconf 88' lang='lat' dir='ltr'><strong>biennio</strong></span> <span class='ocrx_word' id='word_1_520' title='bbox 973 3771 1063 3815; x_wconf 76' lang='lat' dir='ltr'><strong>utitem</strong></span> <span class='ocrx_word' id='word_1_521' title='bbox 1082 3769 1194 3830; x_wconf 90' lang='lat' dir='ltr'><strong>portant</strong></span> <span class='ocrx_word' id='word_1_522' title='bbox 1212 3767 1284 3814; x_wconf 85' lang='lat' dir='ltr'><strong>letus</strong></span> 
     </span>
     <span class='ocr_line' id='line_1_50' title="bbox 147 3834 1286 3902; baseline -0.004 -16"><span class='ocrx_word' id='word_1_523' title='bbox 147 3852 195 3887; x_wconf 83' lang='lat' dir='ltr'><strong>nec</strong></span> <span class='ocrx_word' id='word_1_524' title='bbox 214 3836 335 3902; x_wconf 87' lang='lat' dir='ltr'><strong>amplius</strong></span> <span class='ocrx_word' id='word_1_525' title='bbox 354 3851 434 3900; x_wconf 85' lang='lat' dir='ltr'><strong>quarn</strong></span> <span class='ocrx_word' id='word_1_526' title='bbox 452 3836 537 3885; x_wconf 87' lang='lat' dir='ltr'><strong>semel</strong></span> <span class='ocrx_word' id='word_1_527' title='bbox 562 3837 679 3900; x_wconf 83' lang='lat' dir='ltr'><strong>gignunt</strong></span> <span class='ocrx_word' id='word_1_528' title='bbox 701 3852 753 3885; x_wconf 90' lang='lat' dir='ltr'><strong>nec</strong></span> <span class='ocrx_word' id='word_1_529' title='bbox 771 3835 862 3901; x_wconf 88' lang='lat' dir='ltr'><strong>plnres</strong></span> <span class='ocrx_word' id='word_1_530' title='bbox 880 3834 928 3882; x_wconf 88' lang='lat' dir='ltr'><strong>sed</strong></span> <span class='ocrx_word' id='word_1_531' title='bbox 946 3838 1051 3882; x_wconf 90' lang='lat' dir='ltr'><strong>tantum</strong></span> <span class='ocrx_word' id='word_1_532' title='bbox 1067 3848 1158 3882; x_wconf 87' lang='lat' dir='ltr'><strong>unum.</strong></span> <span class='ocrx_word' id='word_1_533' title='bbox 1188 3834 1286 3882; x_wconf 88' lang='lat' dir='ltr'><strong>uiuunt</strong></span> 
     </span>
     <span class='ocr_line' id='line_1_51' title="bbox 148 3901 1283 3968; baseline -0.004 -14"><span class='ocrx_word' id='word_1_534' title='bbox 148 3913 234 3955; x_wconf 84' lang='lat' dir='ltr'><strong>autem</strong></span> <span class='ocrx_word' id='word_1_535' title='bbox 246 3920 335 3955; x_wconf 79' lang='lat' dir='ltr'><strong>annos</strong></span> <span class='ocrx_word' id='word_1_536' title='bbox 345 3909 493 3954; x_wconf 85' lang='lat' dir='ltr'><strong>trecentos.</strong></span> <span class='ocrx_word' id='word_1_537' title='bbox 513 3905 584 3968; x_wconf 89' lang='lat' dir='ltr'><strong>apud</strong></span> <span class='ocrx_word' id='word_1_538' title='bbox 596 3905 681 3954; x_wconf 88' lang='lat' dir='ltr'><strong>solam</strong></span> <span class='ocrx_word' id='word_1_539' title='bbox 692 3904 815 3953; x_wconf 78' lang='lat' dir='ltr'><strong>Africam</strong></span> <span class='ocrx_word' id='word_1_540' title='bbox 826 3909 854 3952; x_wconf 88' lang='lat' dir='ltr'><strong>et</strong></span> <span class='ocrx_word' id='word_1_541' title='bbox 866 3901 973 3951; x_wconf 90' lang='lat' dir='ltr'><strong>Indiam</strong></span> <span class='ocrx_word' id='word_1_542' title='bbox 984 3901 1126 3966; x_wconf 87' lang='lat' dir='ltr'><strong>elephanti</strong></span> <span class='ocrx_word' id='word_1_543' title='bbox 1137 3902 1211 3966; x_wconf 85' lang='lat' dir='ltr'><strong>prius</strong></span> <span class='ocrx_word' id='word_1_544' title='bbox 1221 3915 1283 3950; x_wconf 90' lang='lat' dir='ltr'><strong>nas·</strong></span> 
     </span>
     <span class='ocr_line' id='line_1_52' title="bbox 148 3969 1284 4038; baseline -0.004 -16"><span class='ocrx_word' id='word_1_545' title='bbox 148 3973 289 4034; x_wconf 74' lang='lat' dir='ltr'><strong>rebantur,</strong></span> <span class='ocrx_word' id='word_1_546' title='bbox 310 3987 382 4022; x_wconf 90' lang='lat' dir='ltr'><strong>nunc</strong></span> <span class='ocrx_word' id='word_1_547' title='bbox 401 3971 460 4021; x_wconf 83' lang='lat' dir='ltr'><strong>sola</strong></span> <span class='ocrx_word' id='word_1_548' title='bbox 479 3988 526 4022; x_wconf 87' lang='lat' dir='ltr'><strong>eos</strong></span> <span class='ocrx_word' id='word_1_549' title='bbox 544 3972 625 4022; x_wconf 86' lang='lat' dir='ltr'><strong>India</strong></span> <span class='ocrx_word' id='word_1_550' title='bbox 643 3969 753 4038; x_wconf 58' lang='lat' dir='ltr'><strong>gignit)</strong></span> <span class='ocrx_word' id='word_1_551' title='bbox 780 3969 825 4020; x_wconf 82' lang='lat'><strong>29:</strong></span> <span class='ocrx_word' id='word_1_552' title='bbox 847 3969 957 4035; x_wconf 86' lang='lat' dir='ltr'><strong>‘Vulpes</strong></span> <span class='ocrx_word' id='word_1_553' title='bbox 976 3970 1052 4019; x_wconf 87' lang='lat' dir='ltr'><strong>dicta</strong></span> <span class='ocrx_word' id='word_1_554' title='bbox 1071 3970 1150 4033; x_wconf 87' lang='lat' dir='ltr'><strong>qnasi</strong></span> <span class='ocrx_word' id='word_1_555' title='bbox 1167 3969 1284 4033; x_wconf 89' lang='lat' dir='ltr'><strong>uolipes.</strong></span> 
     </span>
     <span class='ocr_line' id='line_1_53' title="bbox 148 4035 1285 4110; baseline -0.004 -19"><span class='ocrx_word' id='word_1_556' title='bbox 148 4047 187 4091; x_wconf 80' lang='lat' dir='ltr'><strong>est</strong></span> <span class='ocrx_word' id='word_1_557' title='bbox 209 4045 284 4091; x_wconf 87' lang='lat' dir='ltr'><strong>enim</strong></span> <span class='ocrx_word' id='word_1_558' title='bbox 308 4039 595 4110; x_wconf 63' lang='lat' dir='ltr'><strong>uolubilispedibus)</strong></span> <span class='ocrx_word' id='word_1_559' title='bbox 637 4042 672 4090; x_wconf 83' lang='lat' dir='ltr'><strong>ct.</strong></span> <span class='ocrx_word' id='word_1_560' title='bbox 696 4041 783 4088; x_wconf 90' lang='lat' dir='ltr'><strong>Varro</strong></span> <span class='ocrx_word' id='word_1_561' title='bbox 806 4039 839 4087; x_wconf 91' lang='lat' dir='ltr'><strong>L.</strong></span> <span class='ocrx_word' id='word_1_562' title='bbox 857 4039 889 4086; x_wconf 88' lang='lat' dir='ltr'><strong>L.</strong></span> <span class='ocrx_word' id='word_1_563' title='bbox 908 4037 931 4086; x_wconf 88' lang='lat' dir='ltr'>V</span> <span class='ocrx_word' id='word_1_564' title='bbox 951 4036 1006 4087; x_wconf 86' lang='lat'><strong>101.</strong></span> <span class='ocrx_word' id='word_1_565' title='bbox 1038 4035 1071 4088; x_wconf 80' lang='lat'><strong>38</strong></span> <span class='ocrx_word' id='word_1_566' title='bbox 1089 4053 1160 4102; x_wconf 90' lang='lat' dir='ltr'><strong>sqq.:</strong></span> <span class='ocrx_word' id='word_1_567' title='bbox 1186 4037 1285 4086; x_wconf 79' lang='lat' dir='ltr'><strong>‘Musio</strong></span> 
     </span>
     <span class='ocr_line' id='line_1_54' title="bbox 148 4105 1285 4174; baseline -0.004 -16"><span class='ocrx_word' id='word_1_568' title='bbox 148 4109 305 4174; x_wconf 81' lang='lat' dir='ltr'><strong>appellatus</strong></span> <span class='ocrx_word' id='word_1_569' title='bbox 328 4108 399 4174; x_wconf 90' lang='lat' dir='ltr'><strong>quod</strong></span> <span class='ocrx_word' id='word_1_570' title='bbox 421 4107 543 4158; x_wconf 86' lang='lat' dir='ltr'><strong>muribus</strong></span> <span class='ocrx_word' id='word_1_571' title='bbox 566 4109 684 4158; x_wconf 78' lang='lat' dir='ltr'><strong>infestus</strong></span> <span class='ocrx_word' id='word_1_572' title='bbox 707 4108 752 4156; x_wconf 87' lang='lat' dir='ltr'><strong>sit.</strong></span> <span class='ocrx_word' id='word_1_573' title='bbox 793 4107 866 4156; x_wconf 88' lang='lat' dir='ltr'><strong>huno</strong></span> <span class='ocrx_word' id='word_1_574' title='bbox 893 4105 991 4170; x_wconf 82' lang='lat' dir='ltr'><strong>uulgus</strong></span> <span class='ocrx_word' id='word_1_575' title='bbox 1013 4111 1104 4155; x_wconf 88' lang='lat' dir='ltr'><strong>catum</strong></span> <span class='ocrx_word' id='word_1_576' title='bbox 1129 4121 1145 4154; x_wconf 88' lang='lat' dir='ltr'><strong>a</strong></span> <span class='ocrx_word' id='word_1_577' title='bbox 1169 4111 1285 4169; x_wconf 80' lang='lat' dir='ltr'><strong>captura</strong></span> 
     </span>
     <span class='ocr_line' id='line_1_55' title="bbox 147 4172 1286 4241; baseline -0.002 -17"><span class='ocrx_word' id='word_1_578' title='bbox 147 4185 235 4228; x_wconf 86' lang='lat' dir='ltr'><strong>necat.</strong></span> <span class='ocrx_word' id='word_1_579' title='bbox 274 4175 325 4226; x_wconf 90' lang='lat' dir='ltr'><strong>alii</strong></span> <span class='ocrx_word' id='word_1_580' title='bbox 348 4175 445 4226; x_wconf 91' lang='lat' dir='ltr'><strong>dicunt</strong></span> <span class='ocrx_word' id='word_1_581' title='bbox 463 4176 534 4241; x_wconf 87' lang='lat' dir='ltr'><strong>quod</strong></span> <span class='ocrx_word' id='word_1_582' title='bbox 552 4183 629 4226; x_wconf 86' lang='lat' dir='ltr'><strong>catat</strong></span> <span class='ocrx_word' id='word_1_583' title='bbox 647 4176 675 4226; x_wconf 89' lang='lat' dir='ltr'><strong>id</strong></span> <span class='ocrx_word' id='word_1_584' title='bbox 693 4179 736 4225; x_wconf 86' lang='lat' dir='ltr'><strong>est</strong></span> <span class='ocrx_word' id='word_1_585' title='bbox 753 4175 843 4236; x_wconf 86' lang='lat' dir='ltr'><strong>uidet;</strong></span> <span class='ocrx_word' id='word_1_586' title='bbox 861 4189 925 4224; x_wconf 90' lang='lat' dir='ltr'><strong>nam</strong></span> <span class='ocrx_word' id='word_1_587' title='bbox 943 4178 1021 4224; x_wconf 86' lang='lat' dir='ltr'><strong>tanto</strong></span> <span class='ocrx_word' id='word_1_588' title='bbox 1041 4178 1122 4223; x_wconf 89' lang='lat' dir='ltr'><strong>acute</strong></span> <span class='ocrx_word' id='word_1_589' title='bbox 1140 4172 1231 4231; x_wconf 87' lang='lat' dir='ltr'><strong>uidet,</strong></span> <span class='ocrx_word' id='word_1_590' title='bbox 1255 4178 1286 4222; x_wconf 90' lang='lat' dir='ltr'><strong>ut</strong></span> 
     </span>
     <span class='ocr_line' id='line_1_56' title="bbox 148 4241 1285 4310; baseline -0.002 -18"><span class='ocrx_word' id='word_1_591' title='bbox 148 4244 251 4310; x_wconf 83' lang='lat' dir='ltr'><strong>lnlgore</strong></span> <span class='ocrx_word' id='word_1_592' title='bbox 277 4244 388 4294; x_wconf 86' lang='lat' dir='ltr'><strong>luminis</strong></span> <span class='ocrx_word' id='word_1_593' title='bbox 410 4245 501 4294; x_wconf 84' lang='lat' dir='ltr'><strong>noctis</strong></span> <span class='ocrx_word' id='word_1_594' title='bbox 524 4245 653 4294; x_wconf 87' lang='lat' dir='ltr'><strong>tenebras</strong></span> <span class='ocrx_word' id='word_1_595' title='bbox 676 4251 795 4308; x_wconf 82' lang='lat' dir='ltr'><strong>superet.</strong></span> <span class='ocrx_word' id='word_1_596' title='bbox 837 4243 908 4292; x_wconf 88' lang='lat' dir='ltr'><strong>unde</strong></span> <span class='ocrx_word' id='word_1_597' title='bbox 936 4257 952 4291; x_wconf 91' lang='lat' dir='ltr'><strong>a</strong></span> <span class='ocrx_word' id='word_1_598' title='bbox 975 4241 1082 4292; x_wconf 84' lang='lat' dir='ltr'><strong>Graeco</strong></span> <span class='ocrx_word' id='word_1_599' title='bbox 1106 4243 1184 4292; x_wconf 88' lang='lat' dir='ltr'><strong>uenit</strong></span> <span class='ocrx_word' id='word_1_600' title='bbox 1205 4245 1285 4290; x_wconf 81' lang='lat' dir='ltr'><strong>catus</strong></span> 
     </span>
     <span class='ocr_line' id='line_1_57' title="bbox 149 4303 1285 4378; baseline -0.002 -18"><span class='ocrx_word' id='word_1_601' title='bbox 149 4311 174 4361; x_wconf 91' lang='lat' dir='ltr'><strong>id</strong></span> <span class='ocrx_word' id='word_1_602' title='bbox 201 4320 245 4364; x_wconf 85' lang='lat' dir='ltr'><strong>est</strong></span> <span class='ocrx_word' id='word_1_603' title='bbox 270 4313 429 4378; x_wconf 81' lang='lat' dir='ltr'><strong>ingeniosus</strong></span> <span class='ocrx_word' id='word_1_604' title='bbox 456 4303 514 4362; x_wconf 78' lang='grc' dir='ltr'><strong>α’πὸ</strong></span> <span class='ocrx_word' id='word_1_605' title='bbox 543 4311 594 4362; x_wconf 79' lang='grc' dir='ltr'><strong>τοῦ</strong></span> <span class='ocrx_word' id='word_1_606' title='bbox 623 4304 756 4378; x_wconf 64' lang='lat' dir='ltr'><strong>adredus.</strong></span> <span class='ocrx_word' id='word_1_607' title='bbox 797 4311 858 4360; x_wconf 81' lang='lat' dir='ltr'><strong>Iuro</strong></span> <span class='ocrx_word' id='word_1_608' title='bbox 885 4326 901 4358; x_wconf 87' lang='lat' dir='ltr'><strong>a</strong></span> <span class='ocrx_word' id='word_1_609' title='bbox 924 4310 1003 4359; x_wconf 80' lang='lat' dir='ltr'><strong>furno</strong></span> <span class='ocrx_word' id='word_1_610' title='bbox 1027 4310 1131 4372; x_wconf 89' lang='lat' dir='ltr'><strong>dictus,</strong></span> <span class='ocrx_word' id='word_1_611' title='bbox 1161 4309 1232 4358; x_wconf 88' lang='lat' dir='ltr'><strong>unde</strong></span> <span class='ocrx_word' id='word_1_612' title='bbox 1257 4313 1285 4359; x_wconf 87' lang='lat' dir='ltr'><strong>et</strong></span> 
     </span>
     <span class='ocr_line' id='line_1_58' title="bbox 149 4377 1284 4443; baseline -0.002 -15"><span class='ocrx_word' id='word_1_613' title='bbox 149 4380 196 4430; x_wconf 87' lang='lat' dir='ltr'><strong>lnr.</strong></span> <span class='ocrx_word' id='word_1_614' title='bbox 231 4381 394 4432; x_wconf 83' lang='lat' dir='ltr'><strong>tenebrosos</strong></span> <span class='ocrx_word' id='word_1_615' title='bbox 417 4381 491 4431; x_wconf 88' lang='lat' dir='ltr'><strong>enim</strong></span> <span class='ocrx_word' id='word_1_616' title='bbox 519 4385 546 4430; x_wconf 90' lang='lat' dir='ltr'><strong>et</strong></span> <span class='ocrx_word' id='word_1_617' title='bbox 569 4379 693 4430; x_wconf 88' lang='lat' dir='ltr'><strong>occultos</strong></span> <span class='ocrx_word' id='word_1_618' title='bbox 716 4378 857 4428; x_wconf 85' lang='lat' dir='ltr'><strong>cuniculos</strong></span> <span class='ocrx_word' id='word_1_619' title='bbox 881 4377 976 4428; x_wconf 84' lang='lat' dir='ltr'><strong>effodit</strong></span> <span class='ocrx_word' id='word_1_620' title='bbox 1003 4383 1031 4428; x_wconf 91' lang='lat' dir='ltr'><strong>et</strong></span> <span class='ocrx_word' id='word_1_621' title='bbox 1054 4378 1133 4428; x_wconf 92' lang='lat' dir='ltr'><strong>eiicit</strong></span> <span class='ocrx_word' id='word_1_622' title='bbox 1154 4377 1284 4443; x_wconf 88' lang='lat' dir='ltr'><strong>praedam</strong></span> 
     </span>
     <span class='ocr_line' id='line_1_59' title="bbox 151 4445 1285 4516; baseline -0.005 -16"><span class='ocrx_word' id='word_1_623' title='bbox 151 4463 228 4514; x_wconf 80' lang='lat' dir='ltr'><strong>qnam</strong></span> <span class='ocrx_word' id='word_1_624' title='bbox 250 4449 400 4500; x_wconf 87' lang='lat' dir='ltr'><strong>inuenerit.</strong></span> <span class='ocrx_word' id='word_1_625' title='bbox 435 4449 521 4512; x_wconf 89' lang='lat' dir='ltr'><strong>melo,</strong></span> <span class='ocrx_word' id='word_1_626' title='bbox 550 4449 621 4516; x_wconf 88' lang='lat' dir='ltr'><strong>quod</strong></span> <span class='ocrx_word' id='word_1_627' title='bbox 639 4449 677 4499; x_wconf 87' lang='lat' dir='ltr'><strong>ait</strong></span> <span class='ocrx_word' id='word_1_628' title='bbox 693 4447 887 4498; x_wconf 85' lang='lat' dir='ltr'><strong>rotundissimo</strong></span> <span class='ocrx_word' id='word_1_629' title='bbox 905 4447 1034 4508; x_wconf 88' lang='lat' dir='ltr'><strong>membro,</strong></span> <span class='ocrx_word' id='word_1_630' title='bbox 1053 4445 1099 4497; x_wconf 85' lang='lat' dir='ltr'><strong>uel</strong></span> <span class='ocrx_word' id='word_1_631' title='bbox 1117 4445 1188 4512; x_wconf 86' lang='lat' dir='ltr'><strong>quod</strong></span> <span class='ocrx_word' id='word_1_632' title='bbox 1207 4446 1285 4497; x_wconf 82' lang='lat' dir='ltr'><strong>iauos</strong></span> 
     </span>
    </p>
   </div>
   <div class='ocr_carea' id='block_1_4' title="bbox 0 0 1545 5064">
    <p class='ocr_par' dir='ltr' id='par_1_4' title="bbox 0 0 1545 5064">
     <span class='ocr_line' id='line_1_60' title="bbox 0 0 1545 5064; baseline 0 0"><span class='ocrx_word' id='word_1_633' title='bbox 0 0 1545 5064; x_wconf 95' lang='lat' dir='ltr'><strong> </strong></span> 
     </span>
    </p>
   </div>
  </div>
 </body>
</html>
