3138 5100
279 332 340 394 532
687 351 721 391 ra
737 347 837 390 vrran
854 347 1008 389 rsauarrr

252 511 258 524 '
279 505 318 564 tie
334 523 365 583 p.
382 509 433 564 154
447 521 516 583 aqq.
533 502 612 561 conl.
630 521 807 560 excursuum
823 521 853 580 p.
870 507 929 573 443,
945 499 1067 560 Keilins
1082 498 1103 557 l.
1118 519 1142 558 s.
1159 519 1193 572 s.,
1210 506 1364 576 postremo
1380 497 1414 556 ia

280 605 465 666 nitidissima
479 605 618 664 Terentii
636 603 772 662 editione
788 602 934 662 Alfredus
949 602 1181 662 Fleckeisenus.
1220 600 1355 680 Quorum
1369 611 1413 660 tn-

280 727 350 766 men
377 707 492 767 nullum
518 705 550 765 id
573 705 655 786 quod
678 725 783 766 verum
803 703 911 764 haberi
932 706 1030 784 possit
1056 703 1232 766 adsecutum
1257 685 1414 783 putamusi

282 809 362 890 quod
380 829 446 868 cum
460 810 585 886 longum
599 809 638 868 sit
653 808 832 886 singillatim
848 809 1008 888 persequi,
1033 808 1065 867 in
1086 809 1191 886 paucis
1214 805 1302 866 nobis
1319 805 1414 866 subsi-

281 911 424 972 stendum
444 911 660 989 intellegimus.
697 911 745 970 Ac
766 911 894 988 primum
917 909 1041 990 quidem
1064 929 1131 969 eum
1152 929 1273 970 versum
1296 911 1347 991 qui
1370 916 1416 967 est

281 1013 398 1073 medius
414 1034 477 1073 nou
493 1012 625 1072 vidimus
642 1034 660 1072 a
675 1032 828 1102 quqquarn
843 1012 886 1071 ita
901 1012 1134 1086 conformatum,
1158 1013 1232 1092 quin
1253 1020 1305 1072 aut
1325 1011 1415 1072 nimis

282 1117 399 1195 asperis
421 1125 473 1175 aut
493 1115 582 1174 nimis
604 1114 756 1175 debilibus
777 1115 910 1174 nurneris
935 1113 1060 1175 incedat
1081 1123 1134 1174 aut
1154 1113 1192 1173 ab
1213 1123 1341 1194 utroque
1364 1133 1415 1192 ge·

281 1237 356 1278 nere
377 1217 506 1278 laboret.
543 1218 664 1278 Nervus
686 1237 750 1277 non
770 1216 865 1276 habet
888 1236 979 1298 quern
995 1215 1152 1296 Scaligero
1175 1215 1251 1276 duce
1274 1217 1416 1296 plerique

283 1321 395 1381 exitum
410 1319 579 1401 probarunt
597 1321 724 1394 pentibus
741 1321 839 1384 dabam
862 1317 954 1380 durus
977 1328 1023 1380 eet
1039 1328 1070 1380 et
1084 1319 1247 1396 inelegans
1263 1316 1417 1398 dactylico

281 1422 432 1484 vocabulo
453 1422 690 1502 comprehensae
714 1419 854 1500 dactylus
875 1424 999 1492 Publius,
1031 1421 1114 1502 quod
1136 1441 1248 1480 nomen
1269 1441 1286 1479 e
1304 1423 1418 1495 populis

281 1525 364 1589 idem
384 1526 436 1586 ille
453 1525 591 1603 Scaliger
615 1523 784 1600 efficiebat,
805 1524 856 1584 vel
876 1527 943 1584 cum
963 1523 1072 1598 rigibus
1089 1532 1115 1582 el
1129 1523 1242 1598 populis
1257 1524 1341 1580 dabat
1361 1523 1419 1582 luit

284 1629 336 1709 qui
356 1627 517 1702 suaderet;
547 1627 624 1686 nihil
647 1627 786 1706 profecto
809 1627 926 1704 gratiae
948 1626 1025 1686 tales
1049 1627 1155 1707 quales
1177 1639 1275 1704 nuper
1295 1625 1417 1705 placue-

282 1738 354 1790 runt
367 1731 443 1790 ictus
458 1728 575 1788 habent
589 1729 698 1802 Papira}
717 1731 801 1786 dabat
812 1729 944 1803 gentibus.
981 1729 1149 1788 Praeterea
1164 1747 1254 1788 neruo
1270 1727 1328 1786 fuit
1343 1729 1419 1808 quin

285 1851 351 1892 cum
370 1832 404 1890 in
424 1832 483 1890 hoc
504 1847 596 1890 versu
617 1838 679 1889 tum
700 1830 732 1889 in
754 1832 851 1910 primo
873 1840 925 1891 ant
945 1829 1092 1890 addendo
1115 1839 1167 1890 ant
1181 1829 1351 1890 resecando
1368 1837 1421 1888 aut

283 1917 517 2013 uansponendo
538 1933 615 1994 fines
636 1932 806 1992 modestiae
828 1933 968 1992 licentius
989 1934 1125 2012 migrarit
1147 1931 1299 2013 iidemque
1326 1929 1419 2004 libro·

284 2057 350 2096 rum
372 2036 460 2095 nimis
481 2055 592 2113 magno
615 2035 778 2095 intervallo
795 2035 964 2114 reliquerit.
1002 2021 1097 2096 Porr'o
1114 2034 1223 2109 auter'n,
1239 2035 1428 2096 Terentium.

287 2158 354 2199 esse
370 2137 411 2198 ad
428 2158 519 2218 quem
532 2138 565 2196 bi
580 2157 685 2198 versus
701 2145 852 2218 spectent,
870 2158 930 2217 quo
945 2137 1072 2196 tandem
1087 2137 1201 2198 indicio
1218 2138 1358 2214 intellegi
1375 2135 1419 2194 di·
1499 2115 1502 2124 Ι

286 2240 360 2302 ces?
383 2239 465 2321 quod
486 2241 593 2300 merito
616 2239 778 2300 offendens
795 2239 933 2318 Scaliger
954 2260 1020 2300 curn
1040 2249 1153 2320 poetae
1174 2259 1287 2300 nomen
1308 2241 1353 2300 sio
1374 2239 1421 2298 in·

286 2344 396 2403 ferret:
430 2345 495 2401 Hac
513 2343 589 2418 quue'
607 2353 743 2401 uocantur
763 2343 882 2418 fibulae
905 2343 1037 2413 Tcre'utii,
1065 2363 1082 2402 e
1104 2342 1242 2402 conflatis
1264 2346 1371 2400 terentii
1391 2349 1423 2400 et

284 2447 406 2522 paulibus
426 2431 552 2505 vocibus
568 2453 743 2524 portentum
765 2445 934 2524 scripturae
959 2448 1160 2502 recerucntibus
1180 2453 1342 2524 repetens,
1365 2443 1422 2501 ali-

288 2546 362 2628 quid
376 2546 464 2620 vidit,
481 2567 545 2606 rem
559 2548 658 2627 ipsam
673 2568 736 2606 non
752 2546 896 2627 pervidit.
929 2546 996 2605 Nec
1011 2565 1077 2604 cnm
1092 2545 1231 2624 perbona
1246 2546 1423 2606 coniectura

286 2648 462 2710 Fridericus
478 2648 771 2710 Windisehmannus
787 2650 819 2708 in
832 2647 991 2708 Welckeri
1005 2647 1180 2728 Naekiique
1196 2649 1303 2708 Museo
1319 2649 1422 2707 Rhea.

288 2763 309 2825 Ι,
326 2772 357 2830 p.
374 2761 425 2814 113
439 2751 623 2830 principium
638 2771 744 2810 versus
759 2751 848 2831 primi
865 2752 909 2810 sic
923 2751 1060 2810 sanavit:
1087 2753 1180 2808 Tuae
1199 2748 1272 2825 quac
1287 2760 1424 2808 amantur

289 2871 315 2912 e.
332 2872 362 2932 q.
378 2871 413 2924 s.,
428 2851 505 2912 illud
522 2851 631 2925 effecit,
648 2853 744 2932 ipsius
758 2859 792 2910 ut
806 2852 1062 2930 significationem
1077 2860 1190 2932 poetae
1206 2872 1246 2912 ue
1263 2851 1424 2913 desidere·

289 3039 347 3089 Nou
368 3037 415 3088 luia
438 3041 481 3103 qm·
500 3037 558 3086 iura
582 3039 697 3102 populu,
726 3052 807 3103 regno
829 3038 972 3089 umbribus
993 3038 1072 3088 dabat
1095 3037 1234 3088 Burthius.
1275 3039 1334 3090 Hae
1359 3053 1424 3105 quoe

288 3129 411 3173 uocantur
429 3121 565 3186 (arantur
583 3119 682 3186 nuper)
697 3121 801 3186 subulae
819 3128 922 3173 cuiaene
939 3126 1016 3174 aaut?
1050 3123 1172 3174 Nealcae
1190 3125 1233 3189 qui
1248 3127 1306 3174 iura
1320 3125 1425 3189 populis

289 3207 350 3258 end'
368 3207 439 3258 laidus
463 3205 540 3270 (endo
558 3205 631 3272 bibuq
645 3205 745 3272 nuper)
769 3207 847 3258 dabat
869 3207 993 3258 Belbina.
1031 3207 1097 3258 Cum
1116 3209 1262 3274 Rutgersio
1285 3208 1425 3258 facientes

289 3294 318 3342 in
336 3292 422 3357 primo
440 3305 520 3342 versu
547 3289 595 3351 Qu
615 3293 673 3340 iuro
693 3294 795 3356 populis
816 3291 1007 3357 implorantibus
1025 3291 1080 3356 (vel
1098 3292 1322 3358 endcperaaiibus)
1346 3293 1426 3342 dabui

289 3379 417 3438 Beierus,
443 3376 490 3437 Qui
507 3381 565 3426 iura
579 3379 694 3442 populis,
716 3377 923 3442 respergeretur
941 3375 1170 3443 dadotVngerus.
1210 3374 1278 3428 lirae
1297 3393 1362 3446 quae
1379 3395 1428 3429 aa·

289 3447 381 3514 cantui
395 3461 512 3526 sabratae,
532 3467 738 3512 consentinae.
766 3463 854 3514 Nonne
878 3463 937 3520 Iros,
960 3465 1002 3528 qui
1020 3467 1076 3513 iura
1094 3463 1194 3529 regibus
1213 3470 1237 3512 et
1253 3465 1356 3528 populis
1380 3465 1427 3514 da·

289 3549 333 3598 aar
351 3547 468 3598 Keilius.
508 3547 576 3598 ibae
595 3563 658 3612 quae
677 3554 801 3597 uocantur
815 3549 919 3612 subulae
936 3549 1041 3598 cuiueac
1057 3551 1133 3598 arunt?
1157 3549 1215 3599 Noa
1232 3549 1285 3610 tar,
1306 3549 1350 3614 qui
1366 3550 1427 3598 iura

291 3634 396 3696 Popiius
413 3631 490 3682 dabat
501 3631 617 3696 pentibus
634 3631 841 3683 Fleckeisenus.
854 3651 887 3670 -ι-
905 3633 1038 3683 Nimirum
1049 3632 1149 3683 Bothio
1162 3635 1315 3698 Beieroque
1334 3633 1430 3684 fraudi

292 3718 344 3767 luit
355 3717 572 3768 Lindenbruchii
584 3733 610 3782 p.
623 3715 673 3766 622
687 3718 730 3766 ed.
743 3719 805 3769 Par.
817 3717 887 3768 haec
901 3719 1054 3768 adnotatio:
1074 3717 1219 3770 ‘Terentius
1231 3715 1321 3783 dabat]
1334 3719 1379 3768 lta
1392 3734 1429 3768 ex

292 3817 352 3851 uss.
371 3805 526 3852 restitutum
545 3809 593 3864 est,
609 3817 721 3868 quorum
734 3803 805 3852 alter
817 3803 857 3852 sic
870 3803 954 3853 habet
973 3828 1040 3841 ·····
1048 3805 1107 3868 end'¹
1117 3803 1172 3854 ibus
1189 3803 1275 3856 dail.
1295 3801 1369 3868 vulg.
1383 3819 1430 3867 pe-

292 3887 399 3936 tentibus
416 3885 512 3938 nolu)
550 3888 674 3955 Quaejn
694 3887 814 3938 editione
827 3887 1054 3939 Francoiurtonsi
1071 3890 1112 3938 sic
1125 3895 1230 3940 mutata
1248 3893 1311 3938 sunt
1323 3905 1348 3953 p.
1362 3887 1428 3938 632:

293 3972 406 4038 ‘Populi'a
423 3971 481 4023 eud’
493 3973 549 4022 ibus
566 3969 655 4039 dadai]
681 3975 724 4023 Ita
743 3989 803 4023 nss.
818 3974 952 4024 Danielis.
972 3973 1046 4039 vulg.
1064 3975 1207 4039 petentibus
1224 3973 1311 4024 dabat.
1331 3971 1367 4022 al.
1387 3989 1431 4022 re-

292 4055 469 4108 ceruendum)
504 4057 578 4108 Nulli
598 4057 707 4108 fuerunt
725 4056 811 4108 ‘usa'
829 4059 964 4121 Danielis,
984 4059 1033 4110 sed
1050 4073 1120 4110 unns
1138 4075 1182 4110 ns.
1219 4061 1260 4109 Ex
1279 4060 1338 4109 cius
1356 4075 1429 4109 mar-

294 4143 357 4207 gine
376 4139 442 4207 (non
467 4145 510 4193 ‘ex
528 4141 614 4207 uss.')
639 4145 796 4194 adsciverat
819 4145 847 4194 in
866 4145 1020 4194 Parisinam
1043 4144 1175 4196 Terentius
1197 4161 1303 4196 nomen.
1340 4147 1430 4208 Quem

294 4225 417 4277 ‘alterum'
431 4227 505 4290 dicit,
524 4243 578 4278 non
597 4227 651 4278 init
668 4228 738 4278 alter
750 4230 893 4282 Parisinus
905 4235 999 4280 noster
1011 4229 1085 4288 7921,
1105 4231 1153 4280 sed
1167 4235 1215 4279 ant
1228 4229 1381 4280 Continuus
1399 4237 1431 4280 nt

293 4317 358 4376 puto
378 4317 424 4362 aut
442 4313 618 4363 Cuiacianus.
655 4313 805 4363 Praeterea
824 4315 869 4380 qui
886 4315 1028 4380 petentibus
1047 4315 1165 4365 ediderit
1183 4331 1236 4365 aon
1255 4315 1345 4381 magis
1365 4317 1430 4366 novi

294 4411 375 4458 quarn
389 4400 433 4462 qui
446 4399 591 4456 rwleutibur,
605 4397 675 4464 quod
688 4399 715 4448 iu
728 4415 835 4450 suarum
850 4401 999 4452 editionum
1012 4401 1161 4452 novissima
1174 4407 1293 4451 testatur
1302 4401 1429 4452 Bolbius.
