3138 5100
482 407 509 448 r.
526 405 707 450 nruseuunn
723 407 965 454 couneueamvs
1225 387 1286 452 509

151 557 264 618 lacuna
280 565 326 618 est
342 577 358 617 e
374 578 480 618 rasura
493 559 576 619 inter
589 563 671 620 iatam
687 569 721 632 ,et
736 557 891 637 tempore):
914 560 1010 620 semel
1025 567 1124 618 autem
1141 579 1207 618 cum
1223 560 1287 620 eiua

153 661 289 720 notionis
305 660 544 735 consociatione,
562 681 688 742 quacum
704 663 802 741 ipsam
817 665 936 736 temperi
949 663 1076 722 formam
1091 671 1184 742 pocta
1200 681 1287 740 prue-

153 768 240 821 teree
265 762 389 822 sexiens
415 763 514 823 iunxit
541 762 601 842 (bis
627 764 659 824 in
680 764 905 838 Menaechmis,
931 763 1060 842 siugulis
1083 763 1115 822 in
1139 761 1287 841 Captivis,

153 863 357 939 Mostellaria,
380 864 499 940 Sticho,
521 865 699 926 Trinummo
722 864 825 944 locis),
857 885 934 945 quae
958 875 1004 925 cst
1026 867 1173 935 erentrudi,
1201 869 1289 924 edue-

154 969 264 1036 utendi,
294 970 449 1025 aduersum
469 971 615 1038 ueniendi,
646 973 847 1029 unterreur'emti
865 968 965 1026 notio:
993 967 1076 1027 unde
1097 985 1289 1046 consequens

154 1067 212 1128 tuit
235 1077 268 1128 ut
287 1069 372 1128 Men.
398 1075 466 1130 1020
489 1059 619 1142 Edepol,
647 1089 711 1140 ere,
742 1087 777 1130 ne
801 1071 850 1128 tibi
874 1073 1022 1144 suppetias
1039 1071 1159 1144 te'mperi
1184 1068 1293 1127 odueni

106 1157 108 1162 ⁵
154 1174 234 1228 modo
248 1169 458 1230 scriberemus.
490 1169 610 1248 Quodsi
627 1173 694 1253 quis
714 1172 747 1230 in
767 1191 828 1232 uno
845 1173 897 1252 qui
913 1191 994 1230 nunc
1015 1172 1137 1231 relictus
1159 1171 1288 1230 eatAsi·

154 1271 261 1330 nanae
282 1279 440 1336 versutiis
459 1284 630 1333 servarent
650 1277 776 1348 te'mpore
794 1277 1010 1348 opportuneque
1030 1274 1164 1332 attulistis
1184 1273 1288 1332 volue-

154 1374 207 1446 rit,
231 1393 271 1432 ne
293 1374 345 1434 ille
361 1374 476 1434 viderit
492 1394 551 1456 quo
574 1376 639 1436 inre
654 1377 795 1436 Plautum
816 1377 915 1454 poetis
939 1376 1134 1455 aequiperet,
1157 1375 1209 1455 qui
1230 1375 1288 1434 soli

154 1474 324 1553 simplicem
339 1485 464 1550 tempere
479 1475 658 1551 ablativum,
677 1477 733 1538 sed
754 1479 829 1538 raris
847 1478 994 1556 exemplis
1010 1497 1068 1536 nec
1084 1478 1142 1536 nisi
1158 1486 1288 1556 cogente

154 1584 251 1636 metro
268 1575 437 1656 dactylico,
460 1579 504 1638 sic
525 1579 714 1639 admiserunt
734 1589 767 1639 ut
788 1579 871 1640 idem
886 1581 1005 1638 valeret
1020 1588 1112 1660 atque
1130 1582 1197 1638 ‘sno
1214 1589 1289 1638 tem·

155 1697 231 1757 pore
241 1677 264 1736 ’:
280 1678 365 1738 velut
380 1699 447 1740 cum
463 1677 592 1740 Ovidius
608 1683 684 1740 Her.
700 1694 750 1756 tv,
769 1692 819 1746 109
835 1692 960 1756 tempor-e
974 1685 1052 1740 abest
1073 1685 1219 1756 aberitque
1239 1686 1289 1740 eliu

156 1781 316 1852 Neptunius
344 1782 429 1839 lieres
456 1781 543 1842 dixit.
583 1784 662 1842 Nam
685 1783 724 1844 de
747 1783 897 1844 Cicerone
921 1781 1052 1844 dubitari
1078 1783 1141 1843 noli
1164 1785 1238 1864 quin
1264 1785 1289 1842 is

157 1881 246 1962 epist.
268 1880 309 1939 ad
330 1882 424 1941 famil.
447 1895 510 1957 t'lt,
530 1894 607 1958 18,l
629 1893 681 1944 aut
695 1902 746 1960 eqo
764 1891 837 1946 enim
853 1889 997 1944 renouato
1014 1890 1289 1954 commendationem,

155 1987 206 2042 sed
221 1987 255 2040 in
270 1991 394 2057 tempore
411 1986 568 2064 scripserit
583 1995 648 2060 eut,
672 1987 755 2067 quod
776 1990 808 2048 in
824 1989 882 2048 hoc
898 1988 1022 2068 quidem
1038 2008 1152 2066 genere
1169 1988 1289 2062 licebat,

126 2157 131 2168 ι
155 2089 207 2144 sed
220 2089 353 2158 temperi,
376 2087 461 2146 nullo
477 2086 568 2147 modo
583 2093 635 2146 sed
652 2099 787 2163 ternpore.
804 2123 844 2132 —
861 2091 976 2151 Contra
997 2091 1085 2149 nihili
1108 2100 1208 2148 entem
1230 2089 1290 2148 for·
1343 2070 1346 2082 ⁸

156 2205 235 2245 mam
250 2191 371 2262 tempori
383 2189 521 2250 similiter
535 2198 628 2269 atque
645 2209 661 2249 e
677 2191 887 2252 Plautinorum
902 2191 1045 2252 librorum
1060 2193 1204 2252 memorio
1220 2193 1291 2250 licet

158 2289 249 2348 etiam
265 2307 281 2348 e
299 2287 425 2349 Catonis
442 2289 480 2349 de
497 2311 530 2350 re
545 2293 658 2352 rustico
673 2295 890 2353 commentario
907 2294 1123 2372 argumentari.
1151 2293 1211 2352 Vbi
1224 2313 1291 2352 cum

156 2391 189 2450 in
205 2390 289 2450 libris
305 2391 480 2469 vulgaribus
496 2412 563 2472 cap.
579 2402 612 2468 ι,
631 2405 643 2456 l
660 2397 806 2475 scriptum
822 2383 921 2454 custet
940 2401 1047 2454 selune
1066 2401 1189 2468 tempori
1201 2413 1291 2470 opero

157 2497 230 2552 sient
245 2495 391 2568 confecto,
415 2493 487 2554 item
503 2505 532 2568 3,
550 2507 565 2556 ὁ
585 2500 612 2554 sl
625 2501 748 2570 temperi
760 2499 869 2571 socies,
896 2498 953 2557 hoe
969 2507 1071 2558 nutem
1092 2499 1160 2558 loco
1183 2497 1222 2557 de
1244 2518 1290 2556 ar·

157 2595 283 2674 chstypi
304 2595 454 2674 scriptura
475 2601 596 2671 temperi
607 2609 689 2658 certo
704 2599 851 2658 Politiani
868 2601 1040 2660 testimonio
1057 2607 1191 2669 constet,
1207 2621 1291 2658 nuni-

158 2699 210 2778 qui
225 2698 328 2776 priore
343 2695 410 2756 loco
427 2699 596 2758 variandae
612 2701 731 2760 scilicet
746 2702 892 2762 orationis
909 2722 1015 2762 (caussa
1037 2703 1217 2781 praetulisse
1235 2702 1292 2762 Oa·

157 2805 262 2858 tonem
276 2804 399 2873 tempori
423 2799 477 2859 tibi
497 2801 697 2880 persuadebis
721 2813 760 2862 nn
784 2803 900 2883 aliquid
922 2804 987 2864 sive
1012 2805 1205 2864 nl'oliticno
1226 2805 1292 2864 sive

58 2970 67 2984 Ι
158 2899 280 2980 abipso
296 2900 420 2962 librario
436 2903 630 2981 neglectum?
664 2905 747 2984 Ergo
763 2905 859 2966 Nonii
875 2927 906 2986 p.
922 2913 987 2979 369,
1009 2915 1043 2968 ‘20
1059 2906 1203 2980 librariis,
1229 2927 1292 2964 non

158 3003 275 3063 Titinio
302 3003 418 3064 tribues
442 3005 579 3085 quodie
602 3007 659 3066 hoc
681 3009 803 3067 senario
827 3012 865 3068 riu
886 3027 1005 3082 peresum
1026 3012 1140 3068 lenam:
1164 3013 1215 3082 qui
1236 3028 1291 3066 reon

57 3151 67 3168 .
157 3108 258 3164 reddet
278 3111 399 3180 temperi
424 3139 455 3150 -
482 3128 564 3168 nune
586 3109 727 3187 vulgatur
742 3116 877 3184 tempori,
901 3121 1006 3170 contra
1027 3123 1118 3192 atque
1145 3112 1176 3170 in
1203 3111 1293 3170 simili

158 3209 315 3267 sententia
330 3213 477 3282 lepideque
494 3211 695 3270 concinnatum
710 3213 840 3285 reseram
855 3217 977 3286 temperi
991 3213 1103 3272 factum
1119 3214 1212 3270 estin
1227 3213 1293 3271 Me·

159 3310 372 3369 neechmerum
399 3329 489 3369 versu
515 3319 575 3374 467.
620 3313 687 3371 Nec
713 3315 808 3390 magis
832 3335 898 3372 cum
920 3314 1060 3373 Vahleno
1082 3315 1164 3372 Eun.
1190 3334 1221 3392 p.
1244 3321 1294 3376 teo

158 3409 391 3491 Ribbeckioque
406 3413 505 3471 Musei
521 3411 621 3473 Rhen.
640 3427 661 3471 x
682 3433 713 3494 p.
729 3424 776 3477 llll
796 3426 827 3473 ut
842 3421 936 3474 adsient
955 3435 1022 3474 cros
1045 3421 1167 3488 temperi
1185 3419 1223 3474 ud
1237 3433 1307 3474 me·‚

144 3516 273 3571 ¹tendum
292 3513 372 3572 feres
388 3514 421 3572 in
436 3515 555 3594 Aesopi
571 3515 703 3595 apologo
718 3516 879 3584 Enniano,
897 3537 1077 3598 quemquam
1099 3519 1293 3576 consentien-

159 3613 239 3674 tibue
254 3623 287 3673 ut
302 3615 426 3674 videtur
442 3615 536 3678 Gellii
552 3628 591 3691 11,
608 3627 651 3690 29,
668 3616 801 3679 inlibris
818 3620 966 3679 omnibus.

243 3716 319 3794 Pag.
335 3716 385 3789 31,
401 3717 421 3776 4
436 3727 469 3776 ut
484 3738 502 3776 a
517 3719 651 3778 Parisini
668 3725 691 3778 A
705 3721 855 3799 scripturo
870 3739 905 3778 ne
918 3697 1116 3796 irrlcrpelluret
1138 3723 1293 3801 profectus

158 3835 189 3875 se
204 3819 306 3896 potius
322 3817 499 3898 absorptum
515 3822 744 3908 esswoximis
760 3841 796 3879 ne
818 3823 927 3882 litteris
944 3843 1101 3884 censerem
1118 3845 1207 3905 quam
1228 3845 1294 3884 cum

160 3920 290 3980 noviciis
305 3919 389 3980 libris
411 3939 446 3978 ne
468 3927 703 3998 interpellaretur
726 3944 897 3998 servorem,
920 3927 987 4004 ipsa
1007 3927 1163 3986 sententia
1186 3927 1293 3986 suade·

159 4019 222 4080 bat.
252 4021 319 4081 Nec
335 4023 429 4096 enim,
446 4033 479 4084 ut
495 4024 533 4083 ab
549 4025 616 4084 aliis
633 4046 673 4084 ne
688 4027 953 4106 interpellaretur,
970 4029 1183 4088 intercedente
1199 4049 1295 4104 uxore

161 4141 237 4202 opus
253 4122 402 4198 habebat,
431 4125 513 4205 qnod
535 4136 567 4186 ct
588 4127 694 4188 iubere
714 4127 782 4206 ipse
804 4139 910 4208 posset
933 4140 963 4190 ct
983 4132 1122 4209 profecto
1146 4151 1208 4190 non
1230 4140 1296 4191 erat

160 4226 309 4304 petiturus
331 4235 459 4286 tantum.
501 4227 550 4287 Ab
571 4249 666 4288 uxore
688 4237 789 4288 autem
811 4231 941 4309 petendi
963 4233 1170 4314 potiusquam
1191 4242 1294 4313 postu·

160 4324 247 4385 laudi
272 4347 308 4386 eo
334 4329 404 4408 plus
426 4347 553 4388 caussae
568 4331 675 4390 Laelio
699 4333 756 4390 fuit
770 4365 811 4374 --
826 4334 852 4392 si
867 4333 958 4392 modo
984 4336 1074 4394 ‘certi
1090 4337 1235 4395 auctoris'
1251 4335 1294 4394 iu·

160 4426 232 4486 bula
247 4447 321 4486 vere
336 4459 376 4470 *-
392 4429 474 4510 quod
491 4431 743 4493 llIutronaliernm
759 4434 809 4493 die
835 4435 885 4513 (eo
903 4437 984 4496 enim
1000 4448 1140 4517 spectare
1156 4439 1295 4496 kalendas
