<?xml version="1.0" encoding="UTF-8"?>
<!DOCTYPE html PUBLIC "-//W3C//DTD XHTML 1.0 Transitional//EN"
    "http://www.w3.org/TR/xhtml1/DTD/xhtml1-transitional.dtd">
<html xmlns="http://www.w3.org/1999/xhtml" xml:lang="en" lang="en">
 <head>
  <title>
</title>
<meta http-equiv="Content-Type" content="text/html;charset=utf-8" />
  <meta name='ocr-system' content='tesseract 3.04.00' />
  <meta name='ocr-capabilities' content='ocr_page ocr_carea ocr_par ocr_line ocrx_word'/>
</head>
<body>
  <div class='ocr_page' id='page_1' title='image "./csvetonitranqvi01ritsgoog_0360.png"; bbox 0 0 3162 5058; ppageno 0'>
   <div class='ocr_carea' id='block_1_1' title="bbox 598 415 918 458">
    <p class='ocr_par' dir='ltr' id='par_1_1' title="bbox 598 415 918 458">
     <span class='ocr_line' id='line_1_1' title="bbox 598 415 918 458; baseline 0 -2"><span class='ocrx_word' id='word_1_1' title='bbox 598 415 740 458; x_wconf 63' lang='lat' dir='ltr'><em>1551an</em></span> <span class='ocrx_word' id='word_1_2' title='bbox 763 416 918 458; x_wconf 72' lang='lat' dir='ltr'>ffls&#39;ronu</span> 
     </span>
    </p>
   </div>
   <div class='ocr_carea' id='block_1_2' title="bbox 254 553 1276 1968">
    <p class='ocr_par' dir='ltr' id='par_1_2' title="bbox 254 553 1109 646">
     <span class='ocr_line' id='line_1_2' title="bbox 254 553 1109 646; baseline 0.002 -22"><span class='ocrx_word' id='word_1_3' title='bbox 254 553 328 626; x_wconf 88' lang='grc' dir='ltr'><strong><em>τόδ’</em></strong></span> <span class='ocrx_word' id='word_1_4' title='bbox 348 558 552 644; x_wconf 74' lang='grc' dir='ltr'><strong><em>ἑωλοκρασία</em></strong></span> <span class='ocrx_word' id='word_1_5' title='bbox 571 555 651 645; x_wconf 88' lang='grc' dir='ltr'><strong><em>με’ν,</em></strong></span> <span class='ocrx_word' id='word_1_6' title='bbox 674 554 734 626; x_wconf 88' lang='grc' dir='ltr'><strong><em>τδν</em></strong></span> <span class='ocrx_word' id='word_1_7' title='bbox 757 557 923 646; x_wconf 81' lang='grc' dir='ltr'><strong><em>κότταβον</em></strong></span> <span class='ocrx_word' id='word_1_8' title='bbox 944 556 981 625; x_wconf 80' lang='grc' dir='ltr'><strong><em>δὲ</em></strong></span> <span class='ocrx_word' id='word_1_9' title='bbox 1003 555 1109 645; x_wconf 82' lang='grc' dir='ltr'><strong><em>μάθε·</em></strong></span> 
     </span>
    </p>

    <p class='ocr_par' dir='ltr' id='par_1_3' title="bbox 254 654 1038 750">
     <span class='ocr_line' id='line_1_3' title="bbox 254 654 1038 750; baseline 0 -24"><span class='ocrx_word' id='word_1_10' title='bbox 254 661 300 750; x_wconf 79' lang='grc' dir='ltr'><strong><em>τῷ</em></strong></span> <span class='ocrx_word' id='word_1_11' title='bbox 320 665 496 749; x_wconf 80' lang='grc' dir='ltr'><strong><em>συμποσίῳ</em></strong></span> <span class='ocrx_word' id='word_1_12' title='bbox 518 663 632 727; x_wconf 79' lang='grc' dir='ltr'><strong><em>ἵστατο</em></strong></span> <span class='ocrx_word' id='word_1_13' title='bbox 656 654 753 745; x_wconf 78' lang='grc' dir='ltr'><strong><em>ζυγὸς</em></strong></span> <span class='ocrx_word' id='word_1_14' title='bbox 771 660 1038 728; x_wconf 78' lang='grc' dir='ltr'><strong><em>καὶλεκανίσκαι</em></strong></span> 
     </span>
    </p>

    <p class='ocr_par' dir='ltr' id='par_1_4' title="bbox 254 753 1223 1052">
     <span class='ocr_line' id='line_1_4' title="bbox 254 753 1223 851; baseline 0 -23"><span class='ocrx_word' id='word_1_15' title='bbox 254 753 334 844; x_wconf 82' lang='grc' dir='ltr'><strong><em>παρ’</em></strong></span> <span class='ocrx_word' id='word_1_16' title='bbox 356 755 500 851; x_wconf 74' lang='grc' dir='ltr'><strong><em>ἑκατέρῳ</em></strong></span> <span class='ocrx_word' id='word_1_17' title='bbox 523 763 584 828; x_wconf 87' lang='grc' dir='ltr'><strong><em>τοῦ</em></strong></span> <span class='ocrx_word' id='word_1_18' title='bbox 608 763 712 847; x_wconf 79' lang='grc' dir='ltr'><strong><em>ζυγοῦ</em></strong></span> <span class='ocrx_word' id='word_1_19' title='bbox 732 761 888 830; x_wconf 81' lang='grc' dir='ltr'><strong><em>κάτωθεν</em></strong></span> <span class='ocrx_word' id='word_1_20' title='bbox 910 765 977 829; x_wconf 82' lang='grc' dir='ltr'><strong><em>των</em></strong></span> <span class='ocrx_word' id='word_1_21' title='bbox 999 767 1223 848; x_wconf 88' lang='grc' dir='ltr'><strong><em>πλαστίγγων.</em></strong></span> 
     </span>
     <span class='ocr_line' id='line_1_5' title="bbox 255 860 1117 988; baseline 0.002 -60"><span class='ocrx_word' id='word_1_22' title='bbox 255 865 292 928; x_wconf 78' lang='lat' dir='ltr'><strong><em>ac</em></strong></span> <span class='ocrx_word' id='word_1_23' title='bbox 309 867 502 930; x_wconf 87' lang='grc' dir='ltr'><strong><em>λεκανίσκαι</em></strong></span> <span class='ocrx_word' id='word_1_24' title='bbox 523 860 629 950; x_wconf 83' lang='grc' dir='ltr'><strong><em>μέσον</em></strong></span> <span class='ocrx_word' id='word_1_25' title='bbox 649 861 685 930; x_wconf 67' lang='grc' dir='ltr'><strong><em>δὲ</em></strong></span> <span class='ocrx_word' id='word_1_26' title='bbox 709 861 798 948; x_wconf 77' lang='grc' dir='ltr'><strong><em>εἶχον</em></strong></span> <span class='ocrx_word' id='word_1_27' title='bbox 817 860 1117 988; x_wconf 73' lang='grc' dir='ltr'><strong><em>ἀνδριαντίσκους,</em></strong></span> 
     </span>
     <span class='ocr_line' id='line_1_6' title="bbox 255 957 1115 1052; baseline 0.002 -22"><span class='ocrx_word' id='word_1_28' title='bbox 255 957 552 1050; x_wconf 74' lang='grc' dir='ltr'><strong><em>ἀνδριαντίσκους,</em></strong></span> <span class='ocrx_word' id='word_1_29' title='bbox 577 959 637 1043; x_wconf 83' lang='grc' dir='ltr'><strong><em>οῦς</em></strong></span> <span class='ocrx_word' id='word_1_30' title='bbox 656 967 765 1050; x_wconf 83' lang='grc' dir='ltr'><strong><em>μονάς</em></strong></span> <span class='ocrx_word' id='word_1_31' title='bbox 783 959 957 1052; x_wconf 78' lang='grc' dir='ltr'><strong><em>ω’νόμαζον</em></strong></span> <span class='ocrx_word' id='word_1_32' title='bbox 979 968 1012 1032; x_wconf 87' lang='grc' dir='ltr'><strong><em>οἱ</em></strong></span> <span class='ocrx_word' id='word_1_33' title='bbox 1030 965 1115 1032; x_wconf 87' lang='grc' dir='ltr'><strong><em>τότε.</em></strong></span> 
     </span>
    </p>

    <p class='ocr_par' dir='ltr' id='par_1_5' title="bbox 255 1055 1276 1559">
     <span class='ocr_line' id='line_1_7' title="bbox 255 1055 1276 1184; baseline 0 -52"><span class='ocrx_word' id='word_1_34' title='bbox 255 1068 290 1132; x_wconf 90' lang='grc' dir='ltr'><strong><em>οί</em></strong></span> <span class='ocrx_word' id='word_1_35' title='bbox 309 1065 480 1152; x_wconf 81' lang='grc' dir='ltr'><strong><em>κωμασταὶ</em></strong></span> <span class='ocrx_word' id='word_1_36' title='bbox 503 1068 710 1153; x_wconf 79' lang='grc' dir='ltr'><strong><em>πληροῦντες</em></strong></span> <span class='ocrx_word' id='word_1_37' title='bbox 731 1055 794 1133; x_wconf 86' lang='grc' dir='ltr'><strong><em>οῦν</em></strong></span> <span class='ocrx_word' id='word_1_38' title='bbox 816 1074 915 1184; x_wconf 83' lang='grc' dir='ltr'><strong><em>οίνρυ</em></strong></span> <span class='ocrx_word' id='word_1_39' title='bbox 937 1061 974 1134; x_wconf 84' lang='grc' dir='ltr'><strong><em>τό</em></strong></span> <span class='ocrx_word' id='word_1_40' title='bbox 996 1065 1126 1134; x_wconf 86' lang='grc' dir='ltr'><strong><em>τοῦτ-ων</em></strong></span> <span class='ocrx_word' id='word_1_41' title='bbox 1143 1065 1276 1162; x_wconf 80' lang='grc' dir='ltr'><strong><em>στόμα,</em></strong></span> 
     </span>
     <span class='ocr_line' id='line_1_8' title="bbox 255 1159 1184 1284; baseline 0.002 -50"><span class='ocrx_word' id='word_1_42' title='bbox 255 1159 273 1234; x_wconf 90' lang='lat'><strong><em>5</em></strong></span> <span class='ocrx_word' id='word_1_43' title='bbox 268 1161 425 1250; x_wconf 80' lang='grc' dir='ltr'><strong><em>λάταξ</em></strong></span> <span class='ocrx_word' id='word_1_44' title='bbox 421 1167 477 1236; x_wconf 84' lang='grc' dir='ltr'><strong><em>καὶ</em></strong></span> <span class='ocrx_word' id='word_1_45' title='bbox 499 1165 625 1254; x_wconf 79' lang='grc' dir='ltr'><strong><em>λατάγη</em></strong></span> <span class='ocrx_word' id='word_1_46' title='bbox 647 1163 752 1254; x_wconf 76' lang='grc' dir='ltr'><strong><em>δή,”</em></strong></span> <span class='ocrx_word' id='word_1_47' title='bbox 732 1193 839 1254; x_wconf 92' lang='grc' dir='ltr'><strong><em>ηγουν</em></strong></span> <span class='ocrx_word' id='word_1_48' title='bbox 861 1160 969 1284; x_wconf 73' lang='grc' dir='ltr'><strong><em>ῦγρδν</em></strong></span> <span class='ocrx_word' id='word_1_49' title='bbox 991 1168 1087 1236; x_wconf 82' lang='grc' dir='ltr'><strong><em>καὶ</em></strong></span> <span class='ocrx_word' id='word_1_50' title='bbox 1068 1171 1184 1255; x_wconf 90' lang='grc' dir='ltr'><strong><em>ρῦσις,</em></strong></span> 
     </span>
     <span class='ocr_line' id='line_1_9' title="bbox 255 1265 1147 1358; baseline 0.003 -25"><span class='ocrx_word' id='word_1_51' title='bbox 255 1270 354 1334; x_wconf 87' lang='grc' dir='ltr'><strong><em>τοῦτο</em></strong></span> <span class='ocrx_word' id='word_1_52' title='bbox 374 1265 636 1357; x_wconf 80' lang='grc' dir='ltr'><strong><em>άπεκοττάβιζον</em></strong></span> <span class='ocrx_word' id='word_1_53' title='bbox 661 1275 707 1348; x_wconf 87' lang='grc' dir='ltr'><strong><em>είς</em></strong></span> <span class='ocrx_word' id='word_1_54' title='bbox 727 1275 809 1357; x_wconf 86' lang='grc' dir='ltr'><strong><em>μίαν</em></strong></span> <span class='ocrx_word' id='word_1_55' title='bbox 829 1271 897 1336; x_wconf 79' lang='grc' dir='ltr'><strong><em>τῶν</em></strong></span> <span class='ocrx_word' id='word_1_56' title='bbox 916 1275 1147 1358; x_wconf 86' lang='grc' dir='ltr'><strong><em>πλαστίγγων,</em></strong></span> 
     </span>
     <span class='ocr_line' id='line_1_10' title="bbox 256 1368 1075 1457; baseline 0.004 -21"><span class='ocrx_word' id='word_1_57' title='bbox 256 1371 431 1438; x_wconf 84' lang='grc' dir='ltr'><strong><em>τουτέστιν</em></strong></span> <span class='ocrx_word' id='word_1_58' title='bbox 452 1372 683 1457; x_wconf 81' lang='grc' dir='ltr'><strong><em>ε’ξετίνασσον,</em></strong></span> <span class='ocrx_word' id='word_1_59' title='bbox 706 1368 898 1455; x_wconf 85' lang='grc' dir='ltr'><strong><em>άπίπτυον,</em></strong></span> <span class='ocrx_word' id='word_1_60' title='bbox 922 1369 1075 1440; x_wconf 84' lang='grc' dir='ltr'><strong><em>ίκὲνουν.</em></strong></span> 
     </span>
     <span class='ocr_line' id='line_1_11' title="bbox 256 1468 1139 1559; baseline 0.002 -21"><span class='ocrx_word' id='word_1_61' title='bbox 256 1468 422 1557; x_wconf 83' lang='grc' dir='ltr'><strong><em>κότταβον</em></strong></span> <span class='ocrx_word' id='word_1_62' title='bbox 443 1472 499 1540; x_wconf 86' lang='grc' dir='ltr'><strong><em>καλ</em></strong></span> <span class='ocrx_word' id='word_1_63' title='bbox 520 1468 558 1540; x_wconf 85' lang='grc' dir='ltr'><strong><em>τό</em></strong></span> <span class='ocrx_word' id='word_1_64' title='bbox 580 1468 728 1559; x_wconf 82' lang='grc' dir='ltr'><strong><em>ὄργανον</em></strong></span> <span class='ocrx_word' id='word_1_65' title='bbox 750 1468 841 1539; x_wconf 84' lang='grc' dir='ltr'><strong><em>άπαν</em></strong></span> <span class='ocrx_word' id='word_1_66' title='bbox 860 1471 1006 1540; x_wconf 73' lang='grc' dir='ltr'><strong><em>ἐκάλουν</em></strong></span> <span class='ocrx_word' id='word_1_67' title='bbox 1028 1477 1139 1540; x_wconf 89' lang='grc' dir='ltr'><strong><em>τοῦτο.</em></strong></span> 
     </span>
    </p>

    <p class='ocr_par' dir='ltr' id='par_1_6' title="bbox 255 1565 1222 1865">
     <span class='ocr_line' id='line_1_12' title="bbox 255 1565 1179 1664; baseline 0.002 -24"><span class='ocrx_word' id='word_1_68' title='bbox 255 1565 298 1640; x_wconf 83' lang='grc' dir='ltr'><strong><em>άν</em></strong></span> <span class='ocrx_word' id='word_1_69' title='bbox 317 1571 380 1642; x_wconf 88' lang='grc' dir='ltr'><strong><em>οῦν</em></strong></span> <span class='ocrx_word' id='word_1_70' title='bbox 399 1567 421 1661; x_wconf 87' lang='lat'><strong><em>5</em></strong></span> <span class='ocrx_word' id='word_1_71' title='bbox 444 1574 605 1661; x_wconf 81' lang='grc' dir='ltr'><strong><em>πλάστιγξ</em></strong></span> <span class='ocrx_word' id='word_1_72' title='bbox 626 1577 667 1664; x_wconf 79' lang='grc' dir='ltr'><strong><em>τῇ</em></strong></span> <span class='ocrx_word' id='word_1_73' title='bbox 688 1576 779 1663; x_wconf 76' lang='grc' dir='ltr'><strong><em>φορᾷ</em></strong></span> <span class='ocrx_word' id='word_1_74' title='bbox 792 1571 975 1660; x_wconf 76' lang='grc' dir='ltr'><strong><em>κατέρριψε</em></strong></span> <span class='ocrx_word' id='word_1_75' title='bbox 998 1577 1059 1642; x_wconf 91' lang='grc' dir='ltr'><strong><em>τοῦ</em></strong></span> <span class='ocrx_word' id='word_1_76' title='bbox 1081 1584 1179 1643; x_wconf 86' lang='grc' dir='ltr'><strong><em>οίνου</em></strong></span> 
     </span>
     <span class='ocr_line' id='line_1_13' title="bbox 256 1670 1222 1763; baseline 0.001 -21"><span class='ocrx_word' id='word_1_77' title='bbox 256 1680 312 1746; x_wconf 87' lang='grc' dir='ltr'><strong><em>καλ</em></strong></span> <span class='ocrx_word' id='word_1_78' title='bbox 330 1670 390 1742; x_wconf 85' lang='grc' dir='ltr'><strong><em>τόν</em></strong></span> <span class='ocrx_word' id='word_1_79' title='bbox 412 1680 523 1763; x_wconf 84' lang='grc' dir='ltr'><strong><em>μανᾶν</em></strong></span> <span class='ocrx_word' id='word_1_80' title='bbox 546 1683 592 1755; x_wconf 83' lang='grc' dir='ltr'><strong><em>είς</em></strong></span> <span class='ocrx_word' id='word_1_81' title='bbox 615 1672 768 1763; x_wconf 80' lang='grc' dir='ltr'><strong><em>κεφαλὴν</em></strong></span> <span class='ocrx_word' id='word_1_82' title='bbox 788 1671 889 1762; x_wconf 81' lang='grc' dir='ltr'><strong><em>ἤχησε</em></strong></span> <span class='ocrx_word' id='word_1_83' title='bbox 911 1687 1134 1761; x_wconf 84' lang='grc' dir='ltr'><strong><em>κε’κρουκυῐα,</em></strong></span> <span class='ocrx_word' id='word_1_84' title='bbox 1214 1733 1222 1756; x_wconf 83' lang='grc'><strong><em>,</em></strong></span> 
     </span>
     <span class='ocr_line' id='line_1_14' title="bbox 256 1771 1169 1865; baseline 0.001 -21"><span class='ocrx_word' id='word_1_85' title='bbox 256 1771 273 1844; x_wconf 87' lang='lat'><strong><em>5</em></strong></span> <span class='ocrx_word' id='word_1_86' title='bbox 294 1773 469 1865; x_wconf 77' lang='grc' dir='ltr'><strong><em>κωμαστὴς</em></strong></span> <span class='ocrx_word' id='word_1_87' title='bbox 492 1792 746 1865; x_wconf 85' lang='grc' dir='ltr'><strong><em>συγκωμασταῑς</em></strong></span> <span class='ocrx_word' id='word_1_88' title='bbox 769 1775 878 1845; x_wconf 86' lang='grc' dir='ltr'><strong><em>ἐδόκει</em></strong></span> <span class='ocrx_word' id='word_1_89' title='bbox 900 1783 967 1844; x_wconf 80' lang='grc' dir='ltr'><strong><em>τῶν</em></strong></span> <span class='ocrx_word' id='word_1_90' title='bbox 987 1785 1169 1864; x_wconf 88' lang='grc' dir='ltr'><strong><em>γενναίων·</em></strong></span> 
     </span>
    </p>

    <p class='ocr_par' dir='ltr' id='par_1_7' title="bbox 256 1872 1209 1968">
     <span class='ocr_line' id='line_1_15' title="bbox 256 1872 1209 1968; baseline 0.003 -23"><span class='ocrx_word' id='word_1_91' title='bbox 256 1881 287 1945; x_wconf 87' lang='grc' dir='ltr'><strong><em>εί</em></strong></span> <span class='ocrx_word' id='word_1_92' title='bbox 304 1873 334 1946; x_wconf 83' lang='grc' dir='ltr'><strong><em>δ’</em></strong></span> <span class='ocrx_word' id='word_1_93' title='bbox 357 1875 414 1964; x_wconf 86' lang='grc' dir='ltr'><strong><em>οῦ,</em></strong></span> <span class='ocrx_word' id='word_1_94' title='bbox 437 1875 547 1947; x_wconf 86' lang='grc' dir='ltr'><strong><em>πολῦν</em></strong></span> <span class='ocrx_word' id='word_1_95' title='bbox 569 1882 757 1967; x_wconf 81' lang='grc' dir='ltr'><strong><em>ἐλάμβανεν</em></strong></span> <span class='ocrx_word' id='word_1_96' title='bbox 774 1872 817 1957; x_wconf 82' lang='grc' dir='ltr'><strong><em>ῦς</em></strong></span> <span class='ocrx_word' id='word_1_97' title='bbox 838 1873 986 1967; x_wconf 79' lang='grc' dir='ltr'><strong><em>άσθενης</em></strong></span> <span class='ocrx_word' id='word_1_98' title='bbox 1008 1875 1068 1948; x_wconf 86' lang='grc' dir='ltr'><strong><em>τὸν</em></strong></span> <span class='ocrx_word' id='word_1_99' title='bbox 1090 1882 1209 1968; x_wconf 81' lang='grc' dir='ltr'><strong><em>γέλων.</em></strong></span> 
     </span>
    </p>
   </div>
   <div class='ocr_carea' id='block_1_3' title="bbox 192 2047 1355 2888">
    <p class='ocr_par' dir='ltr' id='par_1_8' title="bbox 339 2047 656 2133">
     <span class='ocr_line' id='line_1_16' title="bbox 339 2047 656 2133; baseline 0.003 -28.027"><span class='ocrx_word' id='word_1_100' title='bbox 339 2047 571 2133; x_wconf 79' lang='grc' dir='ltr'><strong><em>Τράγκμλλοςε.</em></strong></span> <span class='ocrx_word' id='word_1_101' title='bbox 591 2075 616 2123; x_wconf 88' lang='lat' dir='ltr'><strong><em>q.</em></strong></span> <span class='ocrx_word' id='word_1_102' title='bbox 634 2073 656 2106; x_wconf 83' lang='grc' dir='ltr'><strong><em>ε.</em></strong></span> 
     </span>
    </p>

    <p class='ocr_par' dir='ltr' id='par_1_9' title="bbox 339 2113 1076 2202">
     <span class='ocr_line' id='line_1_17' title="bbox 339 2113 1076 2202; baseline 0.004 -29.029"><span class='ocrx_word' id='word_1_103' title='bbox 339 2113 385 2173; x_wconf 85' lang='grc' dir='ltr'><strong><em>Ἐκ</em></strong></span> <span class='ocrx_word' id='word_1_104' title='bbox 405 2117 513 2176; x_wconf 78' lang='grc' dir='ltr'><strong><em>τούτων</em></strong></span> <span class='ocrx_word' id='word_1_105' title='bbox 531 2113 611 2190; x_wconf 88' lang='grc' dir='ltr'><strong><em>ῦβρις</em></strong></span> <span class='ocrx_word' id='word_1_106' title='bbox 630 2115 764 2202; x_wconf 78' lang='grc' dir='ltr'><strong><em>σόμμασα</em></strong></span> <span class='ocrx_word' id='word_1_107' title='bbox 782 2121 831 2174; x_wconf 87' lang='grc' dir='ltr'><strong><em>καλ</em></strong></span> <span class='ocrx_word' id='word_1_108' title='bbox 849 2123 928 2174; x_wconf 84' lang='grc' dir='ltr'><strong><em>πάσα</em></strong></span> <span class='ocrx_word' id='word_1_109' title='bbox 947 2124 1076 2189; x_wconf 80' lang='grc' dir='ltr'><strong><em>φλυαρία</em></strong></span> 
     </span>
    </p>

    <p class='ocr_par' dir='ltr' id='par_1_10' title="bbox 345 2180 1020 2272">
     <span class='ocr_line' id='line_1_18' title="bbox 345 2180 1020 2272; baseline 0 -30"><span class='ocrx_word' id='word_1_110' title='bbox 345 2187 457 2270; x_wconf 81' lang='grc' dir='ltr'><strong><em>λέγεται</em></strong></span> <span class='ocrx_word' id='word_1_111' title='bbox 474 2209 551 2256; x_wconf 83' lang='grc' dir='ltr'><strong><em>προπ</em></strong></span> <span class='ocrx_word' id='word_1_112' title='bbox 573 2186 708 2270; x_wconf 86' lang='grc' dir='ltr'><strong><em>λακισμός</em></strong></span> <span class='ocrx_word' id='word_1_113' title='bbox 726 2180 786 2257; x_wconf 75' lang='grc' dir='ltr'><strong><em>ἅμα</em></strong></span> <span class='ocrx_word' id='word_1_114' title='bbox 804 2189 853 2272; x_wconf 78' lang='grc' dir='ltr'><strong><em>κμί</em></strong></span> <span class='ocrx_word' id='word_1_115' title='bbox 872 2191 1020 2256; x_wconf 88' lang='grc' dir='ltr'><strong><em>παροινία,</em></strong></span> 
     </span>
    </p>

    <p class='ocr_par' dir='ltr' id='par_1_11' title="bbox 192 2211 1355 2872">
     <span class='ocr_line' id='line_1_19' title="bbox 345 2211 1001 2339; baseline 0.002 -30"><span class='ocrx_word' id='word_1_116' title='bbox 345 2253 454 2326; x_wconf 80' lang='grc' dir='ltr'><strong><em>λατάγη</em></strong></span> <span class='ocrx_word' id='word_1_117' title='bbox 473 2253 505 2311; x_wconf 70' lang='grc' dir='ltr'><strong><em>δὲ</em></strong></span> <span class='ocrx_word' id='word_1_118' title='bbox 524 2211 573 2312; x_wconf 83' lang='grc' dir='ltr'><strong><em>κάλ</em></strong></span> <span class='ocrx_word' id='word_1_119' title='bbox 591 2255 728 2339; x_wconf 82' lang='grc' dir='ltr'><strong><em>κότταβος</em></strong></span> <span class='ocrx_word' id='word_1_120' title='bbox 747 2257 796 2310; x_wconf 78' lang='grc' dir='ltr'><strong><em>καί</em></strong></span> <span class='ocrx_word' id='word_1_121' title='bbox 815 2251 1001 2339; x_wconf 73' lang='grc' dir='ltr'><strong><em>ἑωλοκρασία.</em></strong></span> 
     </span>
     <span class='ocr_line' id='line_1_20' title="bbox 193 2320 1335 2408; baseline 0.004 -32"><span class='ocrx_word' id='word_1_122' title='bbox 193 2325 348 2404; x_wconf 71' lang='lat' dir='ltr'>Etymolog’</span> <span class='ocrx_word' id='word_1_123' title='bbox 341 2345 411 2380; x_wconf 79' lang='lat' dir='ltr'><strong><em>mum</em></strong></span> <span class='ocrx_word' id='word_1_124' title='bbox 430 2346 572 2394; x_wconf 82' lang='lat' dir='ltr'><strong>magnum:</strong></span> <span class='ocrx_word' id='word_1_125' title='bbox 592 2321 795 2408; x_wconf 69' lang='grc' dir='ltr'><strong><em>Ἐωλοκροιοίηη</em></strong></span> <span class='ocrx_word' id='word_1_126' title='bbox 815 2320 924 2386; x_wconf 76' lang='grc' dir='ltr'><strong><em>ἔθυς’</em></strong></span> <span class='ocrx_word' id='word_1_127' title='bbox 889 2345 955 2408; x_wconf 87' lang='grc' dir='ltr'><strong><em>ην</em></strong></span> <span class='ocrx_word' id='word_1_128' title='bbox 957 2331 1016 2386; x_wconf 90' lang='grc' dir='ltr'><strong><em>τοις</em></strong></span> <span class='ocrx_word' id='word_1_129' title='bbox 1035 2323 1110 2388; x_wconf 79' lang='grc' dir='ltr'><strong><em>νέοις</em></strong></span> <span class='ocrx_word' id='word_1_130' title='bbox 1124 2327 1272 2380; x_wconf 78' lang='grc' dir='ltr'><strong><em>δειπνοῦσι</em></strong></span> <span class='ocrx_word' id='word_1_131' title='bbox 1285 2323 1335 2380; x_wconf 85' lang='grc' dir='ltr'><strong><em>καλ</em></strong></span> 
     </span>
     <span class='ocr_line' id='line_1_21' title="bbox 194 2367 1334 2480; baseline 0.003 -37"><span class='ocrx_word' id='word_1_132' title='bbox 194 2367 393 2473; x_wconf 79' lang='grc' dir='ltr'><strong><em>νυκτερεῦμυσι</em></strong></span> <span class='ocrx_word' id='word_1_133' title='bbox 416 2401 554 2474; x_wconf 78' lang='grc' dir='ltr'><strong><em>καταχειν</em></strong></span> <span class='ocrx_word' id='word_1_134' title='bbox 578 2397 632 2448; x_wconf 71' lang='grc' dir='ltr'><strong><em>τοῖν</em></strong></span> <span class='ocrx_word' id='word_1_135' title='bbox 654 2390 838 2480; x_wconf 80' lang='grc' dir='ltr'><strong><em>κοιμωμὲνμν</em></strong></span> <span class='ocrx_word' id='word_1_136' title='bbox 861 2395 916 2448; x_wconf 76' lang='grc' dir='ltr'><strong><em>τοῖν</em></strong></span> <span class='ocrx_word' id='word_1_137' title='bbox 940 2387 1033 2447; x_wconf 83' lang='grc' dir='ltr'><strong><em>ειόλων</em></strong></span> <span class='ocrx_word' id='word_1_138' title='bbox 1057 2395 1183 2448; x_wconf 82' lang='grc' dir='ltr'><strong><em>δείπνων</em></strong></span> <span class='ocrx_word' id='word_1_139' title='bbox 1200 2413 1321 2454; x_wconf 89' lang='grc' dir='ltr'><strong><em>τους</em></strong></span> <span class='ocrx_word' id='word_1_140' title='bbox 1286 2397 1334 2458; x_wconf 80' lang='grc' dir='ltr'><strong><em>ζ</em></strong></span> 
     </span>
     <span class='ocr_line' id='line_1_22' title="bbox 192 2453 1355 2550; baseline 0 -39"><span class='ocrx_word' id='word_1_141' title='bbox 192 2453 264 2539; x_wconf 82' lang='grc' dir='ltr'><strong><em>μρῦς</em></strong></span> <span class='ocrx_word' id='word_1_142' title='bbox 282 2459 353 2542; x_wconf 85' lang='grc' dir='ltr'><strong><em>πρὸς</em></strong></span> <span class='ocrx_word' id='word_1_143' title='bbox 369 2457 506 2544; x_wconf 77' lang='grc' dir='ltr'><strong><em>τοιαύτην</em></strong></span> <span class='ocrx_word' id='word_1_144' title='bbox 522 2459 648 2550; x_wconf 77' lang='grc' dir='ltr'><strong><em>μαιδιάν</em></strong></span> <span class='ocrx_word' id='word_1_145' title='bbox 648 2460 871 2545; x_wconf 79' lang='grc' dir='ltr'><strong><em>τετραμμένοι.</em></strong></span> <span class='ocrx_word' id='word_1_146' title='bbox 898 2458 951 2548; x_wconf 75' lang='grc' dir='ltr'><strong><em>ίγῴ</em></strong></span> <span class='ocrx_word' id='word_1_147' title='bbox 971 2459 1002 2516; x_wconf 71' lang='grc' dir='ltr'><strong><em>δὲ</em></strong></span> <span class='ocrx_word' id='word_1_148' title='bbox 1020 2464 1129 2542; x_wconf 86' lang='grc' dir='ltr'><strong><em>μάλλον</em></strong></span> <span class='ocrx_word' id='word_1_149' title='bbox 1147 2463 1251 2548; x_wconf 85' lang='grc' dir='ltr'><strong><em>νομίζω</em></strong></span> <span class='ocrx_word' id='word_1_150' title='bbox 1264 2480 1334 2514; x_wconf 86' lang='grc' dir='ltr'><strong><em>πεπ-</em></strong></span> <span class='ocrx_word' id='word_1_151' title='bbox 1352 2503 1355 2510; x_wconf 98' lang='grc'><strong><em>.</em></strong></span> 
     </span>
     <span class='ocr_line' id='line_1_23' title="bbox 193 2521 1335 2653; baseline 0.003 -74"><span class='ocrx_word' id='word_1_152' title='bbox 193 2523 342 2582; x_wconf 80' lang='grc' dir='ltr'><strong><em>λαοθαι</em></strong></span> <span class='ocrx_word' id='word_1_153' title='bbox 315 2548 346 2583; x_wconf 89' lang='grc' dir='ltr'><strong><em>το</em></strong></span> <span class='ocrx_word' id='word_1_154' title='bbox 365 2524 461 2616; x_wconf 78' lang='grc' dir='ltr'><strong><em>ὄμομα</em></strong></span> <span class='ocrx_word' id='word_1_155' title='bbox 475 2525 532 2584; x_wconf 85' lang='grc' dir='ltr'><strong><em>ῦπὸ</em></strong></span> <span class='ocrx_word' id='word_1_156' title='bbox 550 2533 600 2584; x_wconf 84' lang='grc' dir='ltr'><strong><em>τοῦ</em></strong></span> <span class='ocrx_word' id='word_1_157' title='bbox 619 2525 738 2612; x_wconf 69' lang='grc' dir='ltr'><strong><em>ῥήτορος</em></strong></span> <span class='ocrx_word' id='word_1_158' title='bbox 757 2549 815 2611; x_wconf 78' lang='grc' dir='ltr'><strong><em>απρ</em></strong></span> <span class='ocrx_word' id='word_1_159' title='bbox 833 2549 889 2584; x_wconf 87' lang='grc' dir='ltr'><strong><em>των</em></strong></span> <span class='ocrx_word' id='word_1_160' title='bbox 908 2527 1048 2653; x_wconf 85' lang='grc' dir='ltr'><strong><em>ειόλων,οι</em></strong></span> <span class='ocrx_word' id='word_1_161' title='bbox 1029 2521 1272 2614; x_wconf 78' lang='grc' dir='ltr'><strong><em>άίσιινάρχαια·</em></strong></span> <span class='ocrx_word' id='word_1_162' title='bbox 1292 2522 1335 2584; x_wconf 82' lang='grc' dir='ltr'><strong><em>ὅτι</em></strong></span> 
     </span>
     <span class='ocr_line' id='line_1_24' title="bbox 193 2591 1335 2696; baseline 0.004 -48"><span class='ocrx_word' id='word_1_163' title='bbox 193 2591 349 2678; x_wconf 87' lang='grc' dir='ltr'><strong><em>πράγματα</em></strong></span> <span class='ocrx_word' id='word_1_164' title='bbox 370 2591 509 2696; x_wconf 69' lang='grc' dir='ltr'><strong><em>άργαῑα</em></strong></span> <span class='ocrx_word' id='word_1_165' title='bbox 502 2595 677 2680; x_wconf 80' lang='grc' dir='ltr'><strong><em>συγκεράσας</em></strong></span> <span class='ocrx_word' id='word_1_166' title='bbox 701 2595 853 2680; x_wconf 79' lang='grc' dir='ltr'><strong><em>ηατηγόρει</em></strong></span> <span class='ocrx_word' id='word_1_167' title='bbox 877 2593 891 2652; x_wconf 93' lang='lat'><strong><em>5</em></strong></span> <span class='ocrx_word' id='word_1_168' title='bbox 916 2597 1085 2681; x_wconf 74' lang='grc' dir='ltr'><strong><em>Αίσηίνης.</em></strong></span> <span class='ocrx_word' id='word_1_169' title='bbox 1092 2595 1128 2652; x_wconf 84' lang='lat' dir='ltr'><em>H</em></span> <span class='ocrx_word' id='word_1_170' title='bbox 1127 2593 1335 2684; x_wconf 85' lang='grc' dir='ltr'><strong><em>εωλοκρασία.</em></strong></span> 
     </span>
     <span class='ocr_line' id='line_1_25' title="bbox 193 2659 1335 2752; baseline 0 -34"><span class='ocrx_word' id='word_1_171' title='bbox 193 2659 214 2750; x_wconf 82' lang='lat'><strong><em>5</em></strong></span> <span class='ocrx_word' id='word_1_172' title='bbox 231 2661 359 2750; x_wconf 69' lang='grc' dir='ltr'><strong><em>ηθεσινή</em></strong></span> <span class='ocrx_word' id='word_1_173' title='bbox 376 2669 468 2744; x_wconf 80' lang='grc' dir='ltr'><strong><em>μεδη</em></strong></span> <span class='ocrx_word' id='word_1_174' title='bbox 494 2664 582 2720; x_wconf 75' lang='grc' dir='ltr'><strong><em>ἕωλον</em></strong></span> <span class='ocrx_word' id='word_1_175' title='bbox 594 2663 676 2748; x_wconf 48' lang='grc' dir='ltr'><strong><em>γάρ,</em></strong></span> <span class='ocrx_word' id='word_1_176' title='bbox 683 2663 714 2719; x_wconf 85' lang='grc' dir='ltr'><strong><em>τό</em></strong></span> <span class='ocrx_word' id='word_1_177' title='bbox 733 2665 884 2749; x_wconf 80' lang='grc' dir='ltr'><strong><em>χθεσινόν·</em></strong></span> <span class='ocrx_word' id='word_1_178' title='bbox 908 2688 986 2734; x_wconf 87' lang='grc' dir='ltr'><strong><em>παρα</em></strong></span> <span class='ocrx_word' id='word_1_179' title='bbox 1005 2687 1037 2720; x_wconf 91' lang='grc' dir='ltr'><strong><em>το</em></strong></span> <span class='ocrx_word' id='word_1_180' title='bbox 1054 2687 1107 2736; x_wconf 88' lang='grc' dir='ltr'><strong><em>την</em></strong></span> <span class='ocrx_word' id='word_1_181' title='bbox 1126 2664 1162 2746; x_wconf 69' lang='grc' dir='ltr'><strong><em>ξω</em></strong></span> <span class='ocrx_word' id='word_1_182' title='bbox 1172 2661 1335 2752; x_wconf 72' lang='grc' dir='ltr'><strong><em>ίλαδῦηναι,</em></strong></span> 
     </span>
     <span class='ocr_line' id='line_1_26' title="bbox 193 2728 1333 2819; baseline 0.003 -34"><span class='ocrx_word' id='word_1_183' title='bbox 193 2753 211 2802; x_wconf 90' lang='grc' dir='ltr'><strong><em>η</em></strong></span> <span class='ocrx_word' id='word_1_184' title='bbox 232 2737 319 2786; x_wconf 89' lang='grc' dir='ltr'><strong><em>ειολον</em></strong></span> <span class='ocrx_word' id='word_1_185' title='bbox 331 2753 362 2787; x_wconf 88' lang='grc' dir='ltr'><strong><em>το</em></strong></span> <span class='ocrx_word' id='word_1_186' title='bbox 382 2729 498 2788; x_wconf 83' lang='grc' dir='ltr'><strong><em>λιτὸν</em></strong></span> <span class='ocrx_word' id='word_1_187' title='bbox 477 2755 494 2816; x_wconf 87' lang='grc' dir='ltr'><strong><em>η</em></strong></span> <span class='ocrx_word' id='word_1_188' title='bbox 514 2731 546 2788; x_wconf 80' lang='grc' dir='ltr'><strong><em>τό</em></strong></span> <span class='ocrx_word' id='word_1_189' title='bbox 527 2733 602 2816; x_wconf 76' lang='grc' dir='ltr'><strong><em>μη</em></strong></span> <span class='ocrx_word' id='word_1_190' title='bbox 623 2729 805 2812; x_wconf 87' lang='grc' dir='ltr'><strong><em>πρόσφατον</em></strong></span> <span class='ocrx_word' id='word_1_191' title='bbox 808 2728 879 2815; x_wconf 78' lang='grc' dir='ltr'><strong><em>άλλρλ</em></strong></span> <span class='ocrx_word' id='word_1_192' title='bbox 893 2729 1045 2819; x_wconf 77' lang='grc' dir='ltr'><strong><em>χθεσινόν·</em></strong></span> <span class='ocrx_word' id='word_1_193' title='bbox 1060 2732 1138 2802; x_wconf 83' lang='grc' dir='ltr'><strong><em>παρά</em></strong></span> <span class='ocrx_word' id='word_1_194' title='bbox 1150 2753 1181 2788; x_wconf 86' lang='grc' dir='ltr'><strong><em>το</em></strong></span> <span class='ocrx_word' id='word_1_195' title='bbox 1195 2753 1240 2798; x_wconf 66' lang='lat' dir='ltr'><strong><em>em,</em></strong></span> <span class='ocrx_word' id='word_1_196' title='bbox 1262 2753 1333 2814; x_wconf 87' lang='grc' dir='ltr'><strong><em>οση·</em></strong></span> 
     </span>
     <span class='ocr_line' id='line_1_27' title="bbox 193 2794 1336 2888; baseline 0.002 -34"><span class='ocrx_word' id='word_1_197' title='bbox 193 2803 295 2884; x_wconf 84' lang='grc' dir='ltr'><strong><em>μαίνει</em></strong></span> <span class='ocrx_word' id='word_1_198' title='bbox 304 2821 335 2855; x_wconf 88' lang='grc' dir='ltr'><strong><em>το</em></strong></span> <span class='ocrx_word' id='word_1_199' title='bbox 348 2819 503 2885; x_wconf 80' lang='grc' dir='ltr'><strong><em>περικάτω</em></strong></span> <span class='ocrx_word' id='word_1_200' title='bbox 521 2794 690 2884; x_wconf 80' lang='grc' dir='ltr'><strong><em>ἢματαιον,</em></strong></span> <span class='ocrx_word' id='word_1_201' title='bbox 710 2799 833 2886; x_wconf 74' lang='grc' dir='ltr'><strong><em>ψυχρόν</em></strong></span> <span class='ocrx_word' id='word_1_202' title='bbox 852 2797 1006 2871; x_wconf 85' lang='grc' dir='ltr'><strong><em>άνοφελίς,</em></strong></span> <span class='ocrx_word' id='word_1_203' title='bbox 1016 2797 1192 2888; x_wconf 76' lang='grc' dir='ltr'><strong><em>άνίσχνρον.</em></strong></span> <span class='ocrx_word' id='word_1_204' title='bbox 1217 2775 1336 2860; x_wconf 62' lang='lat'><em>5552-</em></span> 
     </span>
    </p>
   </div>
   <div class='ocr_carea' id='block_1_4' title="bbox 194 2863 1336 2994">
    <p class='ocr_par' dir='ltr' id='par_1_12' title="bbox 194 2863 1336 2994">
     <span class='ocr_line' id='line_1_28' title="bbox 194 2863 1336 2994; baseline 0.002 -72"><span class='ocrx_word' id='word_1_205' title='bbox 194 2873 259 2931; x_wconf 87' lang='grc' dir='ltr'><strong><em>λως·</em></strong></span> <span class='ocrx_word' id='word_1_206' title='bbox 275 2863 367 2958; x_wconf 79' lang='grc' dir='ltr'><strong><em>ἡνίκα</em></strong></span> <span class='ocrx_word' id='word_1_207' title='bbox 386 2868 540 2924; x_wconf 78' lang='grc' dir='ltr'><strong><em>συνέπινον</em></strong></span> <span class='ocrx_word' id='word_1_208' title='bbox 558 2865 692 2960; x_wconf 78' lang='grc' dir='ltr'><strong><em>άλληλοις</em></strong></span> <span class='ocrx_word' id='word_1_209' title='bbox 714 2869 793 2994; x_wconf 84' lang='grc' dir='ltr'><strong><em>παρά</em></strong></span> <span class='ocrx_word' id='word_1_210' title='bbox 811 2866 989 2954; x_wconf 80' lang='grc' dir='ltr'><strong><em>Ἀθηναίοις</em></strong></span> <span class='ocrx_word' id='word_1_211' title='bbox 996 2891 1024 2926; x_wconf 93' lang='grc' dir='ltr'><strong><em>οι</em></strong></span> <span class='ocrx_word' id='word_1_212' title='bbox 1043 2869 1119 2951; x_wconf 82' lang='grc' dir='ltr'><strong><em>νέοι,</em></strong></span> <span class='ocrx_word' id='word_1_213' title='bbox 1144 2865 1230 2926; x_wconf 72' lang='grc' dir='ltr'><strong><em>ίπ1’</em></strong></span> <span class='ocrx_word' id='word_1_214' title='bbox 1215 2869 1336 2926; x_wconf 81' lang='grc' dir='ltr'><strong><em>εκάστου</em></strong></span> 
     </span>
    </p>
   </div>
   <div class='ocr_carea' id='block_1_5' title="bbox 193 2933 1337 3757">
    <p class='ocr_par' dir='ltr' id='par_1_13' title="bbox 193 2933 1337 3757">
     <span class='ocr_line' id='line_1_29' title="bbox 193 2933 1336 3062; baseline 0.003 -71"><span class='ocrx_word' id='word_1_215' title='bbox 193 2934 303 3020; x_wconf 83' lang='grc' dir='ltr'><strong><em>κρατὴρ</em></strong></span> <span class='ocrx_word' id='word_1_216' title='bbox 321 2939 404 2993; x_wconf 86' lang='grc' dir='ltr'><strong><em>νίνου</em></strong></span> <span class='ocrx_word' id='word_1_217' title='bbox 423 2933 545 2993; x_wconf 71' lang='grc' dir='ltr'><strong><em>ἐτίθετο.</em></strong></span> <span class='ocrx_word' id='word_1_218' title='bbox 582 2960 632 2994; x_wconf 91' lang='grc' dir='ltr'><strong><em>και</em></strong></span> <span class='ocrx_word' id='word_1_219' title='bbox 651 2941 682 2994; x_wconf 88' lang='grc' dir='ltr'><strong><em>ει</em></strong></span> <span class='ocrx_word' id='word_1_220' title='bbox 695 2959 737 3000; x_wconf 87' lang='grc' dir='ltr'><strong><em>τις</em></strong></span> <span class='ocrx_word' id='word_1_221' title='bbox 770 2936 989 3062; x_wconf 78' lang='grc' dir='ltr'><strong><em>καθεῦδηοεμ</em></strong></span> <span class='ocrx_word' id='word_1_222' title='bbox 1011 2936 1085 2994; x_wconf 77' lang='grc' dir='ltr'><strong><em>κιττὸν</em></strong></span> <span class='ocrx_word' id='word_1_223' title='bbox 1103 2937 1153 2994; x_wconf 87' lang='grc' dir='ltr'><strong><em>τὸν</em></strong></span> <span class='ocrx_word' id='word_1_224' title='bbox 1171 2939 1336 3010; x_wconf 85' lang='grc' dir='ltr'><strong><em>ίδιονκρα-</em></strong></span> 
     </span>
     <span class='ocr_line' id='line_1_30' title="bbox 193 2962 1337 3097; baseline 0.001 -37"><span class='ocrx_word' id='word_1_225' title='bbox 193 3007 289 3086; x_wconf 81' lang='grc' dir='ltr'><strong><em>τῆρα,</em></strong></span> <span class='ocrx_word' id='word_1_226' title='bbox 295 3007 367 3073; x_wconf 77' lang='grc' dir='ltr'><strong><em>πρωὶ</em></strong></span> <span class='ocrx_word' id='word_1_227' title='bbox 386 3003 457 3060; x_wconf 87' lang='grc' dir='ltr'><strong><em>κατά</em></strong></span> <span class='ocrx_word' id='word_1_228' title='bbox 471 3008 521 3076; x_wconf 79' lang='grc' dir='ltr'><strong><em>τῆς</em></strong></span> <span class='ocrx_word' id='word_1_229' title='bbox 534 3001 638 3062; x_wconf 82' lang='grc' dir='ltr'><strong><em>ἕαυτου</em></strong></span> <span class='ocrx_word' id='word_1_230' title='bbox 628 3007 779 3097; x_wconf 83' lang='grc' dir='ltr'><strong><em>κεφαλῆς</em></strong></span> <span class='ocrx_word' id='word_1_231' title='bbox 793 3003 926 3076; x_wconf 77' lang='grc' dir='ltr'><strong><em>ἔξεχέετο</em></strong></span> <span class='ocrx_word' id='word_1_232' title='bbox 946 2962 995 3090; x_wconf 74' lang='grc' dir='ltr'><strong><em>κάλ</em></strong></span> <span class='ocrx_word' id='word_1_233' title='bbox 1008 3003 1136 3064; x_wconf 77' lang='grc' dir='ltr'><strong><em>ἕκαλειτο</em></strong></span> <span class='ocrx_word' id='word_1_234' title='bbox 1150 3001 1337 3076; x_wconf 76' lang='grc' dir='ltr'><strong><em>ἑωλοκρασία.</em></strong></span> 
     </span>
     <span class='ocr_line' id='line_1_31' title="bbox 194 3069 1336 3145; baseline 0.004 -17"><span class='ocrx_word' id='word_1_235' title='bbox 194 3069 370 3144; x_wconf 85' lang='grc' dir='ltr'><strong><em>λαμβάνεται</em></strong></span> <span class='ocrx_word' id='word_1_236' title='bbox 390 3071 421 3128; x_wconf 72' lang='grc' dir='ltr'><strong><em>δὲ</em></strong></span> <span class='ocrx_word' id='word_1_237' title='bbox 441 3069 488 3128; x_wconf 77' lang='grc' dir='ltr'><strong><em>ίιιλ</em></strong></span> <span class='ocrx_word' id='word_1_238' title='bbox 506 3078 664 3145; x_wconf 83' lang='grc' dir='ltr'><strong><em>κατηγοριηι</em></strong></span> <span class='ocrx_word' id='word_1_239' title='bbox 688 3069 817 3144; x_wconf 79' lang='grc' dir='ltr'><strong><em>άρχαίιον</em></strong></span> <span class='ocrx_word' id='word_1_240' title='bbox 841 3072 1022 3145; x_wconf 85' lang='grc' dir='ltr'><strong><em>πραγμάτων.</em></strong></span> <span class='ocrx_word' id='word_1_241' title='bbox 1060 3081 1096 3130; x_wconf 76' lang='grc' dir='ltr'><strong><em>ολ.</em></strong></span> <span class='ocrx_word' id='word_1_242' title='bbox 1116 3079 1230 3130; x_wconf 79' lang='lat' dir='ltr'>Photius</span> <span class='ocrx_word' id='word_1_243' title='bbox 1248 3081 1336 3132; x_wconf 77' lang='lat' dir='ltr'>Zona</span> 
     </span>
     <span class='ocr_line' id='line_1_32' title="bbox 194 3145 1336 3229; baseline 0.003 -33"><span class='ocrx_word' id='word_1_244' title='bbox 194 3162 240 3196; x_wconf 77' lang='lat' dir='ltr'><strong><em>ras</em></strong></span> <span class='ocrx_word' id='word_1_245' title='bbox 258 3145 356 3196; x_wconf 74' lang='lat' dir='ltr'>suidas</span> <span class='ocrx_word' id='word_1_246' title='bbox 375 3146 460 3196; x_wconf 81' lang='lat' dir='ltr'>schol.</span> <span class='ocrx_word' id='word_1_247' title='bbox 485 3147 600 3196; x_wconf 78' lang='lat' dir='ltr'>Lucian.</span> <span class='ocrx_word' id='word_1_248' title='bbox 620 3149 662 3198; x_wconf 85' lang='lat'><strong><em>111</em></strong></span> <span class='ocrx_word' id='word_1_249' title='bbox 686 3165 712 3213; x_wconf 85' lang='lat' dir='ltr'><strong><em>p.</em></strong></span> <span class='ocrx_word' id='word_1_250' title='bbox 738 3147 791 3225; x_wconf 68' lang='grc'><strong><em>1211</em></strong></span> <span class='ocrx_word' id='word_1_251' title='bbox 823 3145 1233 3199; x_wconf 71' lang='lat' dir='ltr'><em>Eustathius0511305.-</em></span> <span class='ocrx_word' id='word_1_252' title='bbox 1268 3151 1336 3229; x_wconf 77' lang='lat' dir='ltr'><strong>Ety-</strong></span> 
     </span>
     <span class='ocr_line' id='line_1_33' title="bbox 194 3166 1336 3298; baseline 0.002 -34"><span class='ocrx_word' id='word_1_253' title='bbox 194 3213 356 3290; x_wconf 67' lang='lat' dir='ltr'>mologietqn</span> <span class='ocrx_word' id='word_1_254' title='bbox 381 3230 521 3290; x_wconf 78' lang='lat' dir='ltr'><strong>magnum:</strong></span> <span class='ocrx_word' id='word_1_255' title='bbox 545 3166 744 3298; x_wconf 64' lang='grc' dir='ltr'><strong><em>Κρτταβίζλιν,</em></strong></span> <span class='ocrx_word' id='word_1_256' title='bbox 764 3210 795 3266; x_wconf 89' lang='grc' dir='ltr'><strong><em>τὸ</em></strong></span> <span class='ocrx_word' id='word_1_257' title='bbox 813 3213 851 3298; x_wconf 79' lang='grc' dir='ltr'><strong><em>τιβ</em></strong></span> <span class='ocrx_word' id='word_1_258' title='bbox 873 3209 1002 3294; x_wconf 82' lang='grc' dir='ltr'><strong><em>κοττάβῳ</em></strong></span> <span class='ocrx_word' id='word_1_259' title='bbox 1028 3213 1158 3298; x_wconf 71' lang='grc' dir='ltr'><strong><em>χρῆσθαί</em></strong></span> <span class='ocrx_word' id='word_1_260' title='bbox 1178 3231 1268 3292; x_wconf 83' lang='grc' dir='ltr'><strong><em>φασιν</em></strong></span> <span class='ocrx_word' id='word_1_261' title='bbox 1285 3208 1336 3266; x_wconf 80' lang='grc' dir='ltr'><strong><em>Ἀτ-</em></strong></span> 
     </span>
     <span class='ocr_line' id='line_1_34' title="bbox 193 3267 1336 3366; baseline 0.004 -36"><span class='ocrx_word' id='word_1_262' title='bbox 193 3279 281 3358; x_wconf 89' lang='grc' dir='ltr'><strong><em>τικοί,</em></strong></span> <span class='ocrx_word' id='word_1_263' title='bbox 307 3271 371 3346; x_wconf 76' lang='grc' dir='ltr'><strong><em>οῦχλ</em></strong></span> <span class='ocrx_word' id='word_1_264' title='bbox 394 3273 426 3332; x_wconf 87' lang='grc' dir='ltr'><strong><em>τό</em></strong></span> <span class='ocrx_word' id='word_1_265' title='bbox 450 3271 589 3348; x_wconf 81' lang='grc' dir='ltr'><strong><em>ίμειν,</em></strong></span> <span class='ocrx_word' id='word_1_266' title='bbox 568 3297 661 3366; x_wconf 84' lang='grc' dir='ltr'><strong><em>ωσπερ</em></strong></span> <span class='ocrx_word' id='word_1_267' title='bbox 685 3299 712 3334; x_wconf 95' lang='grc' dir='ltr'><strong><em>οι</em></strong></span> <span class='ocrx_word' id='word_1_268' title='bbox 737 3283 790 3334; x_wconf 89' lang='grc' dir='ltr'><strong><em>νῦν</em></strong></span> <span class='ocrx_word' id='word_1_269' title='bbox 808 3267 948 3348; x_wconf 86' lang='grc' dir='ltr'><strong><em>λεγουσιν.</em></strong></span> <span class='ocrx_word' id='word_1_270' title='bbox 985 3276 1051 3336; x_wconf 86' lang='grc' dir='ltr'><strong><em>ὁδε</em></strong></span> <span class='ocrx_word' id='word_1_271' title='bbox 1070 3271 1243 3346; x_wconf 87' lang='grc' dir='ltr'><strong><em>κότταβος</em></strong></span> <span class='ocrx_word' id='word_1_272' title='bbox 1225 3301 1262 3349; x_wconf 91' lang='grc' dir='ltr'><strong><em>ην</em></strong></span> <span class='ocrx_word' id='word_1_273' title='bbox 1279 3299 1336 3334; x_wconf 90' lang='grc' dir='ltr'><strong><em>τοι</em></strong></span> 
     </span>
     <span class='ocr_line' id='line_1_35' title="bbox 194 3320 1337 3428; baseline 0.003 -29"><span class='ocrx_word' id='word_1_274' title='bbox 194 3342 280 3400; x_wconf 81' lang='grc' dir='ltr'><strong><em>οῦτόκ</em></strong></span> <span class='ocrx_word' id='word_1_275' title='bbox 302 3363 338 3400; x_wconf 90' lang='grc' dir='ltr'><strong><em>τι</em></strong></span> <span class='ocrx_word' id='word_1_276' title='bbox 358 3341 492 3400; x_wconf 84' lang='grc' dir='ltr'><strong><em>λεκάνιον</em></strong></span> <span class='ocrx_word' id='word_1_277' title='bbox 511 3320 544 3400; x_wconf 74' lang='grc' dir='ltr'><strong><em>ἔν</em></strong></span> <span class='ocrx_word' id='word_1_278' title='bbox 558 3349 596 3415; x_wconf 74' lang='grc' dir='ltr'><strong><em>τῷ</em></strong></span> <span class='ocrx_word' id='word_1_279' title='bbox 613 3345 688 3416; x_wconf 85' lang='grc' dir='ltr'><strong><em>μεσω</em></strong></span> <span class='ocrx_word' id='word_1_280' title='bbox 706 3351 840 3428; x_wconf 86' lang='grc' dir='ltr'><strong><em>κείμενον</em></strong></span> <span class='ocrx_word' id='word_1_281' title='bbox 857 3349 908 3403; x_wconf 90' lang='grc' dir='ltr'><strong><em>τοῦ</em></strong></span> <span class='ocrx_word' id='word_1_282' title='bbox 926 3351 1096 3428; x_wconf 87' lang='grc' dir='ltr'><strong><em>συμποσίου,</em></strong></span> <span class='ocrx_word' id='word_1_283' title='bbox 1116 3347 1182 3428; x_wconf 70' lang='grc' dir='ltr'><strong><em>ἕχον</em></strong></span> <span class='ocrx_word' id='word_1_284' title='bbox 1200 3343 1337 3402; x_wconf 78' lang='grc' dir='ltr'><strong><em>ἒπιπλέον</em></strong></span> 
     </span>
     <span class='ocr_line' id='line_1_36' title="bbox 195 3405 1336 3498; baseline 0.002 -30"><span class='ocrx_word' id='word_1_285' title='bbox 195 3433 292 3480; x_wconf 89' lang='grc' dir='ltr'><strong><em>ετερον</em></strong></span> <span class='ocrx_word' id='word_1_286' title='bbox 310 3411 442 3494; x_wconf 90' lang='grc' dir='ltr'><strong><em>σμικρόν,</em></strong></span> <span class='ocrx_word' id='word_1_287' title='bbox 467 3434 482 3468; x_wconf 91' lang='grc' dir='ltr'><strong><em>ο</em></strong></span> <span class='ocrx_word' id='word_1_288' title='bbox 469 3405 561 3469; x_wconf 71' lang='grc' dir='ltr'><strong><em>“ἔδει</em></strong></span> <span class='ocrx_word' id='word_1_289' title='bbox 586 3419 747 3471; x_wconf 76' lang='grc' dir='ltr'><strong><em>καταδῦσαι</em></strong></span> <span class='ocrx_word' id='word_1_290' title='bbox 770 3413 820 3470; x_wconf 85' lang='grc' dir='ltr'><strong><em>τόν</em></strong></span> <span class='ocrx_word' id='word_1_291' title='bbox 838 3415 993 3496; x_wconf 77' lang='grc' dir='ltr'><strong><em>πέμψαντα</em></strong></span> <span class='ocrx_word' id='word_1_292' title='bbox 1017 3413 1048 3470; x_wconf 84' lang='grc' dir='ltr'><strong><em>τὸ</em></strong></span> <span class='ocrx_word' id='word_1_293' title='bbox 1066 3413 1198 3498; x_wconf 86' lang='grc' dir='ltr'><strong><em>περιττὸν</em></strong></span> <span class='ocrx_word' id='word_1_294' title='bbox 1217 3418 1267 3470; x_wconf 90' lang='grc' dir='ltr'><strong><em>τοῦ</em></strong></span> <span class='ocrx_word' id='word_1_295' title='bbox 1285 3413 1336 3470; x_wconf 84' lang='grc' dir='ltr'><strong><em>πά·</em></strong></span> 
     </span>
     <span class='ocr_line' id='line_1_37' title="bbox 193 3473 1337 3568; baseline 0.003 -34"><span class='ocrx_word' id='word_1_296' title='bbox 193 3501 290 3563; x_wconf 86' lang='grc' dir='ltr'><strong><em>ματος.</em></strong></span> <span class='ocrx_word' id='word_1_297' title='bbox 307 3473 365 3568; x_wconf 78' lang='lat'><strong><em>55</em></strong></span> <span class='ocrx_word' id='word_1_298' title='bbox 383 3480 415 3535; x_wconf 65' lang='grc' dir='ltr'><strong><em>δὲ</em></strong></span> <span class='ocrx_word' id='word_1_299' title='bbox 433 3485 517 3536; x_wconf 89' lang='grc' dir='ltr'><strong><em>τοῦτο</em></strong></span> <span class='ocrx_word' id='word_1_300' title='bbox 536 3491 655 3552; x_wconf 85' lang='grc' dir='ltr'><strong><em>σημειον</em></strong></span> <span class='ocrx_word' id='word_1_301' title='bbox 672 3488 723 3540; x_wconf 88' lang='grc' dir='ltr'><strong><em>τοῦ</em></strong></span> <span class='ocrx_word' id='word_1_302' title='bbox 743 3479 900 3552; x_wconf 76' lang='grc' dir='ltr'><strong><em>ίροῐοθαι</em></strong></span> <span class='ocrx_word' id='word_1_303' title='bbox 885 3482 942 3539; x_wconf 86' lang='grc' dir='ltr'><strong><em>υπὸ</em></strong></span> <span class='ocrx_word' id='word_1_304' title='bbox 960 3477 1262 3562; x_wconf 76' lang='grc' dir='ltr'><strong><em>γυναικδςῆπαίδων.</em></strong></span> <span class='ocrx_word' id='word_1_305' title='bbox 1287 3483 1337 3538; x_wconf 85' lang='grc' dir='ltr'><strong><em>καλ</em></strong></span> 
     </span>
     <span class='ocr_line' id='line_1_38' title="bbox 193 3543 1335 3674; baseline 0.001 -71.021"><span class='ocrx_word' id='word_1_306' title='bbox 193 3543 317 3604; x_wconf 80' lang='grc' dir='ltr'><strong><em>άθλα</em></strong></span> <span class='ocrx_word' id='word_1_307' title='bbox 287 3570 314 3604; x_wconf 91' lang='grc' dir='ltr'><strong><em>οι</em></strong></span> <span class='ocrx_word' id='word_1_308' title='bbox 334 3551 468 3612; x_wconf 76' lang='grc' dir='ltr'><strong><em>νικῶντες</em></strong></span> <span class='ocrx_word' id='word_1_309' title='bbox 482 3545 645 3674; x_wconf 65' lang='grc' dir='ltr'><strong><em>ίλάμβδανον</em></strong></span> <span class='ocrx_word' id='word_1_310' title='bbox 662 3555 907 3614; x_wconf 85' lang='grc' dir='ltr'><strong><em>πλακουντίοκους</em></strong></span> <span class='ocrx_word' id='word_1_311' title='bbox 927 3545 945 3621; x_wconf 87' lang='lat'><strong><em>5</em></strong></span> <span class='ocrx_word' id='word_1_312' title='bbox 962 3555 1169 3632; x_wconf 82' lang='grc' dir='ltr'><strong><em>σησαμοῦντος,</em></strong></span> <span class='ocrx_word' id='word_1_313' title='bbox 1185 3571 1260 3633; x_wconf 82' lang='grc' dir='ltr'><strong><em>απερ</em></strong></span> <span class='ocrx_word' id='word_1_314' title='bbox 1272 3571 1335 3605; x_wconf 82' lang='grc' dir='ltr'><strong><em>κοτ</em></strong></span> 
     </span>
     <span class='ocr_line' id='line_1_39' title="bbox 194 3613 1336 3744; baseline 0.002 -72"><span class='ocrx_word' id='word_1_315' title='bbox 194 3615 280 3701; x_wconf 86' lang='grc' dir='ltr'><strong><em>τάβια</em></strong></span> <span class='ocrx_word' id='word_1_316' title='bbox 299 3615 404 3687; x_wconf 72' lang='grc' dir='ltr'><strong><em>ἔλεγον.</em></strong></span> <span class='ocrx_word' id='word_1_317' title='bbox 441 3613 457 3672; x_wconf 91' lang='lat'><strong><em>5</em></strong></span> <span class='ocrx_word' id='word_1_318' title='bbox 451 3617 594 3702; x_wconf 64' lang='grc' dir='ltr'><strong><em>ημοςδλ</em></strong></span> <span class='ocrx_word' id='word_1_319' title='bbox 619 3615 747 3676; x_wconf 81' lang='grc' dir='ltr'><strong><em>ίκαλειτο</em></strong></span> <span class='ocrx_word' id='word_1_320' title='bbox 764 3616 862 3744; x_wconf 56' lang='grc' dir='ltr'><strong><em>λάταξ.</em></strong></span> <span class='ocrx_word' id='word_1_321' title='bbox 900 3619 948 3674; x_wconf 82' lang='grc' dir='ltr'><strong><em>καλ</em></strong></span> <span class='ocrx_word' id='word_1_322' title='bbox 966 3613 1214 3688; x_wconf 81' lang='grc' dir='ltr'><strong><em>άποκοτταβίζειν,</em></strong></span> <span class='ocrx_word' id='word_1_323' title='bbox 1232 3613 1336 3674; x_wconf 84' lang='grc' dir='ltr'><strong><em>τόάπό</em></strong></span> 
     </span>
     <span class='ocr_line' id='line_1_40' title="bbox 193 3682 1335 3757; baseline 0.002 -17"><span class='ocrx_word' id='word_1_324' title='bbox 193 3689 246 3743; x_wconf 87' lang='grc' dir='ltr'><strong><em>τοῦ</em></strong></span> <span class='ocrx_word' id='word_1_325' title='bbox 268 3689 406 3756; x_wconf 86' lang='grc' dir='ltr'><strong><em>ποτηρίου</em></strong></span> <span class='ocrx_word' id='word_1_326' title='bbox 428 3682 461 3742; x_wconf 83' lang='grc' dir='ltr'><strong><em>τά</em></strong></span> <span class='ocrx_word' id='word_1_327' title='bbox 483 3685 711 3756; x_wconf 86' lang='grc' dir='ltr'><strong><em>υπολειπόμενον</em></strong></span> <span class='ocrx_word' id='word_1_328' title='bbox 734 3709 811 3757; x_wconf 86' lang='grc' dir='ltr'><strong><em>πομα</em></strong></span> <span class='ocrx_word' id='word_1_329' title='bbox 851 3690 944 3754; x_wconf 80' lang='grc' dir='ltr'><strong><em>ξεράν.</em></strong></span> <span class='ocrx_word' id='word_1_330' title='bbox 981 3693 1016 3742; x_wconf 77' lang='grc' dir='ltr'><strong><em>ολ,</em></strong></span> <span class='ocrx_word' id='word_1_331' title='bbox 1037 3691 1134 3743; x_wconf 84' lang='lat' dir='ltr'>Pollux</span> <span class='ocrx_word' id='word_1_332' title='bbox 1152 3693 1191 3741; x_wconf 81' lang='lat' dir='ltr'><strong><em>VI</em></strong></span> <span class='ocrx_word' id='word_1_333' title='bbox 1211 3691 1259 3741; x_wconf 78' lang='lat'><strong><em>100</em></strong></span> <span class='ocrx_word' id='word_1_334' title='bbox 1277 3707 1335 3756; x_wconf 70' lang='lat' dir='ltr'>sqq.</span> 
     </span>
    </p>
   </div>
   <div class='ocr_carea' id='block_1_6' title="bbox 195 3757 1335 3894">
    <p class='ocr_par' dir='ltr' id='par_1_14' title="bbox 195 3757 1335 3894">
     <span class='ocr_line' id='line_1_41' title="bbox 195 3757 1335 3826; baseline 0 -18"><span class='ocrx_word' id='word_1_335' title='bbox 195 3759 355 3810; x_wconf 74' lang='lat' dir='ltr'>Athenaeus</span> <span class='ocrx_word' id='word_1_336' title='bbox 382 3759 486 3824; x_wconf 84' lang='lat' dir='ltr'>xvp.</span> <span class='ocrx_word' id='word_1_337' title='bbox 510 3759 560 3808; x_wconf 75' lang='lat'><strong><em>565</em></strong></span> <span class='ocrx_word' id='word_1_338' title='bbox 584 3761 600 3810; x_wconf 88' lang='lat' dir='ltr'><strong>d</strong></span> <span class='ocrx_word' id='word_1_339' title='bbox 624 3777 681 3826; x_wconf 82' lang='lat' dir='ltr'>sqq.</span> <span class='ocrx_word' id='word_1_340' title='bbox 727 3761 812 3812; x_wconf 80' lang='lat' dir='ltr'>schol.</span> <span class='ocrx_word' id='word_1_341' title='bbox 838 3761 976 3826; x_wconf 79' lang='lat' dir='ltr'>Aristoph.</span> <span class='ocrx_word' id='word_1_342' title='bbox 1001 3761 1064 3810; x_wconf 88' lang='lat' dir='ltr'>nub.</span> <span class='ocrx_word' id='word_1_343' title='bbox 1097 3757 1162 3810; x_wconf 78' lang='lat'>1069</span> <span class='ocrx_word' id='word_1_344' title='bbox 1190 3775 1250 3826; x_wconf 79' lang='grc' dir='ltr'><strong><em>μετ.</em></strong></span> <span class='ocrx_word' id='word_1_345' title='bbox 1276 3759 1335 3812; x_wconf 76' lang='grc'><strong><em>312.</em></strong></span> 
     </span>
     <span class='ocr_line' id='line_1_42' title="bbox 197 3777 674 3894; baseline 0.004 -18"><span class='ocrx_word' id='word_1_346' title='bbox 197 3777 674 3894; x_wconf 51' lang='lat' dir='ltr'><em>12435011015110155.11p.325q</em></span> 
     </span>
    </p>
   </div>
   <div class='ocr_carea' id='block_1_7' title="bbox 195 4007 1338 4180">
    <p class='ocr_par' dir='ltr' id='par_1_15' title="bbox 195 4007 1338 4180">
     <span class='ocr_line' id='line_1_43' title="bbox 280 4007 1338 4092; baseline -0.002 -16"><span class='ocrx_word' id='word_1_347' title='bbox 280 4023 358 4090; x_wconf 79' lang='grc' dir='ltr'><strong><em>δερ.</em></strong></span> <span class='ocrx_word' id='word_1_348' title='bbox 375 4007 458 4072; x_wconf 79' lang='grc' dir='ltr'><strong><em>οῖ’</em></strong></span> <span class='ocrx_word' id='word_1_349' title='bbox 425 4033 489 4076; x_wconf 86' lang='grc' dir='ltr'><strong><em>τοτε</em></strong></span> <span class='ocrx_word' id='word_1_350' title='bbox 511 4035 540 4074; x_wconf 94' lang='grc' dir='ltr'><strong><em>οι</em></strong></span> <span class='ocrx_word' id='word_1_351' title='bbox 560 4015 721 4092; x_wconf 86' lang='grc' dir='ltr'><strong><em>κωμασταί.</em></strong></span> <span class='ocrx_word' id='word_1_352' title='bbox 742 4021 845 4091; x_wconf 68' lang='lat'><em>5550:</em></span> <span class='ocrx_word' id='word_1_353' title='bbox 877 4036 973 4076; x_wconf 81' lang='lat' dir='ltr'><strong><em>veram</em></strong></span> <span class='ocrx_word' id='word_1_354' title='bbox 996 4021 1205 4076; x_wconf 77' lang='grc' dir='ltr'><strong><em>διἐλίιτολίοπιντ</em></strong></span> <span class='ocrx_word' id='word_1_355' title='bbox 1231 4021 1338 4076; x_wconf 71' lang='lat' dir='ltr'><strong><em>invenit</em></strong></span> 
     </span>
     <span class='ocr_line' id='line_1_44' title="bbox 195 4091 1336 4180; baseline 0 -20"><span class='ocrx_word' id='word_1_356' title='bbox 195 4101 317 4160; x_wconf 70' lang='grc' dir='ltr'><strong><em>Κολλίνα</em></strong></span> <span class='ocrx_word' id='word_1_357' title='bbox 331 4095 344 4180; x_wconf 75' lang='grc' dir='ltr'>Η</span> <span class='ocrx_word' id='word_1_358' title='bbox 359 4091 531 4178; x_wconf 80' lang='grc' dir='ltr'><strong><em>τοῦτον]</em></strong></span> <span class='ocrx_word' id='word_1_359' title='bbox 496 4101 595 4160; x_wconf 66' lang='lat' dir='ltr'><strong><em>amin</em></strong></span> <span class='ocrx_word' id='word_1_360' title='bbox 608 4104 805 4162; x_wconf 74' lang='grc' dir='ltr'><strong><em>Οτοιίδτοίιλαε</em></strong></span> <span class='ocrx_word' id='word_1_361' title='bbox 820 4105 1035 4178; x_wconf 79' lang='grc' dir='ltr'><strong><em>απλληιιοελεολα</em></strong></span> <span class='ocrx_word' id='word_1_362' title='bbox 1061 4104 1206 4162; x_wconf 77' lang='grc' dir='ltr'><strong><em>λἀνεειολιι</em></strong></span> <span class='ocrx_word' id='word_1_363' title='bbox 1218 4104 1336 4162; x_wconf 78' lang='lat' dir='ltr'><strong><em>Samml.</em></strong></span> 
     </span>
    </p>
   </div>
   <div class='ocr_carea' id='block_1_8' title="bbox 198 4191 373 4260">
    <p class='ocr_par' dir='ltr' id='par_1_16' title="bbox 198 4191 373 4260">
     <span class='ocr_line' id='line_1_45' title="bbox 198 4191 373 4260; baseline -0.006 -17"><span class='ocrx_word' id='word_1_364' title='bbox 198 4192 295 4260; x_wconf 64' lang='grc' dir='ltr'><strong><em>ιρις</em></strong></span> <span class='ocrx_word' id='word_1_365' title='bbox 318 4191 373 4242; x_wconf 74' lang='grc' dir='ltr'><strong><em>εει</em></strong></span> 
     </span>
    </p>
   </div>
   <div class='ocr_carea' id='block_1_9' title="bbox 0 0 1592 5058">
    <p class='ocr_par' dir='ltr' id='par_1_17' title="bbox 0 0 1592 5058">
     <span class='ocr_line' id='line_1_46' title="bbox 0 0 1592 5058; baseline 0 0"><span class='ocrx_word' id='word_1_366' title='bbox 0 0 1592 5058; x_wconf 95' lang='lat' dir='ltr'><strong><em> </em></strong></span> 
     </span>
    </p>
   </div>
  </div>
 </body>
</html>
