3078 5072
264 389 302 454 16
521 409 523 423 ·
632 401 675 446 os
699 397 786 448 muts
808 397 1022 444 rutvsrarevs

262 557 426 625 Caecilius
447 551 632 619 comoedias
656 553 881 637 scripserunt}
915 549 1034 617 Latina
1054 549 1206 622 Atellano
1230 571 1250 614 a
1272 549 1403 618 Graeca

221 675 227 684 ·
262 659 406 747 satyrica
427 657 551 738 differt,
592 655 678 742 quod
708 655 742 718 in
769 654 912 740 satyrica
937 653 1006 716 fere
1031 661 1213 738 satyrorum
1222 675 1403 742 ‚personae

261 763 474 836 inducuntur,
505 767 562 822 aut
585 761 698 844 siquae
719 763 795 820 sunt
816 753 972 819 ridiculae
995 755 1118 820 similes
1139 757 1276 840 satyris,
1298 755 1402 819 Auto-

260 865 354 952 lycus
375 861 517 941 Busiris,
539 861 574 923 in
593 857 745 923 Atellana
765 856 870 922 Oscae
891 879 1065 943 personae,
1088 867 1124 921 ut
1144 856 1287 921 Maccus.

347 963 547 1048 (Poematos)
576 960 736 1047 exegetioi
769 957 822 1021 uel
855 960 1041 1026 enarratiui.
1061 960 1187 1046 species
1217 967 1291 1022 sunt
1322 965 1425 1039 treas

261 1067 423 1152 angeltice
444 1065 597 1130 historice
620 1060 827 1126 didascalice.
869 1060 1032 1146 angeltice
1054 1071 1104 1124 est
1129 1081 1193 1147 qua
1220 1061 1401 1124 sententiae

261 1169 464 1250 scribuntur,
498 1175 535 1230 ιιι
557 1173 607 1230 εει
628 1157 829 1248 Theognidis
852 1161 950 1244 liber,
979 1163 1057 1226 item
1080 1162 1197 1227 chriae.
1245 1161 1401 1226 historice

262 1281 313 1336 est
334 1291 398 1358 qua
419 1255 623 1335 narrationes
641 1277 674 1332 et
694 1251 906 1350 genealogiae
928 1275 1169 1350 conponuntur,
1190 1273 1226 1328 ut
1241 1274 1291 1329 cst
1307 1253 1402 1326 ‘Hor-

262 1369 346 1438 όδου
379 1368 551 1454 γυναικῶν
583 1361 766 1448 κατάλογος
793 1375 825 1428 ει
859 1366 987 1430 similia.
1036 1365 1234 1432 didascalice
1260 1375 1309 1430 εει
1335 1389 1400 1453 qua

201 1555 207 1562 ι
262 1473 537 1561 conprehenditur
557 1467 762 1557 philosophia
783 1475 819 1531 ut
843 1466 1052 1554 Empedoclis
1081 1478 1114 1533 ct
1143 1468 1292 1551 Lucreti,
1323 1471 1399 1533 item
1412 1492 1435 1530 m

263 1575 457 1660 astrologia,
480 1583 517 1638 ut
539 1572 761 1660 phaenomena
778 1559 918 1652 Ἀράτου
939 1577 971 1634 ει
987 1569 1170 1652 Ciceronis,
1193 1579 1226 1635 et
1245 1571 1402 1658 georgica

266 1673 403 1762 Vergilii
427 1676 527 1739 ethis
549 1673 678 1739 similia.
710 1695 720 1706 ·

349 1777 478 1843 Κοινοῦ
492 1776 546 1842 uel
564 1776 744 1841 communis
757 1783 923 1861 poematos
941 1775 1066 1861 species
1084 1775 1189 1862 prima
1204 1785 1253 1839 cst
1269 1775 1402 1840 heroica

263 1891 300 1945 ut
324 1891 374 1946 est
403 1880 524 1945 Iliados
553 1887 585 1942 et
612 1876 790 1952 Aeneidos,
824 1877 968 1942 secunda
997 1879 1061 1958 (εει
1088 1875 1191 1962 lyrica
1215 1885 1251 1940 ut
1272 1885 1321 1940 est
1343 1905 1399 1960 ss,

264 1987 361 2048 tertia
391 1986 452 2065 est)
482 1980 629 2065 elegiaca
652 1975 703 2062 (ut
733 1988 782 2042 εει
807 2007 861 2062 ιε,
890 1987 1006 2064 quarta
1032 1987 1083 2043 est
1108 1979 1261 2066 iambica)
1287 1988 1322 2042 ut
1350 1987 1433 2044 esta

265 2085 453 2150 Archilochi
480 2085 523 2168 [et
546 2079 725 2164 Horatiusl.

259 2317 429 2392 Ῥινθωνικὴ
448 2317 466 2391 ἦ
485 2315 601 2390 lentius}
614 2319 827 2400 πιανιιξεδαριά
846 2311 862 2388 ἡ
882 2319 1105 2400 κατασξοιαρία,
1124 2313 1225 2400 prpter}
1243 2312 1330 2398 sivoio
1349 2319 1399 2399 διῖ-

265 2397 320 2446 dev
359 2387 411 2460 όνη
430 2387 586 2459 σωζομένη,
611 2405 739 2458 argutae!
756 2383 809 2454 pio
828 2383 930 2456 ἔχουσα
949 2383 1050 2454 ουδέν,
1075 2383 1147 2455 λόγῳ
1168 2405 1258 2454 μονον
1280 2405 1312 2440 το
1330 2389 1399 2456 πλη-

264 2465 319 2522 θος
332 2412 476 2528 dissipemur
495 2455 601 2527 γέλωτι.
616 2461 764 2510 Commeat.
780 2458 861 2522 (frou.
876 2459 903 2506 iu
922 2459 989 2508 Hor.
1003 2465 1054 2508 art.
1068 2463 1141 2523 poet.
1154 2457 1216 2508 ⁸288:
1231 2455 1398 2523 praetextas]

265 2533 420 2597 ‘praetexta
438 2530 582 2596 tragoedia
601 2529 654 2578 luit
672 2545 688 2578 a
700 2531 844 2591 praetexta
858 2533 944 2588 ueste,
964 2541 1017 2590 qua
1036 2527 1184 2576 utolmutur
1202 2526 1309 2576 nobiles
1323 2528 1400 2590 pueri

264 2601 314 2650 suh
333 2599 481 2664 disciplina
499 2597 533 2646 ad
547 2613 646 2646 aunum
658 2610 741 2658 usque
755 2594 888 2643 decimum
908 2595 1039 2658 quintum.
1064 2601 1161 2660 togata
1179 2611 1244 2643 noro
1258 2595 1400 2644 comoedia

265 2668 317 2716 fuit
336 2685 352 2716 a
376 2675 441 2730 toga
459 2671 538 2716 ueste
556 2666 692 2722 Romano,
722 2663 881 2726 quaomnia
900 2678 980 2712 sexus
999 2663 1139 2727 omnisque
1159 2662 1284 2712 condicio
1303 2661 1398 2712 uteba-

265 2743 309 2784 tur
327 2735 397 2800 apud
417 2735 568 2791 Romanos,
587 2733 658 2781 unde
681 2736 722 2778 est
741 2731 816 2778 dieta
835 2747 901 2794 gens
921 2735 1025 2794 togata.
1062 2737 1159 2794 togata
1182 2738 1272 2780 sutem
1292 2745 1400 2780 comoe-

264 2803 311 2851 dia
329 2801 449 2851 differta
469 2801 599 2864 palliata,
618 2799 686 2863 qnod
705 2798 821 2862 palliata
838 2797 913 2848 dieta
925 2799 963 2847 sit
981 2797 1096 2864 apallio
1110 2801 1217 2848 Graeco
1231 2797 1398 2848 indumento.

264 2877 424 2934 praetextas
443 2875 470 2918 ct
489 2873 600 2932 togatas
623 2866 789 2930 scripserunt
812 2865 907 2914 Aelius
929 2866 1042 2928 Lamia,
1067 2867 1202 2916 Antonius
1224 2867 1325 2930 Rufus,
1349 2865 1398 2915 Cu.

265 2935 349 2999 (imaro
362 2935 408 3002 C.)
423 2936 563 2996 Melissus,
578 2934 714 2994 Afranius,
734 2931 917 2998 [Africanus‚]
937 2935 1110 2998 Pomponius.
1136 2935 1290 2984 fabularum
1308 2939 1399 2982 autem

264 3007 448 3096 Romanarum
471 3019 574 3068 genera
597 3002 727 3066 utrinque:
764 3003 882 3050 stataria
904 3003 1021 3052 motoria
1041 3008 1218 3067 praetextata
1239 3003 1400 3072 tabernaria

264 3079 293 3122 to
314 3079 371 3124 ala.

294 3089 312 3139 g
351 3139 432 3204 lisq.
458 3135 776 3201 Quintilianule,lllir
801 3137 844 3186 ‘At
857 3137 1002 3201 lyricorum
1016 3137 1087 3187 idem
1102 3139 1232 3188 Horatius
1247 3139 1304 3186 fere
1326 3137 1401 3188 solus

264 3209 321 3273 legi
346 3207 454 3272 digrms.
490 3223 553 3256 narn
575 3211 601 3254 et
623 3205 741 3270 insurgit
765 3205 912 3269 aliquando
937 3213 964 3254 et
988 3205 1085 3272 plenus
1110 3215 1152 3256 est
1174 3207 1353 3256 iucrmditatis
1372 3213 1401 3254 et

222 3264 231 3284 '
264 3278 372 3342 gratiae
397 3283 425 3324 et
447 3276 541 3325 uarius
564 3271 656 3337 liguris
677 3279 705 3322 et
729 3273 822 3322 uerbis
846 3272 1006 3323 felicissime
1032 3275 1130 3324 aurlox.
1160 3275 1264 3340 siquem
1289 3274 1400 3323 adicere

264 3346 348 3406 uelis,
378 3345 400 3393 is
426 3345 478 3393 erit
501 3343 613 3392 Cassius
637 3343 754 3402 Bassus,
778 3357 856 3406 quem
885 3357 971 3408 nuper
995 3343 1125 3404 uidimus3
1162 3343 1210 3392 sed
1234 3357 1294 3392 eum
1318 3341 1399 3406 longe

161 3445 174 3466 .
264 3413 435 3478 praecedunt
453 3412 563 3476 ingenia
580 3407 757 3460 uiuentium’

348 3679 365 3731 2
385 3669 416 3728 in
436 3667 566 3750 satyrica
586 3687 616 3736 5:
640 3667 809 3748 ineatyrica
832 3667 918 3722 ΑΒΜ
935 3660 948 3747 Η
970 3666 1151 3729 3autolicus
1169 3669 1256 3726 ΑΒΜ
1273 3661 1287 3750 Η
1304 3667 1399 3729 4Bu-

264 3755 332 3814 siris
360 3757 541 3812 Caesulenus
571 3756 605 3810 de
629 3761 684 3810 set.
711 3756 793 3826 poesi
814 3771 846 3824 p.
869 3755 906 3806 95
933 3756 975 3812 ed.
998 3754 1115 3810 Bremia:
1149 3751 1302 3812 busiridis'
1316 3755 1402 3814 ΑΒΜ

264 3840 361 3899 burris
385 3861 402 3910 ς
422 3835 435 3921 Η
456 3835 629 3896 obscoenae
651 3855 799 3916 personae
823 3856 840 3905 ς
860 3831 873 3917 Η
893 3849 909 3898 5
935 3839 1097 3896 Poematos
1121 3843 1220 3898 addidi
1238 3834 1251 3919 Η
1266 3847 1281 3900 7
1298 3839 1400 3897 chriae

264 3931 288 3982 Α
318 3925 412 3984 diriae
439 3925 497 3984 ΒΜ
520 3943 572 3981 em.
603 3944 621 3992 ς
650 3920 663 4003 Η
693 3933 711 3985 8
738 3921 937 4000 hesiodugine
972 3923 1186 4000 concatalogos·
1217 3927 1270 3981 ΑΒ
1300 3925 1400 3982 hesio-

264 4011 375 4086 dugine
408 4009 620 4085 eontagalog'os
649 4011 680 4064 Μ
709 4006 837 4066 Hesiodi
869 4009 1032 4083 theogonia
1056 4029 1073 4078 ς
1102 4007 1115 4086 Η
1151 4020 1181 4070 10
1209 4007 1401 4087 philosophia

263 4103 296 4152 ut
318 4093 385 4152 libri
405 4095 546 4156 Varronis
568 4093 763 4171 Empedoclis
787 4093 920 4152 Lucretii
945 4113 962 4162 ς
982 4101 1013 4150 ιιι
1036 4113 1091 4150 om.
1117 4096 1204 4152 ΑΒΜ
1220 4091 1233 4174 Η
1258 4105 1285 4155 lt
1314 4105 1400 4152 aratu

264 4181 352 4237 ΑΒΜ
364 4175 376 4260 Η
393 4189 423 4241 13
439 4177 527 4256 Cynu
545 4181 597 4236 AB
619 4179 728 4258 Cynun
743 4180 776 4234 M
794 4172 808 4259 Η
833 4191 863 4241 to
877 4178 978 4236 iliadis
997 4181 1084 4235 ΑΒΜ
1102 4175 1114 4261 Η
1131 4189 1219 4238 εει-
1232 4189 1277 4237 εει
1295 4183 1401 4238 lacuna

262 4269 389 4323 indicata
416 4267 528 4322 addidi:
561 4262 715 4321 secundae
735 4263 815 4320 liaea
840 4269 864 4322 Α
889 4262 1024 4322 secunda
1051 4264 1149 4322 eliaca
1181 4267 1240 4322 ΒΜ
1265 4263 1402 4322 secunda

263 4349 361 4428 lyrica
386 4369 413 4418 ς,
444 4349 579 4408 secumla
608 4357 653 4407 est
677 4347 776 4426 lyrica
802 4351 913 4407 Kellios·
938 4345 952 4426 Η
981 4360 1011 4410 tt
1032 4348 1265 4409 ut—iambiea
1295 4353 1401 4408 tecuae

263 4439 387 4495 iudicata
406 4437 469 4492 item
486 4439 586 4492 addidi
604 4429 618 4517 Η
642 4443 672 4496 16
692 4431 836 4491 archiloei
859 4434 945 4491 ΑΒΜ
964 4429 976 4515 Η
1001 4445 1030 4492 ει
1056 4434 1202 4492 Horatius
1220 4439 1340 4493 seclusi:
1371 4443 1402 4492 et
