3072 5064
554 417 596 460 na
620 419 759 462 sarvam
786 417 895 461 naavu
1231 403 1294 468 223

10 617 11 658 p
237 565 432 632 Tonitmum
456 567 581 632 sonitus
609 567 734 632 tardius
759 575 911 655 penetrat
937 587 1033 630 aures
1061 588 1157 653 quam
1185 555 1407 632 oculosldd*

151 667 308 754 splendor
329 656 472 752 fulguris
502 668 543 734 ad
570 671 676 734 instar
699 669 821 734 secuda
843 667 992 732 arborem
1021 668 1135 756 procul
1159 667 1296 734 eaeden-

151 771 208 852 tis,
232 771 330 835 cuius
344 769 476 856 quidem
497 779 572 834 ante
591 771 698 836 cernis
715 771 815 834 ictum
834 791 931 856 quam
952 768 994 834 ad
1009 791 1104 834 aures
1127 773 1298 857 perueniat

152 877 285 936 sontem.
316 870 451 936 nubium
467 871 590 936 adtritu
608 887 764 935 rvuumu
781 872 1006 948 naseuntur;†
1022 893 1196 959 numquam
1210 873 1294 938 euim

131 995 268 1038 asereno
287 973 378 1038 caelo
402 970 534 1059 fulgura
552 975 750 1049 micuerunt,
769 973 856 1036 unde
878 980 912 1036 et
929 971 1106 1056 Virgilius:

306 1097 371 1140 non
394 1073 475 1139 alias
499 1073 589 1140 caelo
611 1075 800 1140 ceciderunt
822 1072 916 1160 plura
935 1095 1049 1140 sereno

306 1175 448 1261 fulgura.

152 1277 187 1341 fit
209 1278 298 1344 euIm
327 1277 451 1342 fulmen
471 1275 557 1342 nube
578 1276 682 1343 imbre
705 1286 737 1341 ct
759 1284 873 1358 uent03
914 1297 990 1340 narn
1017 1297 1090 1340 cum
1119 1287 1236 1341 uentus
1263 1280 1296 1342 in
1389 1327 1392 1334 .

152 1379 296 1444 nubibus
311 1378 521 1444 uehementer
539 1379 683 1465 agitatus
706 1387 773 1461 est,
796 1379 842 1441 sic
856 1377 1024 1442 incalescit
1036 1385 1073 1441 ut
1088 1379 1294 1462 accendatur,

122 1480 272 1544 ttdehinc
294 1479 427 1566 fulgura
448 1491 480 1544 ct
502 1481 647 1546 tonitrua
668 1477 764 1542 simul
787 1479 1031 1565 exprimuntur3
1062 1478 1119 1542 scd
1142 1476 1221 1543 illud
1245 1503 1296 1545 ce·

152 1581 252 1646 larius
275 1581 421 1664 uidetur,
448 1584 525 1668 quia
544 1581 668 1646 clarum
691 1589 755 1663 est,
778 1581 839 1644 hoc
861 1589 968 1644 autem
989 1579 1031 1644 ad
1053 1601 1149 1646 aures
1170 1582 1295 1646 tardius

151 1683 312 1770 peruenit.
340 1691 413 1770 post
427 1682 574 1748 fulminis
589 1691 696 1746 autem
709 1684 810 1746 ictum
825 1689 996 1746 uentorum
1009 1682 1030 1760 †
1042 1703 1210 1770 erumpere
1227 1683 1294 1748 uio-

239 1835 309 1892 lfl‘
328 1839 449 1889 Isidorus
467 1839 500 1889 dc
520 1844 620 1890 natura
638 1853 728 1888 rorum
746 1839 835 1888 XXX:
864 1839 919 1886 ‘De
939 1837 1108 1887 fulminibus.
1144 1839 1229 1888 Aiunt
1247 1855 1294 1888 na·

150 1908 283 1958 turalinm
302 1911 471 1958 scrutatores
489 1923 634 1958 causarum
653 1907 724 1972 quod
743 1923 776 1955 ex
789 1906 941 1955 conlisionc
956 1907 1044 1970 adque
1064 1906 1167 1956 adtritu
1185 1906 1295 1956 nubium

150 1976 263 2042 fulgura
288 1979 457 2040 generentur
479 1975 514 2024 ad
537 1977 626 2026 iustar
647 1974 755 2024 silicum
774 1974 923 2034 duriorum,
956 1989 1023 2038 quos
1046 1989 1107 2022 cum
1126 1975 1295 2040 conpulseris

150 2047 232 2106 ιίιιιιιιυ
244 2041 424 2108 comploseris)
435 2043 554 2092 inuicem
564 2043 627 2106 sibi,
638 2042 742 2092 medius
752 2058 786 2091 ex
795 2041 838 2092 his
849 2043 920 2106 ignis
933 2041 1054 2090 elabitur
1064 2040 1109 2090 uel
1122 2043 1294 2106 queamdmo-

150 2113 211 2161 dum
225 2113 250 2162 si
263 2112 367 2176 lignum
377 2111 452 2176 liguo
465 2117 549 2174 teras,
563 2113 654 2174 ignem
668 2111 778 2172 anuuit,
791 2111 862 2158 unde
876 2115 903 2158 ct
914 2109 1058 2173 Papinium
1069 2110 1133 2158 audi
1143 2110 1294 2160 dicentem:

317 2177 480 2244 fulguraque
501 2179 610 2229 adtritis
629 2179 756 2243 quotiens
774 2178 894 2227 micuere
914 2176 1052 2240 procellis.

150 2247 201 2298 bac
222 2249 318 2312 itaque
338 2248 445 2296 ratione
466 2263 525 2296 cum
544 2245 640 2296 nubila
659 2247 777 2295 inuicem
796 2247 825 2294 in
844 2260 873 2294 sc
896 2245 1006 2297 fuerint.
1019 2245 1138 2301 conlisa,
1159 2244 1223 2294 ilico
1241 2245 1293 2294 ful-

149 2316 224 2366 mina
244 2316 414 2365 emittuntur.
450 2313 549 2364 debinc
573 2319 702 2364 sectantur
720 2315 854 2374 tonitrua,
881 2327 950 2376 quac
970 2312 1036 2361 lieet
1059 2313 1149 2361 sonitu
1173 2313 1295 2361 tardiora

150 2385 205 2433 sint
224 2383 406 2448 praecedeuti
425 2383 551 2432 concussi
570 2381 679 2431 luminis
703 2381 832 2430 claritate
857 2381 962 2445 pariter
985 2385 1077 2428 tamen
1102 2395 1162 2428 cum
1186 2378 1294 2444 fulgure

150 2453 327 2501 emittuntur:
365 2449 413 2499 scd
437 2466 528 2500 corum
551 2451 684 2500 sonitus
707 2449 842 2498 tardius
941 2447 1126 2512 perueniat
1149 2448 1293 2496 sonitus.

151 2535 216 2584 crgo
242 2519 379 2568 nubium
404 2517 535 2568 adtritu
636 2515 760 2568 dehinc
784 2522 814 2565 ut
836 2516 1007 2581 praedictum
1026 2521 1067 2565 est
1086 2513 1225 2580 fulgura

151 2588 288 2636 ferrum.
330 2587 359 2634 in
383 2585 543 2636 fulminibus
567 2591 658 2636 autem
685 2591 842 2635 sanctorum
872 2584 1046 2648 accipluntur
1073 2583 1208 2632 ruinas-ula
1237 2583 1292 2632 cla-

150 2656 232 2704 ritate
257 2656 399 2720 signorum
422 2669 455 2702 nc
478 2655 609 2703 uirtutum
633 2653 765 2702 uricautia
790 2653 877 2716 adque
903 2653 938 2701 ad
960 2652 1057 2700 intima
1085 2651 1175 2700 cordis
1199 2665 1295 2715 parus-

150 2723 267 2772 nicntia.
288 2720 459 2772 SubIImia
473 2726 584 2772 tamon
598 2718 689 2770 loca’
704 2737 727 2770 c.
742 2737 766 2784 q.
780 2736 801 2769 s.
816 2719 937 2769 Isidorus
951 2720 1038 2784 origg.
1052 2719 1120 2770 XIII
1132 2717 1195 2784 Suq.
1232 2717 1293 2768 Ori·

151 2807 236 2854 genes
248 2788 344 2839 homil.
356 2789 384 2838 in
397 2789 492 2838 forem.
507 2789 619 2854 interpr.
634 2789 792 2852 Hieronym.
806 2789 822 2836 5
834 2793 898 2836 tom.
913 2789 936 2835 V
949 2803 1012 2852 pag.
1026 2786 1089 2835 797:
1110 2787 1201 2836 ‘aiunt
1215 2793 1293 2835 nutu-

151 2858 249 2907 ralium
260 2873 406 2906 caussarum
417 2861 594 2919 scrutatores,
609 2857 672 2922 (pria
684 2856 793 2920 fulgure.
806 2871 838 2904 ex
850 2855 961 2904 nubium
973 2855 1116 2904 collisione
1128 2859 1294 2918 generentur

151 2927 177 2974 in
190 2941 295 2975 rnorem
308 2925 415 2974 silicum
428 2925 580 2986 duriorum,
600 2939 666 2988 quos
680 2939 740 2972 curn
754 2923 932 2988 comploseris
945 2923 999 2972 sibi
1012 2923 1115 2972 medius
1134 2939 1166 2971 er
1180 2923 1222 2972 his
1237 2923 1293 2972 ela-

151 2993 224 3043 bitur
237 2993 324 3058 iguis:
340 2997 421 3057 atquc
436 2993 475 3042 ita
490 3007 550 3041 eram
563 2991 671 3056 fulgura
685 2993 788 3056 pariter
800 2995 829 3040 et
841 2992 963 3040 tonitrua
975 2991 1095 3055 mugire,
1109 2991 1227 3040 tonitruo
1241 2991 1292 3040 sei·

151 3061 216 3110 licet
234 3063 355 3110 sonitum
374 3061 513 3109 imlieantc
532 3075 680 3110 concussus
700 3060 853 3124 effulgere
873 3060 980 3108 excussi
999 3059 1109 3108 luminis
1127 3058 1293 3108 claritatem.

151 3130 264 3178 Servius
277 3128 372 3178 Aeml
390 3129 435 3176 4⁸2:
459 3125 621 3192 Enubibus]
640 3128 797 3177 ‘secuudum
816 3127 958 3190 physicos,
977 3127 1023 3191 qui
1036 3127 1132 3176 dicunt
1149 3125 1293 3175 collisione

151 3197 263 3246 nubium
276 3196 381 3245 fulmen
395 3194 503 3244 creari'
517 3197 702 3244 ServiusAcn.
717 3195 782 3243 VIII
796 3191 859 3244 429:
875 3195 957 3244 ‘Beue
973 3196 1000 3242 in
1012 3196 1157 3244 materiam
1171 3194 1294 3244 selmum

150 3266 233 3314 uertit
247 3281 282 3313 ea
296 3280 330 3312 ex
344 3265 441 3326 quibus
455 3263 558 3312 fulmen
571 3263 709 3324 nascitur,
728 3263 827 3312 nubem
840 3261 952 3310 imbrem
965 3268 1084 3312 uentum.
1108 3277 1171 3311 nam
1185 3267 1214 3310 nt
1226 3261 1292 3326 phy·

151 3333 200 3382 sici
215 3333 329 3392 uolunt,
349 3347 408 3380 cnm
421 3330 508 3380 nubes
521 3333 611 3380 uentis
625 3332 749 3396 agitatae
763 3338 835 3391 suut,
854 3331 894 3379 sic
909 3330 1083 3380 incalescunt
1096 3335 1124 3378 ut
1138 3329 1294 3380 accendan-

151 3399 212 3450 tur)
221 3427 253 3436 -
269 3399 417 3448 Lucretius
429 3399 467 3447 VI
482 3397 530 3448 160
542 3415 615 3464 sqq.:

303 3466 388 3532 fulgit
406 3468 486 3528 item,
506 3467 592 3516 nubes
604 3467 676 3532 ignis
690 3481 751 3515 cum
765 3467 870 3516 semina
883 3465 967 3515 multa

306 3549 450 3584 excussere
465 3549 513 3586 suo
527 3549 674 3596 concursu3
689 3551 740 3584 ceu
752 3534 872 3599 lapidem
887 3535 910 3582 si

304 3603 442 3667 percutiat
454 3601 525 3667 lapis
539 3603 712 3652 autfertum:
731 3618 795 3652 unm
807 3607 863 3651 tum
877 3617 981 3666 quoquc
1000 3599 1091 3650 lumen

305 3669 385 3720 exilit
398 3675 427 3720 ct
438 3669 530 3720 claras
543 3670 681 3720 scintillas
693 3669 811 3735 dissipat
823 3671 904 3733 iguis.

304 3737 353 3788 scd
365 3739 496 3788 tonitrum
514 3737 544 3787 fu
556 3739 595 3788 uti
607 3745 670 3803 post
687 3739 798 3788 attribue
812 3738 990 3802 accipiamus,

306 3805 411 3870 fulgere
426 3821 506 3870 quam
519 3812 635 3856 cernant
647 3805 729 3868 oculi,
749 3805 812 3870 quia
825 3821 932 3870 semper
946 3804 980 3852 ad
993 3804 1067 3852 auris

303 3873 410 3924 tardius
424 3873 574 3924 adueniuut
587 3889 668 3938 quam
680 3873 769 3924 uisum
782 3887 852 3938 quac
866 3877 996 3922 moueant
1009 3887 1061 3920 roe.

149 3971 354 3982 n——ss

236 4028 250 4079 l
267 4035 358 4076 auras
373 4033 426 4072 om.
443 4006 479 4070 Α1
496 4007 509 4092 Η
526 4013 622 4072 oculis
643 4009 682 4070 Α2
698 4005 742 4092 lli
765 4009 892 4087 fulgoris
909 4006 990 4092 ΑΒΗ
1006 4007 1110 4068 adstar
1128 4012 1156 4066 B
1170 4003 1215 4090 {lt
1235 4009 1291 4068 ful·

148 4101 228 4189 minp
249 4106 275 4160 A
296 4095 310 4181 {l
331 4112 347 4163 5
362 4099 482 4174 fulgora
502 4095 567 4156 AB²
582 4093 596 4180 ll
610 4093 962 4175 numquam-fulgura]
977 4099 1164 4154 sententiaeb
1183 4098 1295 4156 Isidoro

147 4189 312 4244 breviatorc
324 4192 464 4257 corrupta
479 4181 492 4264 Η
516 4186 599 4258 Verp.
611 4201 709 4258 peorp.
725 4184 744 4240 Ι
757 4187 817 4240 487
830 4176 844 4260 ΙΙ
859 4187 875 4242 t
893 4181 1012 4256 fulgora
1029 4183 1082 4236 AB
1096 4175 1109 4260 ΙΙ
1124 4189 1143 4242 8
1157 4200 1195 4238 cx
1214 4179 1294 4240 nubc

149 4273 182 4327 B.
196 4267 211 4348 ΙΙ
231 4279 249 4334 9
264 4279 313 4330 est
332 4287 386 4328 om.
404 4263 440 4326 A¹
462 4263 476 4349 ΙΙ
499 4279 532 4331 10
547 4268 667 4345 fulgora
686 4271 739 4325 AB
754 4263 767 4348 ll
783 4275 1016 4348 capraemontur
1032 4263 1069 4322 A¹
1085 4280 1097 4342 p
1116 4277 1144 4328 11
1163 4285 1223 4346 qua
1239 4271 1263 4324 A
1281 4263 1285 4346 l

148 4363 183 4417 m
201 4355 334 4414 fetutinis
350 4358 375 4412 A
390 4349 403 4436 ΙΙ
418 4351 533 4412 hictum
548 4349 587 4410 Β1
604 4353 692 4432 lapsu
706 4354 778 4412 flatu
796 4349 831 4410 Α1
848 4353 936 4431 lapsu
948 4352 1022 4410 flatu
1036 4351 1097 4410 ictu
1113 4347 1150 4408 Α2
1166 4347 1179 4433 ΙΙ
1196 4371 1279 4412 crum

146 4441 194 4519 pit
214 4439 361 4498 uiolentia
377 4444 416 4497 cl.
