<?xml version="1.0" encoding="UTF-8"?>
<!DOCTYPE html PUBLIC "-//W3C//DTD XHTML 1.0 Transitional//EN"
    "http://www.w3.org/TR/xhtml1/DTD/xhtml1-transitional.dtd">
<html xmlns="http://www.w3.org/1999/xhtml" xml:lang="en" lang="en">
 <head>
  <title>
</title>
<meta http-equiv="Content-Type" content="text/html;charset=utf-8" />
  <meta name='ocr-system' content='tesseract 3.04.00' />
  <meta name='ocr-capabilities' content='ocr_page ocr_carea ocr_par ocr_line ocrx_word'/>
</head>
<body>
  <div class='ocr_page' id='page_1' title='image "./csvetonitranqvi01ritsgoog_0568.png"; bbox 0 0 3138 5100; ppageno 0'>
   <div class='ocr_carea' id='block_1_1' title="bbox 485 407 1312 471">
    <p class='ocr_par' dir='ltr' id='par_1_1' title="bbox 485 407 1312 471">
     <span class='ocr_line' id='line_1_1' title="bbox 485 407 1312 471; baseline -0.002 -1"><span class='ocrx_word' id='word_1_1' title='bbox 485 429 512 471; x_wconf 82' lang='lat' dir='ltr'><strong>r.</strong></span> <span class='ocrx_word' id='word_1_2' title='bbox 529 427 716 470; x_wconf 82' lang='lat' dir='ltr'><strong>nrrscnnnrr</strong></span> <span class='ocrx_word' id='word_1_3' title='bbox 733 427 986 470; x_wconf 81' lang='lat' dir='ltr'><strong>counnaranrvs</strong></span> <span class='ocrx_word' id='word_1_4' title='bbox 1251 407 1312 470; x_wconf 84' lang='grc'><strong>537</strong></span> 
     </span>
    </p>
   </div>
   <div class='ocr_carea' id='block_1_2' title="bbox 176 581 1312 764">
    <p class='ocr_par' dir='ltr' id='par_1_2' title="bbox 176 581 1312 764">
     <span class='ocr_line' id='line_1_2' title="bbox 176 581 1312 662; baseline 0 -22"><span class='ocrx_word' id='word_1_5' title='bbox 176 593 286 640; x_wconf 77' lang='lat' dir='ltr'><strong>xxxiv</strong></span> <span class='ocrx_word' id='word_1_6' title='bbox 298 601 362 662; x_wconf 67' lang='lat' dir='ltr'><strong>erp:</strong></span> <span class='ocrx_word' id='word_1_7' title='bbox 378 581 461 642; x_wconf 90' lang='lat' dir='ltr'><strong>cuius</strong></span> <span class='ocrx_word' id='word_1_8' title='bbox 473 590 522 642; x_wconf 88' lang='lat' dir='ltr'><strong>sat</strong></span> <span class='ocrx_word' id='word_1_9' title='bbox 532 581 595 642; x_wconf 89' lang='lat' dir='ltr'><strong>scio</strong></span> <span class='ocrx_word' id='word_1_10' title='bbox 609 581 821 641; x_wconf 81' lang='lat' dir='ltr'>emendatiora</span> <span class='ocrx_word' id='word_1_11' title='bbox 837 590 958 642; x_wconf 85' lang='lat' dir='ltr'><strong>exstare</strong></span> <span class='ocrx_word' id='word_1_12' title='bbox 975 581 1195 660; x_wconf 88' lang='lat' dir='ltr'><strong>manuscripta</strong></span> <span class='ocrx_word' id='word_1_13' title='bbox 1211 599 1312 642; x_wconf 84' lang='lat' dir='ltr'><strong>exem·</strong></span> 
     </span>
     <span class='ocr_line' id='line_1_3' title="bbox 177 685 284 764; baseline 0.019 -22"><span class='ocrx_word' id='word_1_14' title='bbox 177 685 284 764; x_wconf 87' lang='lat' dir='ltr'><strong>plaria.</strong></span> 
     </span>
    </p>
   </div>
   <div class='ocr_carea' id='block_1_3' title="bbox 665 801 826 812">
    <p class='ocr_par' dir='ltr' id='par_1_3' title="bbox 665 801 826 812">
     <span class='ocr_line' id='line_1_4' title="bbox 665 801 826 812; baseline 0.006 -1"><span class='ocrx_word' id='word_1_15' title='bbox 665 801 826 812; x_wconf 72' lang='lat' dir='ltr'><strong>u———-</strong></span> 
     </span>
    </p>
   </div>
   <div class='ocr_carea' id='block_1_4' title="bbox 332 919 1156 1087">
    <p class='ocr_par' dir='ltr' id='par_1_4' title="bbox 332 919 1156 1087">
     <span class='ocr_line' id='line_1_5' title="bbox 332 919 1156 983; baseline 0.004 -3"><span class='ocrx_word' id='word_1_16' title='bbox 332 921 639 982; x_wconf 79' lang='lat' dir='ltr'><strong>EPIMETRVM</strong></span> <span class='ocrx_word' id='word_1_17' title='bbox 667 919 1156 983; x_wconf 83' lang='lat' dir='ltr'><strong>BIBLIOGRAPHIOVM</strong></span> 
     </span>
     <span class='ocr_line' id='line_1_6' title="bbox 596 1021 892 1087; baseline -0.003 -15"><span class='ocrx_word' id='word_1_18' title='bbox 596 1021 630 1072; x_wconf 74' lang='lat' dir='ltr'><strong>aa</strong></span> <span class='ocrx_word' id='word_1_19' title='bbox 649 1038 711 1087; x_wconf 67' lang='lat' dir='ltr'><strong>pag.</strong></span> <span class='ocrx_word' id='word_1_20' title='bbox 730 1021 780 1070; x_wconf 81' lang='lat' dir='ltr'><strong>rer</strong></span> <span class='ocrx_word' id='word_1_21' title='bbox 799 1021 892 1071; x_wconf 69' lang='lat' dir='ltr'><strong>aanor.</strong></span> 
     </span>
    </p>
   </div>
   <div class='ocr_carea' id='block_1_5' title="bbox 175 1125 1313 1410">
    <p class='ocr_par' dir='ltr' id='par_1_5' title="bbox 175 1125 1313 1410">
     <span class='ocr_line' id='line_1_7' title="bbox 260 1125 1312 1210; baseline 0.003 -26"><span class='ocrx_word' id='word_1_22' title='bbox 260 1125 361 1205; x_wconf 84' lang='lat' dir='ltr'><strong>Typis</strong></span> <span class='ocrx_word' id='word_1_23' title='bbox 382 1127 690 1204; x_wconf 67' lang='lat' dir='ltr'><strong>expressafl&#39;erentii</strong></span> <span class='ocrx_word' id='word_1_24' title='bbox 713 1126 853 1206; x_wconf 76' lang='lat' dir='ltr'><strong>exempla</strong></span> <span class='ocrx_word' id='word_1_25' title='bbox 874 1126 928 1184; x_wconf 86' lang='lat' dir='ltr'><strong>illa</strong></span> <span class='ocrx_word' id='word_1_26' title='bbox 951 1136 1107 1208; x_wconf 86' lang='lat' dir='ltr'><strong>quattuor,</strong></span> <span class='ocrx_word' id='word_1_27' title='bbox 1136 1125 1174 1186; x_wconf 89' lang='lat' dir='ltr'><strong>de</strong></span> <span class='ocrx_word' id='word_1_28' title='bbox 1204 1127 1312 1210; x_wconf 86' lang='lat' dir='ltr'><strong>quibus</strong></span> 
     </span>
     <span class='ocr_line' id='line_1_8' title="bbox 175 1205 1313 1308; baseline 0.004 -21"><span class='ocrx_word' id='word_1_29' title='bbox 175 1225 407 1308; x_wconf 83' lang='lat' dir='ltr'><strong>bibliographos</strong></span> <span class='ocrx_word' id='word_1_30' title='bbox 423 1228 487 1288; x_wconf 84' lang='lat' dir='ltr'><strong>dixi</strong></span> <span class='ocrx_word' id='word_1_31' title='bbox 503 1238 627 1307; x_wconf 86' lang='lat' dir='ltr'><strong>praeter</strong></span> <span class='ocrx_word' id='word_1_32' title='bbox 642 1205 792 1286; x_wconf 69' lang='lat' dir='ltr'><strong>dationem</strong></span> <span class='ocrx_word' id='word_1_33' title='bbox 808 1235 859 1286; x_wconf 87' lang='lat' dir='ltr'><strong>aut</strong></span> <span class='ocrx_word' id='word_1_34' title='bbox 875 1237 978 1288; x_wconf 89' lang='lat' dir='ltr'><strong>tacere</strong></span> <span class='ocrx_word' id='word_1_35' title='bbox 995 1238 1046 1290; x_wconf 89' lang='lat' dir='ltr'><strong>aut</strong></span> <span class='ocrx_word' id='word_1_36' title='bbox 1063 1229 1220 1305; x_wconf 86' lang='lat' dir='ltr'><strong>dubitare,</strong></span> <span class='ocrx_word' id='word_1_37' title='bbox 1236 1227 1313 1292; x_wconf 86' lang='lat' dir='ltr'><strong>haec</strong></span> 
     </span>
     <span class='ocr_line' id='line_1_9' title="bbox 175 1329 734 1410; baseline -0.004 -20"><span class='ocrx_word' id='word_1_38' title='bbox 175 1339 246 1390; x_wconf 91' lang='lat' dir='ltr'><strong>sunt</strong></span> <span class='ocrx_word' id='word_1_39' title='bbox 262 1351 389 1410; x_wconf 89' lang='lat' dir='ltr'><strong>quorum</strong></span> <span class='ocrx_word' id='word_1_40' title='bbox 403 1329 523 1390; x_wconf 88' lang='lat' dir='ltr'><strong>indices</strong></span> <span class='ocrx_word' id='word_1_41' title='bbox 539 1329 620 1389; x_wconf 84' lang='lat' dir='ltr'><strong>infra</strong></span> <span class='ocrx_word' id='word_1_42' title='bbox 635 1331 734 1409; x_wconf 88' lang='lat' dir='ltr'><strong>posui.</strong></span> 
     </span>
    </p>
   </div>
   <div class='ocr_carea' id='block_1_6' title="bbox 174 1473 1314 1976">
    <p class='ocr_par' dir='ltr' id='par_1_6' title="bbox 174 1473 1314 1976">
     <span class='ocr_line' id='line_1_10' title="bbox 174 1473 1313 1559; baseline 0.004 -27"><span class='ocrx_word' id='word_1_43' title='bbox 174 1482 322 1532; x_wconf 77' lang='lat' dir='ltr'><strong>Terentius</strong></span> <span class='ocrx_word' id='word_1_44' title='bbox 347 1497 408 1531; x_wconf 90' lang='lat' dir='ltr'><strong>cnm</strong></span> <span class='ocrx_word' id='word_1_45' title='bbox 431 1481 550 1559; x_wconf 63' lang='lat' dir='ltr'><strong>Donato.</strong></span> <span class='ocrx_word' id='word_1_46' title='bbox 573 1473 637 1544; x_wconf 78' lang='grc' dir='ltr'><strong>ΗἸη</strong></span> <span class='ocrx_word' id='word_1_47' title='bbox 658 1483 709 1543; x_wconf 83' lang='lat' dir='ltr'><strong>fiac</strong></span> <span class='ocrx_word' id='word_1_48' title='bbox 733 1480 811 1530; x_wconf 80' lang='lat' dir='ltr'><strong>Finis</strong></span> <span class='ocrx_word' id='word_1_49' title='bbox 830 1479 1092 1533; x_wconf 76' lang='lat' dir='ltr'><strong>Commentariorum</strong></span> <span class='ocrx_word' id='word_1_50' title='bbox 1115 1483 1187 1536; x_wconf 80' lang='lat' dir='ltr'><strong>Aelii</strong></span> <span class='ocrx_word' id='word_1_51' title='bbox 1210 1486 1313 1536; x_wconf 88' lang='lat' dir='ltr'><strong>Donati</strong></span> 
     </span>
     <span class='ocr_line' id='line_1_11' title="bbox 245 1561 1314 1635; baseline 0.003 -18"><span class='ocrx_word' id='word_1_52' title='bbox 245 1583 326 1634; x_wconf 86' lang='lat' dir='ltr'><strong>anper</strong></span> <span class='ocrx_word' id='word_1_53' title='bbox 345 1567 390 1616; x_wconf 91' lang='lat' dir='ltr'><strong>.P.</strong></span> <span class='ocrx_word' id='word_1_54' title='bbox 413 1565 536 1616; x_wconf 79' lang='lat' dir='ltr'><strong>Terentii</strong></span> <span class='ocrx_word' id='word_1_55' title='bbox 560 1565 620 1615; x_wconf 79' lang='lat' dir='ltr'><strong>Afri</strong></span> <span class='ocrx_word' id='word_1_56' title='bbox 644 1565 808 1616; x_wconf 80' lang='lat' dir='ltr'><strong>Comoediis.</strong></span> <span class='ocrx_word' id='word_1_57' title='bbox 829 1561 842 1633; x_wconf 96' lang='grc' dir='ltr'>Η</span> <span class='ocrx_word' id='word_1_58' title='bbox 862 1581 914 1616; x_wconf 88' lang='lat' dir='ltr'><strong>nco</strong></span> <span class='ocrx_word' id='word_1_59' title='bbox 937 1582 993 1617; x_wconf 90' lang='lat' dir='ltr'><strong>non</strong></span> <span class='ocrx_word' id='word_1_60' title='bbox 1015 1567 1126 1618; x_wconf 87' lang='lat' dir='ltr'><strong>Ioannis</strong></span> <span class='ocrx_word' id='word_1_61' title='bbox 1152 1569 1314 1635; x_wconf 77' lang='lat' dir='ltr'><strong>calphurnii</strong></span> 
     </span>
     <span class='ocr_line' id='line_1_12' title="bbox 243 1647 1311 1722; baseline 0.002 -20"><span class='ocrx_word' id='word_1_62' title='bbox 243 1669 324 1718; x_wconf 89' lang='lat' dir='ltr'><strong>super</strong></span> <span class='ocrx_word' id='word_1_63' title='bbox 336 1653 666 1702; x_wconf 77' lang='lat' dir='ltr'><strong>Heautontimorumenos</strong></span> <span class='ocrx_word' id='word_1_64' title='bbox 684 1651 832 1702; x_wconf 79' lang='lat' dir='ltr'><strong>foeliciter.</strong></span> <span class='ocrx_word' id='word_1_65' title='bbox 855 1647 867 1717; x_wconf 99' lang='grc' dir='ltr'>Η</span> <span class='ocrx_word' id='word_1_66' title='bbox 886 1651 1011 1702; x_wconf 81' lang='lat' dir='ltr'><strong>Veneriis</strong></span> <span class='ocrx_word' id='word_1_67' title='bbox 1025 1669 1072 1717; x_wconf 88' lang='lat' dir='ltr'><strong>per</strong></span> <span class='ocrx_word' id='word_1_68' title='bbox 1084 1651 1239 1722; x_wconf 85' lang='lat' dir='ltr'><strong>Philippum</strong></span> <span class='ocrx_word' id='word_1_69' title='bbox 1253 1656 1311 1720; x_wconf 91' lang='lat' dir='ltr'><strong>pin·</strong></span> 
     </span>
     <span class='ocr_line' id='line_1_13' title="bbox 243 1732 1311 1804; baseline 0.004 -18"><span class='ocrx_word' id='word_1_70' title='bbox 243 1737 314 1787; x_wconf 80' lang='lat' dir='ltr'><strong>aium</strong></span> <span class='ocrx_word' id='word_1_71' title='bbox 337 1732 488 1786; x_wconf 76' lang='lat' dir='ltr'><strong>Mantuani</strong></span> <span class='ocrx_word' id='word_1_72' title='bbox 504 1735 581 1785; x_wconf 78' lang='lat' dir='ltr'><strong>Anno</strong></span> <span class='ocrx_word' id='word_1_73' title='bbox 605 1733 651 1786; x_wconf 89' lang='lat' dir='ltr'><strong>drii</strong></span> <span class='ocrx_word' id='word_1_74' title='bbox 687 1736 732 1787; x_wconf 90' lang='lat' dir='ltr'><strong>.M.</strong></span> <span class='ocrx_word' id='word_1_75' title='bbox 752 1734 854 1786; x_wconf 87' lang='grc'><strong>0000.</strong></span> <span class='ocrx_word' id='word_1_76' title='bbox 872 1735 973 1787; x_wconf 86' lang='lat' dir='ltr'><strong>XCIII.</strong></span> <span class='ocrx_word' id='word_1_77' title='bbox 998 1737 1086 1804; x_wconf 86' lang='lat' dir='ltr'><strong>pridie</strong></span> <span class='ocrx_word' id='word_1_78' title='bbox 1111 1755 1197 1788; x_wconf 86' lang='lat' dir='ltr'><strong>nonas</strong></span> <span class='ocrx_word' id='word_1_79' title='bbox 1216 1737 1311 1792; x_wconf 78' lang='lat' dir='ltr'><strong>Iuliae.</strong></span> 
     </span>
     <span class='ocr_line' id='line_1_14' title="bbox 242 1817 1221 1891; baseline 0.001 -19"><span class='ocrx_word' id='word_1_80' title='bbox 242 1823 367 1887; x_wconf 82' lang='lat' dir='ltr'><strong>lmpante</strong></span> <span class='ocrx_word' id='word_1_81' title='bbox 385 1817 555 1889; x_wconf 75' lang='lat' dir='ltr'><strong>Augnllstino</strong></span> <span class='ocrx_word' id='word_1_82' title='bbox 574 1819 723 1872; x_wconf 86' lang='lat' dir='ltr'><strong>barbadieo</strong></span> <span class='ocrx_word' id='word_1_83' title='bbox 741 1821 917 1872; x_wconf 86' lang='lat' dir='ltr'><strong>serenissimo</strong></span> <span class='ocrx_word' id='word_1_84' title='bbox 935 1821 1071 1891; x_wconf 55' lang='lat' dir='ltr'><strong>Venetam</strong></span> <span class='ocrx_word' id='word_1_85' title='bbox 1088 1823 1221 1891; x_wconf 85' lang='lat' dir='ltr'><strong>principa.</strong></span> 
     </span>
     <span class='ocr_line' id='line_1_15' title="bbox 241 1905 1275 1976; baseline 0 -16"><span class='ocrx_word' id='word_1_86' title='bbox 241 1908 317 1960; x_wconf 85' lang='lat' dir='ltr'><strong>Laus</strong></span> <span class='ocrx_word' id='word_1_87' title='bbox 335 1907 396 1958; x_wconf 89' lang='lat' dir='ltr'><strong>deo.</strong></span> <span class='ocrx_word' id='word_1_88' title='bbox 417 1905 431 1976; x_wconf 93' lang='grc' dir='ltr'>Η</span> <span class='ocrx_word' id='word_1_89' title='bbox 450 1907 571 1974; x_wconf 80' lang='lat' dir='ltr'><strong>Sequitur</strong></span> <span class='ocrx_word' id='word_1_90' title='bbox 588 1907 755 1973; x_wconf 78' lang='lat' dir='ltr'><strong>Registrum.</strong></span> <span class='ocrx_word' id='word_1_91' title='bbox 1228 1911 1275 1974; x_wconf 79' lang='lat' dir='ltr'><strong>sol.</strong></span> 
     </span>
    </p>
   </div>
   <div class='ocr_carea' id='block_1_7' title="bbox 135 2019 1313 2286">
    <p class='ocr_par' dir='ltr' id='par_1_7' title="bbox 135 2019 1313 2286">
     <span class='ocr_line' id='line_1_16' title="bbox 175 2019 1313 2112; baseline 0.004 -19"><span class='ocrx_word' id='word_1_92' title='bbox 175 2035 290 2106; x_wconf 76' lang='lat' dir='ltr'><strong>(Initiiea</strong></span> <span class='ocrx_word' id='word_1_93' title='bbox 308 2045 380 2094; x_wconf 83' lang='lat' dir='ltr'><strong>deest</strong></span> <span class='ocrx_word' id='word_1_94' title='bbox 397 2019 423 2094; x_wconf 77' lang='lat' dir='ltr'><strong>ia</strong></span> <span class='ocrx_word' id='word_1_95' title='bbox 446 2045 588 2110; x_wconf 76' lang='lat' dir='ltr'><strong>exemplari</strong></span> <span class='ocrx_word' id='word_1_96' title='bbox 605 2041 748 2110; x_wconf 81' lang='lat' dir='ltr'><strong>Bonaenai)</strong></span> <span class='ocrx_word' id='word_1_97' title='bbox 790 2043 824 2094; x_wconf 84' lang='lat' dir='ltr'><strong>In</strong></span> <span class='ocrx_word' id='word_1_98' title='bbox 843 2045 896 2108; x_wconf 76' lang='lat' dir='ltr'><strong>fiae</strong></span> <span class='ocrx_word' id='word_1_99' title='bbox 918 2043 978 2095; x_wconf 87' lang='lat' dir='ltr'><strong>Hoc</strong></span> <span class='ocrx_word' id='word_1_100' title='bbox 997 2059 1064 2110; x_wconf 88' lang='lat' dir='ltr'><strong>opus</strong></span> <span class='ocrx_word' id='word_1_101' title='bbox 1088 2045 1247 2112; x_wconf 88' lang='lat' dir='ltr'><strong>impressum</strong></span> <span class='ocrx_word' id='word_1_102' title='bbox 1271 2051 1313 2098; x_wconf 87' lang='lat' dir='ltr'><strong>ost</strong></span> 
     </span>
     <span class='ocr_line' id='line_1_17' title="bbox 241 2127 1311 2196; baseline 0.004 -17"><span class='ocrx_word' id='word_1_103' title='bbox 241 2129 393 2180; x_wconf 76' lang='lat' dir='ltr'><strong>Mediolani</strong></span> <span class='ocrx_word' id='word_1_104' title='bbox 414 2145 463 2196; x_wconf 89' lang='lat' dir='ltr'><strong>per</strong></span> <span class='ocrx_word' id='word_1_105' title='bbox 485 2127 597 2180; x_wconf 78' lang='lat' dir='ltr'><strong>Iodnem</strong></span> <span class='ocrx_word' id='word_1_106' title='bbox 619 2129 755 2196; x_wconf 78' lang='lat' dir='ltr'><strong>Angelum</strong></span> <span class='ocrx_word' id='word_1_107' title='bbox 778 2129 979 2180; x_wconf 85' lang='lat' dir='ltr'><strong>Seinzenzeler.</strong></span> <span class='ocrx_word' id='word_1_108' title='bbox 1021 2129 1098 2180; x_wconf 78' lang='lat' dir='ltr'><strong>Auno</strong></span> <span class='ocrx_word' id='word_1_109' title='bbox 1122 2130 1224 2182; x_wconf 85' lang='lat' dir='ltr'><strong>domini</strong></span> <span class='ocrx_word' id='word_1_110' title='bbox 1265 2131 1311 2186; x_wconf 85' lang='grc' dir='ltr'><strong>,Μ.</strong></span> 
     </span>
     <span class='ocr_line' id='line_1_18' title="bbox 135 2211 1277 2286; baseline 0.004 -24"><span class='ocrx_word' id='word_1_111' title='bbox 135 2279 138 2286; x_wconf 90' lang='lat'>.</span> <span class='ocrx_word' id='word_1_112' title='bbox 242 2214 413 2266; x_wconf 68' lang='lat' dir='ltr'><strong>caecandis</strong></span> <span class='ocrx_word' id='word_1_113' title='bbox 433 2213 446 2280; x_wconf 94' lang='grc' dir='ltr'>Η</span> <span class='ocrx_word' id='word_1_114' title='bbox 466 2229 523 2264; x_wconf 79' lang='lat' dir='ltr'><strong>xix.</strong></span> <span class='ocrx_word' id='word_1_115' title='bbox 543 2214 681 2266; x_wconf 82' lang='lat' dir='ltr'><strong>Octobris.</strong></span> <span class='ocrx_word' id='word_1_116' title='bbox 707 2211 719 2282; x_wconf 92' lang='grc' dir='ltr'>Η</span> <span class='ocrx_word' id='word_1_117' title='bbox 740 2215 861 2280; x_wconf 81' lang='lat' dir='ltr'><strong>Sequitur·</strong></span> <span class='ocrx_word' id='word_1_118' title='bbox 877 2214 1042 2279; x_wconf 78' lang='lat' dir='ltr'><strong>Registrnm.</strong></span> <span class='ocrx_word' id='word_1_119' title='bbox 1230 2217 1277 2276; x_wconf 78' lang='lat' dir='ltr'><strong>foi.</strong></span> 
     </span>
    </p>
   </div>
   <div class='ocr_carea' id='block_1_8' title="bbox 173 2347 1314 2758">
    <p class='ocr_par' dir='ltr' id='par_1_8' title="bbox 173 2347 1314 2758">
     <span class='ocr_line' id='line_1_19' title="bbox 173 2347 1312 2416; baseline 0.001 -14"><span class='ocrx_word' id='word_1_120' title='bbox 173 2351 204 2402; x_wconf 91' lang='lat' dir='ltr'><strong>P.</strong></span> <span class='ocrx_word' id='word_1_121' title='bbox 218 2351 342 2402; x_wconf 88' lang='lat' dir='ltr'><strong>Terentii</strong></span> <span class='ocrx_word' id='word_1_122' title='bbox 361 2351 440 2416; x_wconf 86' lang='lat' dir='ltr'><strong>aphri</strong></span> <span class='ocrx_word' id='word_1_123' title='bbox 453 2351 559 2400; x_wconf 88' lang='lat' dir='ltr'><strong>Comici</strong></span> <span class='ocrx_word' id='word_1_124' title='bbox 571 2355 669 2416; x_wconf 88' lang='lat' dir='ltr'><strong>poetae</strong></span> <span class='ocrx_word' id='word_1_125' title='bbox 685 2347 879 2416; x_wconf 73' lang='lat' dir='ltr'><strong>disertissillmi</strong></span> <span class='ocrx_word' id='word_1_126' title='bbox 895 2348 1089 2416; x_wconf 77' lang='lat' dir='ltr'><strong>Elogdtissime</strong></span> <span class='ocrx_word' id='word_1_127' title='bbox 1108 2365 1157 2402; x_wconf 85' lang='lat' dir='ltr'><strong>sex</strong></span> <span class='ocrx_word' id='word_1_128' title='bbox 1175 2353 1312 2404; x_wconf 85' lang='lat' dir='ltr'><strong>comedia:</strong></span> 
     </span>
     <span class='ocr_line' id='line_1_20' title="bbox 242 2433 1312 2504; baseline 0 -16"><span class='ocrx_word' id='word_1_129' title='bbox 242 2435 275 2488; x_wconf 80' lang='lat' dir='ltr'><strong>erl</strong></span> <span class='ocrx_word' id='word_1_130' title='bbox 292 2437 442 2488; x_wconf 80' lang='lat' dir='ltr'><strong>succinctis</strong></span> <span class='ocrx_word' id='word_1_131' title='bbox 462 2433 473 2500; x_wconf 97' lang='grc' dir='ltr'>Η</span> <span class='ocrx_word' id='word_1_132' title='bbox 494 2433 637 2486; x_wconf 84' lang='lat' dir='ltr'><strong>admodum</strong></span> <span class='ocrx_word' id='word_1_133' title='bbox 662 2433 875 2502; x_wconf 82' lang='lat' dir='ltr'><strong>edpeudiosisqt:</strong></span> <span class='ocrx_word' id='word_1_134' title='bbox 900 2451 954 2486; x_wconf 90' lang='lat' dir='ltr'><strong>non</strong></span> <span class='ocrx_word' id='word_1_135' title='bbox 979 2435 1067 2484; x_wconf 90' lang='lat' dir='ltr'><strong>minus</strong></span> <span class='ocrx_word' id='word_1_136' title='bbox 1091 2434 1166 2488; x_wconf 65' lang='lat' dir='ltr'><strong>tame*</strong></span> <span class='ocrx_word' id='word_1_137' title='bbox 1184 2434 1197 2504; x_wconf 96' lang='grc' dir='ltr'>Η</span> <span class='ocrx_word' id='word_1_138' title='bbox 1216 2437 1312 2488; x_wconf 90' lang='lat' dir='ltr'><strong>dilucl·</strong></span> 
     </span>
     <span class='ocr_line' id='line_1_21' title="bbox 242 2517 1312 2586; baseline 0.004 -16"><span class='ocrx_word' id='word_1_139' title='bbox 242 2522 297 2572; x_wconf 89' lang='lat' dir='ltr'><strong>dis:</strong></span> <span class='ocrx_word' id='word_1_140' title='bbox 320 2521 419 2573; x_wconf 91' lang='lat' dir='ltr'><strong>Jodoci</strong></span> <span class='ocrx_word' id='word_1_141' title='bbox 437 2521 520 2572; x_wconf 86' lang='lat' dir='ltr'><strong>Badii</strong></span> <span class='ocrx_word' id='word_1_142' title='bbox 542 2517 643 2570; x_wconf 66' lang='lat' dir='ltr'><strong>ascanii</strong></span> <span class='ocrx_word' id='word_1_143' title='bbox 662 2517 928 2586; x_wconf 70' lang='lat' dir='ltr'><strong>explanatiollnihus.</strong></span> <span class='ocrx_word' id='word_1_144' title='bbox 949 2519 963 2586; x_wconf 92' lang='grc' dir='ltr'>Η</span> <span class='ocrx_word' id='word_1_145' title='bbox 988 2545 1022 2556; x_wconf 92' lang='lat'><strong>-·</strong></span> <span class='ocrx_word' id='word_1_146' title='bbox 1047 2519 1228 2572; x_wconf 76' lang='lat' dir='ltr'><strong>Uenundr&#39;atur</strong></span> <span class='ocrx_word' id='word_1_147' title='bbox 1244 2523 1312 2574; x_wconf 82' lang='lat' dir='ltr'><strong>I‘ar·</strong></span> 
     </span>
     <span class='ocr_line' id='line_1_22' title="bbox 242 2601 1312 2671; baseline 0.003 -15"><span class='ocrx_word' id='word_1_148' title='bbox 242 2606 334 2656; x_wconf 88' lang='lat' dir='ltr'><strong>rhisiis</strong></span> <span class='ocrx_word' id='word_1_149' title='bbox 356 2607 385 2656; x_wconf 87' lang='lat' dir='ltr'><strong>iu</strong></span> <span class='ocrx_word' id='word_1_150' title='bbox 406 2608 469 2658; x_wconf 88' lang='lat' dir='ltr'><strong>vico</strong></span> <span class='ocrx_word' id='word_1_151' title='bbox 487 2606 686 2658; x_wconf 85' lang='lat' dir='ltr'><strong>Maturinorum</strong></span> <span class='ocrx_word' id='word_1_152' title='bbox 706 2601 721 2671; x_wconf 97' lang='grc' dir='ltr'>Η</span> <span class='ocrx_word' id='word_1_153' title='bbox 742 2621 758 2654; x_wconf 91' lang='lat' dir='ltr'><strong>a</strong></span> <span class='ocrx_word' id='word_1_154' title='bbox 776 2603 812 2654; x_wconf 86' lang='lat' dir='ltr'><strong>M.</strong></span> <span class='ocrx_word' id='word_1_155' title='bbox 831 2605 961 2655; x_wconf 89' lang='lat' dir='ltr'><strong>Duraudo</strong></span> <span class='ocrx_word' id='word_1_156' title='bbox 985 2603 1087 2670; x_wconf 82' lang='lat' dir='ltr'><strong>gerlier</strong></span> <span class='ocrx_word' id='word_1_157' title='bbox 1149 2605 1172 2656; x_wconf 81' lang='lat' dir='ltr'>A</span> <span class='ocrx_word' id='word_1_158' title='bbox 1196 2606 1312 2660; x_wconf 87' lang='lat' dir='ltr'><strong>lestrilla</strong></span> 
     </span>
     <span class='ocr_line' id='line_1_23' title="bbox 243 2687 1314 2758; baseline 0.002 -16"><span class='ocrx_word' id='word_1_159' title='bbox 243 2691 411 2742; x_wconf 85' lang='lat' dir='ltr'><strong>faulxveaul.</strong></span> <span class='ocrx_word' id='word_1_160' title='bbox 433 2687 452 2758; x_wconf 68' lang='lat' dir='ltr'><strong>ll</strong></span> <span class='ocrx_word' id='word_1_161' title='bbox 470 2693 502 2742; x_wconf 85' lang='lat' dir='ltr'><strong>In</strong></span> <span class='ocrx_word' id='word_1_162' title='bbox 522 2695 574 2756; x_wconf 77' lang='lat' dir='ltr'><strong>fine</strong></span> <span class='ocrx_word' id='word_1_163' title='bbox 598 2691 676 2740; x_wconf 83' lang='lat' dir='ltr'><strong>Finis</strong></span> <span class='ocrx_word' id='word_1_164' title='bbox 700 2687 941 2754; x_wconf 77' lang='lat' dir='ltr'><strong>elegantissimarri</strong></span> <span class='ocrx_word' id='word_1_165' title='bbox 965 2687 1121 2740; x_wconf 82' lang='lat' dir='ltr'><strong>comediarri</strong></span> <span class='ocrx_word' id='word_1_166' title='bbox 1138 2691 1262 2742; x_wconf 84' lang='lat' dir='ltr'><strong>Terentii</strong></span> <span class='ocrx_word' id='word_1_167' title='bbox 1281 2693 1314 2744; x_wconf 79' lang='lat' dir='ltr'><strong>cri</strong></span> 
     </span>
    </p>
   </div>
   <div class='ocr_carea' id='block_1_9' title="bbox 242 2769 1396 2841">
    <p class='ocr_par' dir='ltr' id='par_1_9' title="bbox 242 2769 1396 2841">
     <span class='ocr_line' id='line_1_24' title="bbox 242 2769 1396 2841; baseline 0.003 -15"><span class='ocrx_word' id='word_1_168' title='bbox 242 2769 546 2841; x_wconf 68' lang='lat' dir='ltr'><strong>anotntonib⁹to[2doei</strong></span> <span class='ocrx_word' id='word_1_169' title='bbox 564 2776 645 2826; x_wconf 88' lang='lat' dir='ltr'><strong>Badii</strong></span> <span class='ocrx_word' id='word_1_170' title='bbox 665 2773 798 2838; x_wconf 82' lang='lat' dir='ltr'><strong>ascenaij:</strong></span> <span class='ocrx_word' id='word_1_171' title='bbox 825 2774 859 2823; x_wconf 86' lang='lat' dir='ltr'><strong>ab</strong></span> <span class='ocrx_word' id='word_1_172' title='bbox 879 2772 947 2826; x_wconf 73' lang='lat' dir='ltr'><strong>corle</strong></span> <span class='ocrx_word' id='word_1_173' title='bbox 966 2774 1104 2840; x_wconf 85' lang='lat' dir='ltr'><strong>impensis.</strong></span> <span class='ocrx_word' id='word_1_174' title='bbox 1138 2776 1176 2826; x_wconf 87' lang='lat' dir='ltr'><strong>M.</strong></span> <span class='ocrx_word' id='word_1_175' title='bbox 1195 2778 1312 2830; x_wconf 88' lang='lat' dir='ltr'><strong>durandi</strong></span> <span class='ocrx_word' id='word_1_176' title='bbox 1392 2775 1396 2784; x_wconf 88' lang='lat'>&#39;</span> 
     </span>
    </p>
   </div>
   <div class='ocr_carea' id='block_1_10' title="bbox 240 2843 1311 3015">
    <p class='ocr_par' dir='ltr' id='par_1_10' title="bbox 240 2843 1311 3015">
     <span class='ocr_line' id='line_1_25' title="bbox 241 2843 1311 2927; baseline 0.006 -17"><span class='ocrx_word' id='word_1_177' title='bbox 241 2861 350 2926; x_wconf 82' lang='lat' dir='ltr'><strong>gerlier.</strong></span> <span class='ocrx_word' id='word_1_178' title='bbox 378 2857 530 2927; x_wconf 83' lang='lat' dir='ltr'><strong>impressidi</strong></span> <span class='ocrx_word' id='word_1_179' title='bbox 557 2843 692 2926; x_wconf 53' lang='lat' dir='ltr'><strong>madidatis</strong></span> <span class='ocrx_word' id='word_1_180' title='bbox 721 2865 779 2926; x_wconf 82' lang='lat' dir='ltr'><strong>atqr</strong></span> <span class='ocrx_word' id='word_1_181' title='bbox 809 2859 943 2909; x_wconf 75' lang='lat' dir='ltr'><strong>absolutis</strong></span> <span class='ocrx_word' id='word_1_182' title='bbox 974 2859 1008 2910; x_wconf 89' lang='lat' dir='ltr'><strong>ad</strong></span> <span class='ocrx_word' id='word_1_183' title='bbox 1040 2859 1172 2912; x_wconf 85' lang='lat' dir='ltr'><strong>calendas</strong></span> <span class='ocrx_word' id='word_1_184' title='bbox 1193 2863 1311 2916; x_wconf 85' lang='lat' dir='ltr'><strong>Februa.</strong></span> 
     </span>
     <span class='ocr_line' id='line_1_26' title="bbox 240 2943 1278 3015; baseline 0.004 -19"><span class='ocrx_word' id='word_1_185' title='bbox 240 2947 314 2998; x_wconf 79' lang='lat' dir='ltr'><strong>Anni</strong></span> <span class='ocrx_word' id='word_1_186' title='bbox 331 2946 407 2998; x_wconf 84' lang='lat' dir='ltr'><strong>iuxta</strong></span> <span class='ocrx_word' id='word_1_187' title='bbox 424 2943 558 2999; x_wconf 82' lang='lat' dir='ltr'><strong>Parisieai.</strong></span> <span class='ocrx_word' id='word_1_188' title='bbox 578 2946 699 2998; x_wconf 86' lang='lat' dir='ltr'><strong>calculos</strong></span> <span class='ocrx_word' id='word_1_189' title='bbox 719 2947 735 3015; x_wconf 92' lang='grc' dir='ltr'>Η</span> <span class='ocrx_word' id='word_1_190' title='bbox 754 2943 1176 3012; x_wconf 74' lang='lat' dir='ltr'><strong>blillesimiquingetesimitertij.</strong></span> <span class='ocrx_word' id='word_1_191' title='bbox 1246 2951 1278 3010; x_wconf 79' lang='grc'><strong>,4.</strong></span> 
     </span>
    </p>
   </div>
   <div class='ocr_carea' id='block_1_11' title="bbox 173 3059 1312 3745">
    <p class='ocr_par' dir='ltr' id='par_1_11' title="bbox 173 3059 1312 3745">
     <span class='ocr_line' id='line_1_27' title="bbox 173 3059 1312 3153; baseline 0.002 -19"><span class='ocrx_word' id='word_1_192' title='bbox 173 3083 320 3135; x_wconf 87' lang='lat' dir='ltr'><strong>Terentius</strong></span> <span class='ocrx_word' id='word_1_193' title='bbox 339 3099 398 3134; x_wconf 90' lang='lat' dir='ltr'><strong>cum</strong></span> <span class='ocrx_word' id='word_1_194' title='bbox 416 3059 434 3152; x_wconf 89' lang='grc' dir='ltr'>Η</span> <span class='ocrx_word' id='word_1_195' title='bbox 446 3083 539 3148; x_wconf 78' lang='lat' dir='ltr'><strong>quinqr</strong></span> <span class='ocrx_word' id='word_1_196' title='bbox 559 3082 721 3150; x_wconf 69' lang='lat' dir='ltr'><strong>cbmenlltis:</strong></span> <span class='ocrx_word' id='word_1_197' title='bbox 740 3097 768 3136; x_wconf 75' lang='lat' dir='ltr'><strong>vr</strong></span> <span class='ocrx_word' id='word_1_198' title='bbox 786 3077 923 3149; x_wconf 73' lang='lat' dir='ltr'><strong>Douallti:</strong></span> <span class='ocrx_word' id='word_1_199' title='bbox 948 3078 1110 3148; x_wconf 72' lang='lat' dir='ltr'><strong>Gnidollnis:</strong></span> <span class='ocrx_word' id='word_1_200' title='bbox 1130 3081 1277 3152; x_wconf 72' lang='lat' dir='ltr'><strong>Oalttphur.</strong></span> <span class='ocrx_word' id='word_1_201' title='bbox 1298 3081 1312 3153; x_wconf 94' lang='grc' dir='ltr'>Η</span> 
     </span>
     <span class='ocr_line' id='line_1_28' title="bbox 242 3161 1309 3236; baseline 0.003 -18"><span class='ocrx_word' id='word_1_202' title='bbox 242 3170 368 3219; x_wconf 72' lang='lat' dir='ltr'><strong>ascensii</strong></span> <span class='ocrx_word' id='word_1_203' title='bbox 387 3185 395 3222; x_wconf 85' lang='lat'>2</span> <span class='ocrx_word' id='word_1_204' title='bbox 415 3169 512 3220; x_wconf 83' lang='lat' dir='ltr'><strong>Seruii.</strong></span> <span class='ocrx_word' id='word_1_205' title='bbox 527 3165 542 3236; x_wconf 95' lang='grc' dir='ltr'>Η</span> <span class='ocrx_word' id='word_1_206' title='bbox 562 3169 630 3218; x_wconf 86' lang='lat' dir='ltr'><strong>Cum</strong></span> <span class='ocrx_word' id='word_1_207' title='bbox 649 3168 740 3234; x_wconf 85' lang='lat' dir='ltr'><strong>gratia</strong></span> <span class='ocrx_word' id='word_1_208' title='bbox 758 3167 792 3217; x_wconf 92' lang='lat' dir='ltr'><strong>ob</strong></span> <span class='ocrx_word' id='word_1_209' title='bbox 812 3166 927 3232; x_wconf 82' lang='lat' dir='ltr'><strong>figuras:</strong></span> <span class='ocrx_word' id='word_1_210' title='bbox 946 3161 958 3234; x_wconf 96' lang='grc' dir='ltr'>Η</span> <span class='ocrx_word' id='word_1_211' title='bbox 976 3171 1006 3216; x_wconf 89' lang='lat' dir='ltr'><strong>ut</strong></span> <span class='ocrx_word' id='word_1_212' title='bbox 1023 3183 1051 3234; x_wconf 78' lang='lat' dir='ltr'><strong>pt</strong></span> <span class='ocrx_word' id='word_1_213' title='bbox 1070 3169 1097 3217; x_wconf 92' lang='lat' dir='ltr'><strong>in</strong></span> <span class='ocrx_word' id='word_1_214' title='bbox 1118 3168 1155 3219; x_wconf 65' lang='lat' dir='ltr'><strong>eil</strong></span> <span class='ocrx_word' id='word_1_215' title='bbox 1172 3169 1309 3236; x_wconf 80' lang='lat' dir='ltr'><strong>puilegijs.</strong></span> 
     </span>
     <span class='ocr_line' id='line_1_29' title="bbox 243 3251 1312 3320; baseline 0.001 -16"><span class='ocrx_word' id='word_1_216' title='bbox 243 3251 255 3320; x_wconf 96' lang='grc' dir='ltr'>Η</span> <span class='ocrx_word' id='word_1_217' title='bbox 274 3255 307 3304; x_wconf 83' lang='lat' dir='ltr'><strong>In</strong></span> <span class='ocrx_word' id='word_1_218' title='bbox 321 3257 373 3317; x_wconf 79' lang='lat' dir='ltr'><strong>fine</strong></span> <span class='ocrx_word' id='word_1_219' title='bbox 391 3255 554 3320; x_wconf 82' lang='lat' dir='ltr'><strong>impressum</strong></span> <span class='ocrx_word' id='word_1_220' title='bbox 573 3251 715 3318; x_wconf 71' lang='lat' dir='ltr'><strong>Velinetiis</strong></span> <span class='ocrx_word' id='word_1_221' title='bbox 733 3267 783 3317; x_wconf 86' lang='lat' dir='ltr'><strong>per</strong></span> <span class='ocrx_word' id='word_1_222' title='bbox 800 3252 936 3301; x_wconf 84' lang='lat' dir='ltr'><strong>Lazarum</strong></span> <span class='ocrx_word' id='word_1_223' title='bbox 956 3251 989 3302; x_wconf 89' lang='lat' dir='ltr'><strong>de</strong></span> <span class='ocrx_word' id='word_1_224' title='bbox 1008 3251 1117 3302; x_wconf 79' lang='lat' dir='ltr'><strong>Soardis</strong></span> <span class='ocrx_word' id='word_1_225' title='bbox 1136 3253 1181 3304; x_wconf 88' lang='lat' dir='ltr'><strong>die</strong></span> <span class='ocrx_word' id='word_1_226' title='bbox 1200 3255 1312 3306; x_wconf 86' lang='lat' dir='ltr'><strong>.XXlll.</strong></span> 
     </span>
     <span class='ocr_line' id='line_1_30' title="bbox 240 3337 1312 3409; baseline 0 -19"><span class='ocrx_word' id='word_1_227' title='bbox 240 3339 387 3390; x_wconf 85' lang='lat' dir='ltr'><strong>Februarii</strong></span> <span class='ocrx_word' id='word_1_228' title='bbox 407 3339 452 3389; x_wconf 92' lang='lat' dir='ltr'><strong>.M.</strong></span> <span class='ocrx_word' id='word_1_229' title='bbox 471 3341 505 3389; x_wconf 90' lang='lat' dir='ltr'><strong>D.</strong></span> <span class='ocrx_word' id='word_1_230' title='bbox 525 3339 589 3388; x_wconf 83' lang='lat' dir='ltr'>XII.</span> <span class='ocrx_word' id='word_1_231' title='bbox 624 3339 676 3399; x_wconf 78' lang='lat' dir='ltr'><strong>Qui</strong></span> <span class='ocrx_word' id='word_1_232' title='bbox 697 3353 713 3387; x_wconf 90' lang='lat' dir='ltr'><strong>a</strong></span> <span class='ocrx_word' id='word_1_233' title='bbox 731 3337 836 3386; x_wconf 80' lang='lat' dir='ltr'><strong>Senatu</strong></span> <span class='ocrx_word' id='word_1_234' title='bbox 853 3337 1018 3386; x_wconf 88' lang='lat' dir='ltr'><strong>Venetorum</strong></span> <span class='ocrx_word' id='word_1_235' title='bbox 1038 3337 1156 3388; x_wconf 89' lang='lat' dir='ltr'><strong>obtinuit</strong></span> <span class='ocrx_word' id='word_1_236' title='bbox 1179 3353 1199 3409; x_wconf 78' lang='lat' dir='ltr'><strong>q</strong></span> <span class='ocrx_word' id='word_1_237' title='bbox 1222 3339 1312 3390; x_wconf 86' lang='lat' dir='ltr'><strong>nullus</strong></span> 
     </span>
     <span class='ocr_line' id='line_1_31' title="bbox 241 3421 1310 3491; baseline -0.001 -17"><span class='ocrx_word' id='word_1_238' title='bbox 241 3422 411 3491; x_wconf 73' lang='lat' dir='ltr'><strong>imprillmcre</strong></span> <span class='ocrx_word' id='word_1_239' title='bbox 431 3440 479 3476; x_wconf 89' lang='lat' dir='ltr'><strong>seu</strong></span> <span class='ocrx_word' id='word_1_240' title='bbox 497 3423 615 3490; x_wconf 90' lang='lat' dir='ltr'><strong>imprimi</strong></span> <span class='ocrx_word' id='word_1_241' title='bbox 634 3423 728 3472; x_wconf 84' lang='lat' dir='ltr'><strong>iacere</strong></span> <span class='ocrx_word' id='word_1_242' title='bbox 748 3421 851 3471; x_wconf 86' lang='lat' dir='ltr'><strong>audeat</strong></span> <span class='ocrx_word' id='word_1_243' title='bbox 869 3437 960 3470; x_wconf 92' lang='lat' dir='ltr'><strong>eorum</strong></span> <span class='ocrx_word' id='word_1_244' title='bbox 980 3421 1008 3471; x_wconf 92' lang='lat' dir='ltr'><strong>in</strong></span> <span class='ocrx_word' id='word_1_245' title='bbox 1027 3423 1166 3475; x_wconf 87' lang='lat' dir='ltr'><strong>territorio</strong></span> <span class='ocrx_word' id='word_1_246' title='bbox 1179 3425 1229 3476; x_wconf 88' lang='lat' dir='ltr'><strong>sub</strong></span> <span class='ocrx_word' id='word_1_247' title='bbox 1242 3425 1310 3474; x_wconf 91' lang='lat' dir='ltr'><strong>mul-</strong></span> 
     </span>
     <span class='ocr_line' id='line_1_32' title="bbox 241 3503 1309 3574; baseline 0.001 -15"><span class='ocrx_word' id='word_1_248' title='bbox 241 3515 300 3560; x_wconf 89' lang='lat' dir='ltr'><strong>cta:</strong></span> <span class='ocrx_word' id='word_1_249' title='bbox 320 3515 349 3559; x_wconf 92' lang='lat' dir='ltr'><strong>ut</strong></span> <span class='ocrx_word' id='word_1_250' title='bbox 367 3510 422 3560; x_wconf 84' lang='lat' dir='ltr'><strong>suis</strong></span> <span class='ocrx_word' id='word_1_251' title='bbox 441 3510 469 3558; x_wconf 90' lang='lat' dir='ltr'><strong>in</strong></span> <span class='ocrx_word' id='word_1_252' title='bbox 487 3510 586 3574; x_wconf 81' lang='lat' dir='ltr'><strong>gratiis</strong></span> <span class='ocrx_word' id='word_1_253' title='bbox 605 3513 692 3573; x_wconf 86' lang='lat' dir='ltr'><strong>patet.</strong></span> <span class='ocrx_word' id='word_1_254' title='bbox 710 3503 722 3573; x_wconf 95' lang='grc' dir='ltr'>Η</span> <span class='ocrx_word' id='word_1_255' title='bbox 740 3507 860 3572; x_wconf 80' lang='lat' dir='ltr'><strong>Sequitur</strong></span> <span class='ocrx_word' id='word_1_256' title='bbox 877 3507 919 3555; x_wconf 82' lang='lat' dir='ltr'><strong>Ad</strong></span> <span class='ocrx_word' id='word_1_257' title='bbox 938 3507 1081 3557; x_wconf 86' lang='lat' dir='ltr'><strong>Lectorom</strong></span> <span class='ocrx_word' id='word_1_258' title='bbox 1096 3508 1181 3558; x_wconf 78' lang='lat' dir='ltr'><strong>Index</strong></span> <span class='ocrx_word' id='word_1_259' title='bbox 1201 3507 1309 3560; x_wconf 79' lang='lat' dir='ltr'><strong>edmon-</strong></span> 
     </span>
     <span class='ocr_line' id='line_1_33' title="bbox 240 3591 1312 3660; baseline 0.002 -17"><span class='ocrx_word' id='word_1_260' title='bbox 240 3595 371 3645; x_wconf 89' lang='lat' dir='ltr'><strong>tariorum</strong></span> <span class='ocrx_word' id='word_1_261' title='bbox 389 3595 497 3645; x_wconf 80' lang='lat' dir='ltr'><strong>disticha</strong></span> <span class='ocrx_word' id='word_1_262' title='bbox 516 3600 635 3660; x_wconf 82' lang='lat' dir='ltr'><strong>quattuor</strong></span> <span class='ocrx_word' id='word_1_263' title='bbox 653 3621 683 3628; x_wconf 99' lang='lat'>—</span> <span class='ocrx_word' id='word_1_264' title='bbox 707 3593 748 3642; x_wconf 82' lang='lat' dir='ltr'><strong>Ad</strong></span> <span class='ocrx_word' id='word_1_265' title='bbox 768 3591 893 3641; x_wconf 86' lang='lat' dir='ltr'><strong>eundem.</strong></span> <span class='ocrx_word' id='word_1_266' title='bbox 912 3593 1063 3642; x_wconf 70' lang='lat' dir='ltr'><strong>llxousatio</strong></span> <span class='ocrx_word' id='word_1_267' title='bbox 1083 3593 1184 3644; x_wconf 85' lang='lat' dir='ltr'><strong>Lazari</strong></span> <span class='ocrx_word' id='word_1_268' title='bbox 1203 3596 1312 3645; x_wconf 70' lang='lat' dir='ltr'><strong>disticha</strong></span> 
     </span>
     <span class='ocr_line' id='line_1_34' title="bbox 241 3679 1275 3745; baseline 0.001 -17"><span class='ocrx_word' id='word_1_269' title='bbox 241 3683 294 3730; x_wconf 85' lang='lat' dir='ltr'><strong>tria</strong></span> <span class='ocrx_word' id='word_1_270' title='bbox 310 3703 345 3718; x_wconf 88' lang='lat'><strong>-··</strong></span> <span class='ocrx_word' id='word_1_271' title='bbox 362 3680 525 3745; x_wconf 82' lang='lat' dir='ltr'><strong>Registrurn.</strong></span> <span class='ocrx_word' id='word_1_272' title='bbox 1228 3679 1275 3743; x_wconf 72' lang='lat' dir='ltr'><strong>sol.</strong></span> 
     </span>
    </p>
   </div>
   <div class='ocr_carea' id='block_1_12' title="bbox 173 3849 1369 4342">
    <p class='ocr_par' dir='ltr' id='par_1_12' title="bbox 173 3849 1369 4342">
     <span class='ocr_line' id='line_1_35' title="bbox 258 3849 1312 3932; baseline 0.001 -22"><span class='ocrx_word' id='word_1_273' title='bbox 258 3851 315 3910; x_wconf 89' lang='lat' dir='ltr'><strong>His</strong></span> <span class='ocrx_word' id='word_1_274' title='bbox 337 3860 438 3910; x_wconf 85' lang='lat' dir='ltr'><strong>autem</strong></span> <span class='ocrx_word' id='word_1_275' title='bbox 465 3870 657 3932; x_wconf 69' lang='lat' dir='ltr'><strong>quacosupra</strong></span> <span class='ocrx_word' id='word_1_276' title='bbox 681 3849 768 3930; x_wconf 86' lang='lat' dir='ltr'><strong>posui</strong></span> <span class='ocrx_word' id='word_1_277' title='bbox 792 3849 851 3908; x_wconf 89' lang='lat' dir='ltr'><strong>iam</strong></span> <span class='ocrx_word' id='word_1_278' title='bbox 873 3851 955 3928; x_wconf 90' lang='lat' dir='ltr'><strong>typis</strong></span> <span class='ocrx_word' id='word_1_279' title='bbox 979 3851 1129 3928; x_wconf 82' lang='lat' dir='ltr'><strong>expressis</strong></span> <span class='ocrx_word' id='word_1_280' title='bbox 1150 3849 1181 3908; x_wconf 90' lang='lat' dir='ltr'><strong>in</strong></span> <span class='ocrx_word' id='word_1_281' title='bbox 1206 3871 1312 3912; x_wconf 85' lang='lat' dir='ltr'><strong>manus</strong></span> 
     </span>
     <span class='ocr_line' id='line_1_36' title="bbox 173 3945 1311 4034; baseline -0.001 -22"><span class='ocrx_word' id='word_1_282' title='bbox 173 3972 257 4013; x_wconf 87' lang='lat' dir='ltr'><strong>meas</strong></span> <span class='ocrx_word' id='word_1_283' title='bbox 273 3955 409 4034; x_wconf 88' lang='lat' dir='ltr'><strong>quintum</strong></span> <span class='ocrx_word' id='word_1_284' title='bbox 425 3953 595 4032; x_wconf 82' lang='lat' dir='ltr'><strong>exemplum</strong></span> <span class='ocrx_word' id='word_1_285' title='bbox 610 3945 751 4032; x_wconf 77' lang='lat' dir='ltr'><strong>pervenit</strong></span> <span class='ocrx_word' id='word_1_286' title='bbox 772 3953 897 4010; x_wconf 87' lang='lat' dir='ltr'><strong>comiter</strong></span> <span class='ocrx_word' id='word_1_287' title='bbox 910 3953 1118 4012; x_wconf 87' lang='lat' dir='ltr'><strong>transmissum</strong></span> <span class='ocrx_word' id='word_1_288' title='bbox 1139 3953 1311 4012; x_wconf 87' lang='lat' dir='ltr'><strong>aFleokoi-</strong></span> 
     </span>
     <span class='ocr_line' id='line_1_37' title="bbox 173 4052 1312 4136; baseline -0.004 -20"><span class='ocrx_word' id='word_1_289' title='bbox 173 4076 265 4128; x_wconf 84' lang='lat' dir='ltr'><strong>seno,</strong></span> <span class='ocrx_word' id='word_1_290' title='bbox 287 4055 368 4136; x_wconf 89' lang='lat' dir='ltr'><strong>quod</strong></span> <span class='ocrx_word' id='word_1_291' title='bbox 383 4057 455 4114; x_wconf 90' lang='lat' dir='ltr'><strong>item</strong></span> <span class='ocrx_word' id='word_1_292' title='bbox 472 4056 612 4133; x_wconf 86' lang='lat' dir='ltr'><strong>ignorant</strong></span> <span class='ocrx_word' id='word_1_293' title='bbox 633 4053 847 4134; x_wconf 88' lang='lat' dir='ltr'><strong>bibliographi.</strong></span> <span class='ocrx_word' id='word_1_294' title='bbox 888 4055 945 4113; x_wconf 85' lang='lat' dir='ltr'><strong>Est</strong></span> <span class='ocrx_word' id='word_1_295' title='bbox 966 4053 997 4112; x_wconf 94' lang='lat' dir='ltr'><strong>id</strong></span> <span class='ocrx_word' id='word_1_296' title='bbox 1014 4052 1219 4131; x_wconf 87' lang='lat' dir='ltr'><strong>Lugdunense</strong></span> <span class='ocrx_word' id='word_1_297' title='bbox 1240 4054 1312 4114; x_wconf 87' lang='lat' dir='ltr'><strong>anni</strong></span> 
     </span>
     <span class='ocr_line' id='line_1_38' title="bbox 175 4155 1310 4238; baseline -0.003 -18"><span class='ocrx_word' id='word_1_298' title='bbox 175 4167 253 4232; x_wconf 79' lang='lat'>1502,</span> <span class='ocrx_word' id='word_1_299' title='bbox 268 4157 421 4238; x_wconf 89' lang='lat' dir='ltr'><strong>persimile</strong></span> <span class='ocrx_word' id='word_1_300' title='bbox 438 4156 504 4216; x_wconf 89' lang='lat' dir='ltr'><strong>aliis</strong></span> <span class='ocrx_word' id='word_1_301' title='bbox 518 4176 598 4238; x_wconf 88' lang='lat' dir='ltr'><strong>quae</strong></span> <span class='ocrx_word' id='word_1_302' title='bbox 617 4159 698 4216; x_wconf 86' lang='lat' dir='ltr'><strong>circa</strong></span> <span class='ocrx_word' id='word_1_303' title='bbox 713 4156 790 4215; x_wconf 93' lang='lat' dir='ltr'><strong>illud</strong></span> <span class='ocrx_word' id='word_1_304' title='bbox 806 4165 924 4235; x_wconf 80' lang='lat' dir='ltr'><strong>tempus</strong></span> <span class='ocrx_word' id='word_1_305' title='bbox 940 4155 1116 4234; x_wconf 87' lang='lat' dir='ltr'><strong>prodierunt</strong></span> <span class='ocrx_word' id='word_1_306' title='bbox 1126 4155 1310 4235; x_wconf 87' lang='lat' dir='ltr'><strong>Lugdunen-</strong></span> 
     </span>
     <span class='ocr_line' id='line_1_39' title="bbox 174 4243 1369 4342; baseline -0.004 -22"><span class='ocrx_word' id='word_1_307' title='bbox 174 4258 388 4334; x_wconf 85' lang='lat' dir='ltr'><strong>sibus,indice</strong></span> <span class='ocrx_word' id='word_1_308' title='bbox 406 4257 530 4342; x_wconf 87' lang='lat' dir='ltr'><strong>quidem</strong></span> <span class='ocrx_word' id='word_1_309' title='bbox 544 4259 637 4318; x_wconf 86' lang='lat' dir='ltr'><strong>hoco:</strong></span> <span class='ocrx_word' id='word_1_310' title='bbox 675 4243 679 4252; x_wconf 47' lang='lat'>⁸</span> <span class='ocrx_word' id='word_1_311' title='bbox 1367 4255 1369 4260; x_wconf 81' lang='grc'><strong>’</strong></span> 
     </span>
    </p>
   </div>
   <div class='ocr_carea' id='block_1_13' title="bbox 173 4379 1310 4564">
    <p class='ocr_par' dir='ltr' id='par_1_13' title="bbox 173 4379 1310 4564">
     <span class='ocr_line' id='line_1_40' title="bbox 173 4379 1310 4475; baseline 0 -13"><span class='ocrx_word' id='word_1_312' title='bbox 173 4413 205 4462; x_wconf 91' lang='grc' dir='ltr'><strong>Ρ.</strong></span> <span class='ocrx_word' id='word_1_313' title='bbox 223 4409 346 4474; x_wconf 87' lang='lat' dir='ltr'><strong>Terentij</strong></span> <span class='ocrx_word' id='word_1_314' title='bbox 372 4409 451 4475; x_wconf 89' lang='lat' dir='ltr'><strong>aphri</strong></span> <span class='ocrx_word' id='word_1_315' title='bbox 477 4411 608 4470; x_wconf 69' lang='lat' dir='ltr'><strong>comicolt</strong></span> <span class='ocrx_word' id='word_1_316' title='bbox 632 4379 833 4474; x_wconf 83' lang='lat' dir='ltr'><strong>elegantissimi</strong></span> <span class='ocrx_word' id='word_1_317' title='bbox 852 4407 1003 4470; x_wconf 63' lang='lat' dir='ltr'><strong>Coilmedie</strong></span> <span class='ocrx_word' id='word_1_318' title='bbox 1022 4425 1028 4458; x_wconf 73' lang='grc' dir='ltr'><strong><em>ε</em></strong></span> <span class='ocrx_word' id='word_1_319' title='bbox 1048 4424 1066 4459; x_wconf 84' lang='lat' dir='ltr'><strong>a</strong></span> <span class='ocrx_word' id='word_1_320' title='bbox 1085 4409 1208 4460; x_wconf 77' lang='lat' dir='ltr'><strong>(luidone</strong></span> <span class='ocrx_word' id='word_1_321' title='bbox 1226 4411 1310 4463; x_wconf 86' lang='lat' dir='ltr'><strong>June·</strong></span> 
     </span>
     <span class='ocr_line' id='line_1_41' title="bbox 241 4489 1309 4564; baseline 0.001 -18"><span class='ocrx_word' id='word_1_322' title='bbox 241 4495 304 4547; x_wconf 92' lang='lat' dir='ltr'><strong>nale</strong></span> <span class='ocrx_word' id='word_1_323' title='bbox 322 4496 382 4546; x_wconf 87' lang='lat' dir='ltr'><strong>viro</strong></span> <span class='ocrx_word' id='word_1_324' title='bbox 401 4492 469 4559; x_wconf 66' lang='lat' dir='ltr'><strong>perri</strong></span> <span class='ocrx_word' id='word_1_325' title='bbox 483 4489 625 4560; x_wconf 75' lang='lat' dir='ltr'><strong>litllterato</strong></span> <span class='ocrx_word' id='word_1_326' title='bbox 644 4494 820 4545; x_wconf 82' lang='lat' dir='ltr'><strong>familiariter</strong></span> <span class='ocrx_word' id='word_1_327' title='bbox 838 4493 985 4559; x_wconf 83' lang='lat' dir='ltr'><strong>explanate</strong></span> <span class='ocrx_word' id='word_1_328' title='bbox 1004 4511 1011 4544; x_wconf 93' lang='lat'><strong>:</strong></span> <span class='ocrx_word' id='word_1_329' title='bbox 1035 4507 1045 4548; x_wconf 82' lang='lat'><em>2</em></span> <span class='ocrx_word' id='word_1_330' title='bbox 1064 4495 1098 4544; x_wconf 84' lang='lat' dir='ltr'><strong>ab</strong></span> <span class='ocrx_word' id='word_1_331' title='bbox 1116 4491 1238 4564; x_wconf 72' lang='lat' dir='ltr'><strong>Jolldoeo</strong></span> <span class='ocrx_word' id='word_1_332' title='bbox 1256 4497 1309 4548; x_wconf 87' lang='lat' dir='ltr'><strong>Ba-</strong></span> 
     </span>
    </p>
   </div>
   <div class='ocr_carea' id='block_1_14' title="bbox 404 4612 435 4631">
    <p class='ocr_par' dir='ltr' id='par_1_14' title="bbox 404 4612 435 4631">
     <span class='ocr_line' id='line_1_42' title="bbox 404 4612 435 4631; baseline 0 0"><span class='ocrx_word' id='word_1_333' title='bbox 404 4612 435 4631; x_wconf 71' lang='grc' dir='ltr'><strong>ἾΞ</strong></span> 
     </span>
    </p>
   </div>
   <div class='ocr_carea' id='block_1_15' title="bbox 0 0 1574 5100">
    <p class='ocr_par' dir='ltr' id='par_1_15' title="bbox 0 0 1574 5100">
     <span class='ocr_line' id='line_1_43' title="bbox 0 0 1574 5100; baseline 0 0"><span class='ocrx_word' id='word_1_334' title='bbox 0 0 1574 5100; x_wconf 95' lang='lat' dir='ltr'><strong> </strong></span> 
     </span>
    </p>
   </div>
  </div>
 </body>
</html>
