3064 5064
232 379 292 444 138
609 395 655 436 nn
674 391 761 437 vrnrs
783 391 999 436 innueramus
1022 415 1032 428 r

234 557 274 620 ε
301 565 421 609 auersa
448 541 657 608 obelismene.
698 557 740 638 ff
764 539 952 604 cerauniou.
981 565 1017 598 .·.
1037 537 1150 602 obelus
1179 536 1394 632 adpunctus

229 657 312 720 -<
327 643 440 710 obelus
455 665 528 709 oum
543 662 673 708 auersa.
694 654 729 717 >
748 640 838 728 diple
850 659 992 726 superne
1007 637 1148 704 obelata.
1170 626 1213 713 ’5
1234 647 1269 712 <
1286 643 1376 702 recta

233 756 266 812 et
287 766 405 811 auersa
426 765 566 832 superne
584 742 744 810 obelatae.
780 733 818 810 >‘<
842 741 895 807 ehi
924 749 1025 806 etro.
1063 749 1083 833 ᾧ
1109 739 1185 804 fiet
1205 760 1253 803 ro.
1282 724 1375 819 lau·

229 869 308 914 cora
331 847 487 933 superior.
544 845 549 930 Ι
574 865 695 910 ancora
716 843 864 908 inferior.
889 842 1015 927 alogus.

315 947 378 1012 His
401 947 479 1012 solis
502 933 821 1012 inaduotatiouibus
836 943 938 1008 Ennii
953 941 1075 1006 Lucilii
1098 949 1130 1006 et
1147 940 1398 1006 historicorum⁸

230 1053 283 1116 usi
307 1059 384 1115 sunt
399 1049 623 1132 Vargunteius
645 1047 774 1112 Ennius
790 1045 975 1130 Aeliusque
997 1052 1031 1106 et
1050 1051 1216 1129 postremo
1237 1041 1375 1123 Probus,

230 1155 288 1238 qui
315 1149 389 1216 illas
418 1153 451 1212 in
471 1149 613 1236 Virgilio
636 1159 669 1215 et
690 1147 829 1213 Horatio
850 1155 883 1210 et
902 1145 1056 1210 Lucretio
1078 1145 1231 1230 apposuit
1252 1153 1289 1210 ut
1310 1141 1377 1208 Ho-

232 1275 322 1317 mero
345 1251 568 1316 Aristarchus.

321 1390 356 1400 -
390 1350 505 1416 obelus
538 1351 690 1418 uersibus
722 1348 898 1436 apponitur
928 1345 989 1410 hae
1021 1367 1130 1410 causa.
1182 1345 1376 1410 Pisistratus

231 1454 397 1542 quondam
414 1437 667 1517 Atheniensium
683 1461 843 1538 tyrannus
864 1447 1051 1513 inordinata
1069 1456 1101 1510 et
1118 1447 1255 1512 confusa
1269 1445 1377 1510 adhue
1387 1453 1414 1496 ¹⁰

232 1557 322 1642 poesi
336 1553 473 1618 Homeri
495 1555 639 1640 praemio
655 1552 834 1618 sollicitere
857 1550 1029 1637 proposuit
1051 1550 1178 1636 eosqui
1199 1569 1271 1613 eam
1293 1545 1378 1611 ordi·

232 1665 350 1720 narent
383 1655 490 1741 iisque
520 1654 658 1740 praemii
689 1656 822 1718 nomine
848 1654 883 1716 in
912 1649 1058 1736 singulos
1086 1672 1201 1715 uersus
1231 1649 1378 1735 singulos

233 1756 345 1822 obolos
374 1757 551 1820 constituit.
592 1755 741 1820 mercede
773 1753 867 1818 multi
895 1751 1021 1816 inducti
1049 1773 1228 1840 pauperes,
1258 1749 1379 1838 quibus

232 1859 401 1943 ingenium
434 1854 608 1939 affluebat,
648 1857 802 1942 quoniam
836 1863 894 1919 aut
929 1854 1078 1918 inuenire
1115 1863 1173 1918 aut
1204 1851 1379 1938 disponere

237 1959 304 2043 (ut)
326 1957 468 2022 debebat
490 1979 557 2022 non
573 1966 740 2044 poterunt,
771 1953 926 2042 fingendo
952 1953 1111 2040 plurimos
1132 1975 1248 2018 uersus
1272 1953 1379 2041 operis
1389 1961 1416 2000 ¹⁵

233 2058 439 2124 nobilitatem
454 2069 676 2146 corruperunt.
711 2058 798 2123 unde
818 2057 942 2137 euenit,
963 2063 1001 2120 ut
1021 2065 1136 2142 postea
1151 2055 1380 2142 prudentiores

233 2161 316 2244 uiri,
345 2181 484 2247 quorum
505 2181 649 2225 summus
672 2161 708 2223 in
727 2159 790 2223 bae
815 2180 852 2222 re
881 2157 944 2222 fuit
972 2157 1199 2239 Aristarchus,
1230 2157 1381 2244 quotiens

235 2261 448 2349 inprobarent
465 2282 581 2327 uersus
603 2263 698 2348 quasi
719 2269 776 2325 aut
796 2260 900 2324 malos
916 2266 974 2322 aut
995 2279 1060 2322 uon
1075 2257 1284 2340 Homericos,
1306 2259 1383 2324 obe·

234 2363 303 2429 lum
323 2364 494 2451 potissime
515 2363 694 2427 notandum
712 2363 950 2426 existimarent.
983 2381 1059 2424 nam
1082 2369 1114 2424 et
1128 2363 1230 2446 ipsius
1245 2359 1383 2426 Homeri

236 2466 388 2553 proprios
411 2465 470 2530 sed
493 2485 558 2530 non
589 2487 627 2530 eo
654 2464 772 2550 dignos
796 2461 909 2527 eadem
932 2461 992 2526 hac
1017 2470 1095 2526 nota
1112 2459 1420 2526 condemnarunuw

237 2651 289 2701 que
310 2636 430 2700 antiquis
455 2634 489 2685 ud
508 2635 714 2686 distinctionem
737 2635 934 2700 seripturarum
958 2633 1127 2684 carminibus
1149 2639 1178 2684 et
1194 2633 1318 2684 historiis
1336 2633 1384 2684 ad·

238 2711 398 2769 posueruut.
429 2709 497 2752 nota
516 2707 558 2752 est
571 2703 659 2768 ligura
670 2705 783 2768 propria
801 2701 956 2752 inluseras
974 2702 1080 2752 modum
1099 2703 1191 2767 posita
1210 2702 1245 2752 ad
1259 2703 1384 2752 demons-

237 2771 365 2821 trandam
393 2785 613 2835 unamquamque
643 2771 723 2820 uerbi
750 2771 1003 2834 sententiarumque
1031 2786 1064 2820 ae
1088 2785 1216 2820 uersuum
1238 2772 1384 2820 rationem.

238 2844 322 2888 notae
342 2842 435 2887 autem
452 2837 579 2888 uersibus
598 2843 772 2904 apponuntur
790 2853 903 2886 numero
922 2839 1022 2904 uiginti
1041 2853 1103 2898 sex,
1128 2853 1198 2902 quae
1217 2843 1280 2887 suut
1297 2839 1383 2888 nomi-

155 2933 163 2946 ι
239 2906 322 2956 nibus
340 2905 414 2954 insra
433 2905 553 2970 seriptis.
589 2905 746 2955 Asteriscus
770 2904 877 2969 (fipuras
900 2906 941 2956 ubi
963 2907 1071 2971 differre
1095 2921 1146 2956 nou
1162 2912 1283 2970 poterunt
1301 2907 1385 2970 omisi)

241 2973 388 3038 adponitur
406 2973 434 3022 in
453 2973 509 3034 his,
529 2987 598 3038 quae
618 2973 720 3023 omissa
738 2979 814 3044 sunt,
834 2980 865 3022 ut
882 2974 1051 3024 inluciscant
1069 2989 1119 3038 per
1131 2989 1191 3023 eum
1207 2978 1299 3023 uotam
1312 2989 1384 3038 quae

237 3041 337 3090 deesse
360 3041 508 3091 uidentur·
539 3040 621 3090 stelle
653 3041 726 3091 enim
754 3033 843 3106 ἀστὴρ
872 3041 973 3091 dicitur
996 3041 1105 3091 Graeco
1128 3056 1264 3102 sermone,
1291 3056 1307 3090 ιι
1331 3057 1386 3106 quo

238 3107 391 3158 asteriscus
410 3107 560 3158 deriuatus.
598 3107 702 3158 Obelus
721 3107 749 3157 id
769 3115 812 3158 est
828 3109 939 3174 uirgula
964 3110 1060 3159 iacens
1079 3112 1227 3175 apponitur
1244 3109 1273 3158 in
1290 3109 1387 3158 uerbis

237 3175 283 3225 uel
306 3175 336 3226 in
359 3176 506 3226 sententiis
530 3177 667 3242 superflue
691 3177 801 3226 iteratis
825 3191 874 3226 seu
895 3177 924 3226 in
948 3177 990 3226 his
1015 3177 1097 3238 locis,
1121 3177 1168 3228 ubi
1186 3176 1270 3226 lectio
1289 3176 1387 3242 aliqua

239 3241 366 3294 falsitate
378 3248 476 3293 notata
490 3248 546 3303 est,
565 3248 597 3293 ut
615 3245 695 3308 quasi
708 3244 812 3308 sagitta
825 3244 932 3309 iugulet
944 3259 1116 3309 superuacua
1131 3249 1213 3308 atque
1228 3243 1301 3294 falsa
1320 3259 1385 3293 con·

239 3309 336 3361 fodiat.
374 3312 480 3376 sagitta
499 3312 571 3360 enim
590 3327 691 3376 graece
711 3301 810 3376 ὃβελος
827 3311 936 3362 dicitnr.
973 3312 1077 3361 Obelus
1096 3327 1212 3376 superne
1232 3311 1387 3376 adpunctus

238 3378 350 3444 ponitur
362 3379 391 3428 iu
403 3379 447 3428 bis
459 3379 493 3428 de
507 3377 606 3443 qulbus
619 3379 763 3429 dubitatur
774 3385 864 3428 utrum
877 3379 936 3428 tolli
949 3378 1070 3429 debeant
1087 3395 1185 3429 necue.
1207 3387 1239 3440 -ζ-
1259 3380 1387 3428 Lemnis-

240 3461 289 3495 cus
307 3446 336 3496 id
354 3451 397 3496 est
414 3445 523 3511 uirgula
541 3446 614 3496 inter
632 3447 755 3512 geminos
773 3451 889 3512 punctos
913 3447 1009 3497 iacens
1028 3448 1175 3512 apponitur
1198 3448 1226 3498 in
1244 3445 1287 3496 bis
1305 3445 1386 3508 locis,

240 3527 311 3578 quae
335 3527 433 3564 sacrae
457 3514 612 3579 scripturae
635 3515 803 3580 interpretes
827 3515 922 3564 eodem
947 3529 1030 3566 seusu
1052 3514 1100 3563 sed
1119 3515 1237 3565 diuersis
1255 3516 1388 3564 sermoni·

241 3581 292 3630 hus
311 3581 521 3632 transtulerunt.
543 3581 556 3644 p
576 3581 765 3647 Antigraphus
784 3587 843 3632 cum
868 3587 970 3647 puncto
989 3581 1150 3648 adponitur,
1175 3582 1223 3634 ubi
1250 3584 1278 3632 in
1296 3589 1388 3633 trans·

240 3647 393 3700 latioribus
411 3648 536 3700 diversus
554 3663 652 3700 sensus
670 3649 796 3700 habetur.
832 3649 988 3701 Asteriscua
1007 3667 1067 3700 cum
1086 3649 1176 3700 obelo.
1207 3651 1259 3700 hoc
1277 3651 1388 3716 proprie

241 3715 417 3768 Aristarchus
440 3717 570 3768 utebatur
593 3718 622 3768 in
645 3717 687 3767 his
717 3717 844 3772 uersibus
867 3718 914 3782 qui
937 3733 991 3768 nou
1020 3733 1069 3768 sno
1099 3717 1159 3768 loeo
1186 3718 1269 3782 positi
1299 3723 1387 3768 eraut.

240 3777 268 3836 Γ
288 3783 484 3850 Peragraphus
502 3786 613 3850 ponitur
631 3785 667 3834 ad
685 3783 918 3850 separandas-res
936 3786 1048 3836 erebus
1068 3787 1181 3850 quaein
1199 3800 1305 3836 conexu
1322 3801 1387 3836 eon·

250 3899 256 3904 -
326 3937 571 4018 isuperobelata
588 3941 616 3997 P
628 3931 641 4020 Η
656 3949 674 4002 3
691 3935 814 3996 obelata
832 3939 860 3996 P
872 3869 921 4019 lili
935 3941 963 3997 P
975 3933 989 4020 11
1004 3937 1138 3998 anchora
1158 3941 1186 3997 P
1199 3937 1249 4014 (sic
1263 3937 1389 4018 semper)

241 4019 255 4106 ll
272 4029 348 4100 “²⁰95
366 4031 435 4106 Μία
457 4027 600 4082 inlssrcidt'l
615 4017 629 4105 ll
649 4035 665 4086 5
683 4023 788 4084 henuii
807 4025 834 4081 P
852 4021 865 4104 ll
888 4023 1001 4084 Lucilii
1019 4025 1179 4100 Berplrius:
1200 4023 1272 4082 lucii
1290 4025 1317 4082 P
1337 4017 1351 4104 ΙΙ
1371 4032 1391 4088 6

242 4160 448 4237 Vargunteius
465 4160 626 4234 Berplrr'ur:
645 4177 752 4218 uarros
767 4157 897 4218 bennius
916 4155 969 4240 Pl}
984 4158 1154 4238 deliusque
1169 4163 1289 4232 scripsi:
1313 4157 1389 4217 bae·

243 4245 303 4304 lius
317 4263 352 4303 ae
376 4263 435 4304 uae
445 4245 471 4304 P
483 4243 608 4302 Laelius
620 4243 791 4303 Archelaus
804 4249 876 4302 coni.
893 4245 1040 4317 Berplriar
1054 4240 1068 4327 l}
1085 4253 1115 4304 ll
1130 4243 1180 4322 qui
1193 4263 1259 4302 eam
1272 4247 1393 4316 scripsi.-

241 4329 315 4410 quia
326 4263 381 4411 Pl}
395 4328 572 4388 ordinarent
586 4331 708 4402 scripsi.-
725 4326 918 4388 ordinassent
931 4330 959 4385 P
971 4323 984 4409 ll
1001 4337 1035 4390 13
1050 4326 1156 4386 obelos
1168 4329 1196 4385 P
1208 4323 1222 4408 ΙΙ
1240 4337 1277 4390 ts.
1286 4335 1320 4387 ut
1338 4331 1392 4386 ad-

242 4417 302 4472 didi
315 4409 330 4495 ll
346 4421 381 4478 18
400 4412 576 4492 inprobaret
596 4414 624 4469 P
637 4408 649 4493 ll
669 4422 701 4476 19
718 4411 926 4472 exhistimaret
943 4415 972 4470 P
983 4408 996 4494 ΙΙ
1011 4419 1046 4474 20
1062 4421 1093 4472 et
1104 4415 1132 4470 P
