3072 5064
570 409 613 452 na
634 409 774 455 aarvars
798 409 906 453 asavn
1247 395 1308 458 195

191 642 198 656 ι
271 579 368 644 quam
397 559 519 622 circum
541 567 707 622 extremae
730 557 847 624 dextra
871 561 1029 646 laeuaque
1050 557 1224 624 trahuntur

272 659 425 724 caerulea
446 657 551 743 glaeie
573 667 744 724 concretae

165 769 197 824 et
218 759 389 825 Lucanus:

294 863 342 926 sic
362 862 475 926 mandi
492 863 570 949 pars
594 864 660 926 ima
681 864 781 944 iacet,
811 883 907 948 qaam
930 883 1013 927 aona
1035 861 1154 928 niualis

140 981 152 1018 ι
294 973 531 1051 perpetuaeque
555 973 707 1051 premunt
728 963 873 1046 hiemes]

250 1167 290 1232 In
318 1167 509 1232 delinitione
530 1177 638 1234 autom
668 1166 781 1231 mandi
809 1181 978 1230 cracvaos
1006 1169 1097 1232 aiunt
1122 1167 1306 1254 philosophi
1322 1155 1420 1233 l25*

163 1271 327 1355 quinque,
357 1291 439 1356 quos
462 1269 581 1334 Graeci
604 1271 624 1348 Η
647 1263 883 1352 παραλλήλους
910 1269 943 1332 id
974 1278 1023 1332 est
1045 1284 1156 1332 zonas
1179 1277 1308 1354 uocant,

1104 1423 1110 1449 Ι

163 1457 260 1507 taliam
274 1457 369 1508 orbem
388 1459 585 1524 appellantium
604 1458 652 1509 sed
665 1465 693 1508 et
711 1463 873 1522 argumenta
890 1473 979 1507 rerum
996 1453 1105 1508 docent'
1120 1473 1144 1508 s.
1158 1473 1183 1522 q.
1197 1473 1217 1508 s.
1245 1455 1307 1508 160:

163 1525 292 1576 ‘Mrrndus
305 1527 333 1574 in
347 1533 470 1576 centrum
482 1529 574 1592 uergit
587 1532 705 1578 aeterra
719 1527 774 1576 exit
788 1543 804 1575 a
817 1530 912 1575 centro
924 1525 1074 1576 inmensum
1087 1527 1144 1576 eius
1157 1526 1266 1592 globum
1279 1527 1307 1577 in

163 1596 280 1644 tonnam
294 1595 367 1644 orbis
381 1595 495 1645 adsidua
508 1596 584 1646 cirea
598 1612 658 1645 eam
671 1595 764 1644 mundi
776 1593 949 1644 notabilitate
964 1593 1100 1660 cogente!
1128 1593 1188 1644 llll:
1209 1595 1306 1660 ‘neque

163 1665 246 1724 enlm,
260 1667 291 1710 ut
304 1661 397 1712 dixere
411 1662 503 1727 aliqui,
516 1663 631 1713 mandas
644 1663 696 1714 hoc
709 1662 771 1728 polo
785 1661 1006 1726 (septorutrioaoh')
1020 1661 1169 1712 excelsiore
1182 1677 1211 1712 se
1226 1662 1306 1712 attol-

162 1731 202 1794 lit,
217 1736 267 1780 aut
279 1729 399 1796 undique
410 1735 589 1782 cernerentur
597 1729 667 1781 haee
677 1731 770 1780 sidera
780 1731 1003 1794 (ουρλουιλνιοιιεο).
1024 1746 1118 1780 aeram
1128 1731 1198 1780 haec
1211 1731 1306 1780 cadem

162 1798 317 1864 quibusque
329 1799 467 1864 proxumis
480 1799 639 1849 sublimiora
653 1799 811 1860 ereduntur,
831 1798 980 1864 eademque
998 1799 1124 1848 demersa
1140 1799 1306 1864 longinquis,

162 1874 246 1932 utque
261 1881 333 1915 aurrc
347 1867 470 1917 sublimis
482 1867 510 1916 ia
524 1867 632 1917 deiecta
646 1867 741 1934 positis
754 1866 862 1915 uidetur
874 1865 918 1914 hic
932 1871 1036 1928 uertex,
1055 1867 1095 1916 sic
1113 1868 1141 1916 ia
1159 1867 1235 1916 illam
1252 1873 1305 1916 ter·

161 1951 209 1984 rae
224 1934 412 1984 deuexitatem
426 1935 607 2000 transgressis
619 1935 668 1984 illa
681 1951 711 1984 se
725 1931 853 1984 attollunt
863 1934 1045 1984 residentibus
1056 1951 1126 2000 quae
1139 1935 1183 1984 hic
1195 1935 1307 1984 excelsa

161 2003 284 2064 sacrant,
299 2002 435 2068 quodnisi
448 2003 475 2051 in
488 2001 576 2068 figura
589 2003 662 2068 pilae
677 2002 804 2053 accidere
817 2018 871 2052 aon
884 2001 996 2068 posset’
1021 2001 1185 2064 Plutarchus
1202 2003 1235 2052 dc
1248 2003 1307 2068 pla-

161 2071 225 2120 citis
245 2068 344 2136 philos.
374 2070 449 2120 112:
474 2067 545 2134 Περὶ
564 2085 596 2135 ot
609 2063 706 2136 ’ματος
723 2061 839 2146 κόσροο.
866 2063 905 2120 Oi
942 2063 973 2119 lv
991 2066 1112 2122 Στωικοὶ
1134 2067 1308 2136 σφαιροειδῆ

161 2131 213 2188 τὸν
225 2131 345 2202 κόσμον,
358 2127 439 2189 ἄλλοι
453 2130 485 2188 di
497 2088 655 2204 accersiri,
675 2133 705 2188 ol
717 2131 749 2189 δὲ
763 2135 876 2204 woerda.
898 2087 1066 2201 ’ἐπίκουρος
1084 2132 1116 2188 dl
1135 2131 1306 2203 ἐνδέχεσθαι

161 2201 216 2271 μὲν
229 2197 309 2256 εἶναι
323 2203 519 2270 σφαιροειδεῖς
531 2200 597 2266 τούς
609 2199 741 2272 κόσμους,
756 2189 926 2272 deciperem
941 2199 973 2256 δὲ
991 2202 1040 2256 καὶ
1060 2196 1166 2271 ἑτέροις
1183 2199 1305 2273 σχήμασι

160 2272 336 2340 κεχρῆσθαι.
361 2275 520 2324 Marcianus
535 2274 652 2341 Capella
665 2275 730 2324 VIII
743 2273 806 2324 814:
826 2274 951 2323 ‘Mundus
966 2310 987 2324 ..
1002 2291 1035 2322 ex
1053 2281 1169 2340 quatuor
1187 2275 1305 2323 elemen-

161 2345 197 2392 tis
210 2341 364 2406 iisdemque
382 2343 447 2392 totis
465 2343 494 2392 in
511 2343 646 2408 sphaerae
665 2343 771 2392 modum
785 2341 912 2406 globatos
930 2346 1031 2390 terram
1046 2343 1074 2391 in
1092 2343 1181 2391 medio
1198 2343 1305 2407 imoque

160 2409 282 2460 ‹lelixam
302 2411 422 2460 aeternis
445 2411 517 2460 caeli
541 2411 664 2476 raptibus
683 2411 898 2460 circumcurrens
918 2407 1046 2458 circulari
1064 2410 1180 2474 quadam
1198 2410 1305 2459 ratione

161 2474 355 2528 discriminat)
373 2505 407 2513 -
434 2478 566 2528 Boethius
584 2479 617 2528 de
635 2495 722 2544 geom.
746 2479 775 2528 11
792 2495 817 2542 p.
840 2477 902 2526 1537
925 2477 978 2539 (ed.
996 2477 1081 2527 Basil.
1106 2475 1198 2542 1570):
1222 2477 1305 2526 ‘Nam

161 2545 279 2596 mundas
292 2546 353 2610 ipse
366 2545 513 2612 sphaerica
528 2547 613 2596 fertur
625 2547 792 2596 rotunditate
811 2545 957 2607 collectus,
970 2550 1000 2594 ut
1013 2545 1136 2595 diuersae
1148 2561 1237 2594 rerum
1252 2545 1304 2594 sor-

161 2631 222 2664 mas
242 2613 362 2664 ambitus
380 2613 420 2664 sui
440 2614 601 2664 circuitione
616 2614 804 2676 concluderet,
828 2613 899 2662 ando
917 2613 1015 2662 librum
1033 2614 1141 2663 Seneca
1159 2618 1304 2664 consenta-

160 2698 216 2732 nea
234 2680 407 2746 philosophis
425 2682 611 2748 disputatione
630 2683 772 2746 formauit,
791 2681 834 2731 cai
852 2681 946 2730 titulus
966 2685 1019 2731 est:
1042 2682 1075 2730 de
1094 2682 1182 2730 lomna
1195 2679 1305 2730 mnndi!
1395 2713 1402 2726 .

162 2750 263 2800 eadem
281 2747 472 2799 Cassiodorius
495 2750 528 2800 de
547 2743 651 2800 artibus
676 2767 708 2799 ae
731 2747 884 2814 disciplinis
907 2748 1014 2798 liberal.
1043 2749 1095 2798 VII
1119 2748 1163 2811 (de
1182 2755 1304 2800 astrono-
1343 2789 1351 2808 .

162 2818 229 2875 mia)
244 2817 273 2866 11
285 2833 312 2882 p.
326 2816 377 2866 559
389 2817 415 2866 b.
430 2817 534 2880 Geret,
547 2819 600 2868 nisi
614 2820 683 2884 qaod
696 2818 766 2868 haec
779 2817 866 2868 addit:
887 2817 974 2882 ‘quern
988 2817 1066 2867 uobis
1079 2815 1254 2884 relinquimus
1265 2835 1304 2868 re·

160 2881 331 2950 legendum)
358 2883 548 2936 Cassiodorius
562 2886 614 2936 fine
629 2885 750 2936 eiusdem
764 2886 876 2951 eapitis:
896 2885 998 2933 ‘Mundi
1013 2900 1117 2950 quoque
1131 2885 1246 2948 liguram
1260 2901 1302 2935 ca·

160 2953 330 3004 riesissimus
343 2953 430 3002 Varro
446 2954 547 3020 longae
565 2954 724 3004 rotunditati
742 2953 770 3002 in
787 2951 954 3018 geometriae
972 2953 1108 3002 uolumine
1127 2955 1298 3019 coarparauit

163 3023 281 3072 sormam
299 3019 386 3085 ipsius
405 3021 437 3070 ad
452 3023 497 3071 oni
509 3021 713 3072 similitudinem
725 3021 848 3082 trahens,
862 3021 931 3086 qaod
944 3021 971 3069 in
984 3021 1128 3072 latitudine
1141 3021 1248 3088 qaideru
1261 3038 1304 3072 ro-

162 3089 287 3148 tundam,
301 3089 350 3138 scd
368 3089 396 3137 in
408 3088 578 3156 longitudine
592 3091 723 3154 probatur
736 3087 901 3152 oblongam!

251 3153 321 3208 l'25*
338 3155 458 3206 isidorus
475 3149 509 3207 de
527 3164 626 3207 natura
644 3171 732 3206 rerum
750 3159 788 3208 X:
808 3157 859 3206 ‘lle
878 3157 995 3222 quiaque
1015 3157 1126 3208 circulis
1142 3158 1243 3208 mundi.
1268 3159 1304 3207 Iu

161 3225 380 3275 definitione
449 3223 602 3290 perusti)
625 3225 745 3275 Isidorus
762 3226 913 3292 parallelos
931 3241 992 3273 cam
1013 3225 1089 3275 zonis
1107 3226 1186 3275 initio
1204 3226 1305 3290 eapitis

161 3293 298 3344 confudit.
316 3320 345 3326 —
362 3292 473 3342 Servius
490 3310 584 3360 georg.
598 3291 685 3344 1233:
704 3290 808 3358 Zoaae]
822 3293 849 3342 ίἰ.
864 3309 887 3342 e.
899 3291 1001 3358 plagae
1014 3293 1059 3342 ucl
1071 3293 1175 3355 circuli,
1195 3309 1304 3358 quonaa

160 3363 267 3426 primus
284 3360 531 3426 septemtrionalis,
550 3362 594 3410 acl
612 3365 642 3410 at
659 3361 769 3426 quidam
787 3361 894 3422 uolunt,
914 3360 1075 3426 aquilonius.
1101 3376 1186 3410 zonae
1200 3361 1305 3422 circuli,

161 3431 207 3494 qui
219 3429 328 3480 coelum
342 3445 375 3478 ae
387 3433 488 3478 terram
501 3429 586 3478 ueluti
599 3445 685 3480 zonae
699 3429 821 3494 cingunt.
840 3429 1014 3490 translatiue;
1028 3445 1089 3478 nam
1100 3429 1207 3494 proprie
1219 3445 1305 3478 zonae

161 3499 295 3560 interris,
310 3495 358 3546 scd
370 3513 419 3561 pro
430 3497 574 3562 parallelis
587 3499 605 3546 i.
620 3513 643 3546 e.
663 3497 774 3547 circulis
791 3497 888 3562 posuit.
913 3495 1145 3562 selrtcmtrionalis
1162 3497 1305 3546 aestiaalis

161 3564 379 3630 aequinoctialis
393 3564 523 3615 brumalis
541 3563 688 3616 australis)
712 3566 906 3630 Fragmentum
921 3565 1071 3614 Censorino
1094 3564 1260 3630 adscriptum
1277 3563 1305 3614 ll

165 3633 243 3684 1—4:
264 3633 316 3682 ‘De
330 3631 403 3682 caeli
414 3633 559 3698 positione.
585 3632 697 3683 Caelum
715 3633 825 3682 circulis
843 3632 960 3698 quinque
978 3632 1162 3697 distinguitur,
1193 3646 1304 3696 qaorum

161 3701 278 3752 extremi
291 3699 409 3750 maxime
423 3701 529 3766 frigidi,
549 3701 679 3751 australis
691 3699 856 3750 humillimus
874 3705 901 3750 et
920 3699 1073 3765 aquilonius
1092 3699 1304 3750 excelsissimus.

161 3769 206 3820 his
219 3771 356 3835 utrimque
368 3769 485 3834 proximi
497 3769 549 3820 duo
561 3769 713 3835 paralleloe
726 3773 869 3833 uocantur,
883 3783 970 3835 aeque
983 3773 1012 3818 ut
1024 3768 1064 3818 ita
1077 3765 1190 3818 dixerim
1202 3767 1305 3819 distau-

252 3935 264 3986 l
284 3933 421 3983 extrema
439 3928 463 3982 A
477 3919 492 4006 Η
506 3932 643 3984 trauntur
661 3919 738 3982 A¹B¹
756 3918 769 4006 Η
784 3932 800 3983 2
818 3923 921 3982 cerula
936 3921 1089 3982 Aeerulee
1102 3925 1129 3980 B
1142 3921 1303 3982 caeruleae

161 4011 267 4069 Medic.
284 4019 313 4068 et
323 4013 391 4068 libri
406 4029 454 4084 op.
471 4013 598 4068 Pieriam
612 4019 640 4067 et
659 4011 747 4070 Mart.
774 4011 880 4084 Vergili
897 4004 911 4091 Η
930 4008 1029 4098 glaoip
1045 3987 1178 4100 e‘dncritp
1194 4002 1230 4064 Β1
1251 4027 1303 4086 ga-

161 4096 223 4156 Iiec
239 4103 382 4154 concrete
399 4091 435 4152 A¹
456 4095 555 4172 glacie
572 4113 643 4154 aere
658 4091 695 4152 A²
716 4093 730 4174 Η
750 4105 767 4156 3
788 4103 819 4154 et
833 4113 886 4153 ora.
899 4097 927 4152 B
947 4088 960 4175 Η
984 4097 1091 4152 Lacon.
1112 4095 1217 4152 Phora.
1237 4095 1309 4152 ΙΙΙΙ

164 4187 223 4239 106
237 4176 252 4262 Η
267 4189 285 4241 «t
301 4179 384 4238 hima
399 4184 423 4238 A
437 4180 528 4240 imma
546 4181 569 4238 Β
585 4174 599 4262 Η
614 4180 675 4240 icet
692 4175 728 4237 13¹
746 4175 759 4261 Η
775 4199 849 4239 sona
869 4199 943 4269 zone
958 4181 985 4236 B
999 4181 1089 4238 deleto
1104 4199 1179 4238 sona
1198 4197 1234 4236 ra.
1258 4187 1275 4238 2
1290 4175 1303 4262 Η

160 4265 283 4324 pinales
298 4260 381 4324 A¹B²
400 4265 567 4324 naaauales
583 4260 622 4322 B¹
644 4259 657 4346 Η
678 4278 695 4328 5
714 4275 881 4344 perpetuae
903 4284 993 4344 quarn
1013 4266 1038 4320 A
1056 4274 1223 4343 perpetuae
1250 4267 1303 4346 ΒΗ

162 4351 297 4430 primunt
310 4347 347 4408 B¹
365 4346 379 4431 Η
395 4350 502 4410 hiemis
521 4353 573 4409 AB
587 4347 600 4431 Η
616 4359 633 4414 6
654 4347 751 4428 aiunt]
769 4353 805 4408 air
819 4354 842 4408 A
857 4346 870 4432 Η
884 4359 899 4414 λ
915 4345 969 4430 qiu
989 4352 1016 4406 B
1030 4344 1044 4432 Η
1058 4369 1150 4426 grece
1169 4347 1204 4408 Αι
1222 4347 1236 4434 Η
1251 4371 1303 4429 pa·

161 4435 299 4494 rallelois
315 4438 368 4494 AB
383 4431 396 4517 Η
410 4427 615 4514 παραλλήλους
627 4435 658 4495 id
671 4445 719 4494 cst
729 4438 802 4493 delet
817 4439 943 4494 Grr'rrlr‘us
958 4431 972 4518 Η
986 4455 1079 4494 nanas
1095 4432 1133 4494 Β1

1036 4534 1100 4602 13*
