3162 5058
631 405 775 448 arnicas
798 407 955 448 ursronm
1293 395 1356 458 333

209 553 429 618 contentione.
468 554 569 638 igitur
589 555 625 617 in
647 551 781 616 Etruria
802 555 889 618 inter
908 561 1035 616 ceteros
1053 553 1136 618 ritus
1154 556 1358 641 superstitio·

210 677 288 720 num
310 676 446 720 suarum
467 656 656 742 spectacula
676 675 805 740 quoquc
826 653 995 738 religionis
1017 655 1149 719 nomine
1171 657 1357 721 instituunt

210 755 288 820 inde
310 755 451 823 Romani
475 757 651 820 arcessitos
679 755 822 819 artifices
843 761 1034 819 muniantur
1060 765 1188 841 tempus
1210 764 1357 822 enuntia·

209 858 350 940 fiunem,
377 866 414 922 ut
437 858 509 924 ludi
536 879 557 922 a
579 857 685 944 Lydis
707 865 914 921 uocarentur.
961 855 1019 920 sed
1044 858 1106 921 etsi
1130 857 1234 922 Varro
1262 858 1357 923 ludos

187 979 232 1022 ss
254 959 333 1024 ludo
355 959 390 1024 id
413 969 464 1024 est
489 981 511 1022 a
532 959 608 1023 lnsn
630 961 877 1043 interpretatur.
905 959 992 1022 sient
1009 967 1042 1022 et
1063 957 1230 1044 Lupercos
1248 960 1357 1026 ludios

209 1059 438 1147 appellabant,
459 1059 546 1148 quod
568 1059 711 1124 ludendo
733 1059 935 1140 discurrant,
958 1071 1069 1122 tumen
1092 1081 1166 1124 eum
1186 1059 1293 1126 lusum
1311 1062 1358 1126 iu-

210 1183 330 1226 uenum
364 1171 397 1226 et
431 1161 547 1226 diebus
574 1161 670 1226 lestis
699 1169 733 1224 et
757 1160 887 1246 templis
917 1169 950 1224 et
976 1160 1192 1246 religionibus
1218 1173 1356 1248 reputat.

211 1262 381 1327 nihilium
405 1263 446 1328 de
467 1285 567 1326 causa
589 1261 757 1342 uocabuli,
787 1261 864 1324 dum
886 1263 934 1324 rei
962 1283 1062 1325 causa
1089 1263 1275 1327 idololatria
1302 1265 1356 1328 sit.

210 1385 286 1428 nam
309 1374 342 1428 et
364 1385 438 1428 cum
460 1365 645 1452 promiscuo
673 1363 741 1426 ludi
766 1361 934 1426 Liberalia
962 1375 1174 1444 uocarentur,
1201 1365 1356 1430 honorem

178 1465 323 1530 cobiberi
354 1467 457 1554 patris
484 1465 659 1528 manifeste
690 1464 861 1528 sonabant.
909 1463 1029 1529 Libero
1057 1468 1143 1528 enim
1176 1487 1196 1528 a
1225 1470 1357 1531 rusticis

209 1571 315 1655 primo
336 1567 459 1632 fiebunt
476 1567 518 1632 ob
538 1565 731 1630 beneficium
754 1565 840 1650 quod
865 1565 896 1628 ei
918 1565 1109 1629 adscribunt
1137 1567 1358 1632 demonstrata
1464 1613 1469 1620 -

210 1672 319 1756 gratis
344 1671 425 1734 nini.
476 1667 599 1734 exinde
627 1666 695 1730 ludi
725 1667 905 1732 Consualia
931 1667 1011 1730 dicti
1040 1669 1096 1754 qui
1118 1670 1212 1732 initio
1235 1668 1357 1750 Neptu·

211 1795 287 1836 num
311 1769 525 1836 honorabant.
568 1770 709 1833 eundem
731 1769 820 1833 onim
840 1777 874 1832 et
896 1768 1040 1832 Consum
1063 1779 1192 1834 uocant.
1238 1771 1357 1836 dehinc

211 1873 350 1959 Equinis
373 1873 472 1936 Horti
496 1869 655 1935 Romulus
683 1871 782 1951 dixit,
814 1891 1009 1957 quamquam
1040 1870 1096 1933 alii
1124 1881 1158 1934 ot
1180 1871 1358 1942 Omisualia

176 1993 202 2032 n
212 1975 351 2039 Romulo
374 1973 572 2052 defendunt,
601 1972 688 2059 qnod
718 1995 757 2036 ea
780 1971 890 2037 Conso
916 1973 1077 2036 dicauerit
1101 1973 1165 2036 deo
1186 1983 1223 2037 ut
1243 1975 1357 2038 uolunt

210 2077 357 2158 consilii,
380 2077 452 2140 eius
475 2075 601 2140 scilicet
620 2095 684 2161 quo
705 2083 783 2138 tunc
805 2075 1000 2138 Sabinarum
1020 2074 1185 2160 uirginum
1207 2077 1356 2161 rapinam

211 2177 371 2242 militibus
393 2179 461 2242 suis
480 2179 513 2240 in
535 2177 742 2240 matrimonio
763 2177 972 2261 excogitauit.
1012 2184 1044 2238 et
1066 2197 1152 2238 nunc
1176 2197 1234 2239 nra
1248 2179 1357 2242 (lonso

211 2278 259 2343 illi
282 2281 316 2343 in
337 2282 426 2343 circo
450 2278 584 2343 defossa
606 2277 721 2342 estad
742 2279 864 2363 primas
885 2287 988 2340 metas
1015 2275 1076 2340 sub
1104 2287 1193 2339 terra
1214 2299 1286 2341 cum
1309 2281 1357 2342 in·

211 2382 387 2468 scriptione
410 2379 586 2446 eiusmodi:
624 2395 756 2444 cousus
779 2393 943 2442 cousinio
966 2364 1058 2442 nnus
1083 2393 1225 2441 nvnnco
1244 2395 1355 2444 unnss

176 2498 342 2546 ncotcto
364 2497 553 2546 soscrisse.
605 2481 792 2546 sacrificant
813 2479 900 2568 apud
924 2503 994 2545 eam
1016 2482 1110 2544 nonis
1134 2479 1228 2544 Iuliis
1250 2501 1356 2545 sacer·

212 2623 289 2687 origo
307 2621 348 2671 sic
366 2621 490 2671 traditur.
520 2621 688 2685 Lydos
708 2621 935 2686 excogitauit.
971 2619 1084 2684 probum
1108 2619 1190 2686 plane
1212 2619 1356 2670 comitium

213 2697 241 2740 et
259 2705 330 2739 niinc
350 2704 456 2754 quoquo
480 2691 553 2739 inter
570 2691 645 2752 ipsos
664 2689 801 2740 Romanos
824 2689 924 2738 iustum
944 2697 972 2738 et
990 2687 1103 2750 licitum,
1122 2703 1157 2737 ne
1176 2689 1290 2738 dixerim
1308 2705 1355 2753 pe·

212 2774 262 2808 nes
280 2759 370 2808 deum.
406 2759 478 2808 iacit
495 2758 568 2808 enirn
586 2763 615 2807 et
632 2758 683 2806 hoc
703 2758 738 2806 ad
756 2757 871 2820 originis
889 2757 1034 2815 maculam,
1053 2771 1088 2806 ne
1102 2757 1200 2806 bonum
1216 2757 1357 2807 existimes

212 2827 283 2890 quod
301 2826 410 2874 initium
434 2842 450 2875 a
469 2825 541 2876 malo
565 2824 675 2890 accepit
698 2826 733 2875 ab
752 2825 922 2888 impudentis
941 2841 959 2888 a
976 2824 1110 2874 uiolentia
1128 2825 1163 2874 ab
1182 2823 1245 2874 odio
1264 2841 1281 2874 a
1299 2826 1355 2876 ira·

211 2893 312 2943 tricida
335 2893 492 2943 institutore
517 2909 534 2942 s
559 2893 615 2942 lilio
638 2893 745 2943 Martis.
788 2897 820 2942 et
845 2909 931 2942 nunc
1020 2893 1185 2958 Robigini
1211 2893 1299 2942 lecit
1323 2921 1354 2930 —

211 2977 275 3012 uam
295 2967 324 3010 ct
335 2961 472 3026 robiginis
483 2961 563 3011 deam
576 2961 713 3012 linxerunt
724 2987 757 2994 ——
770 2961 893 3010 debinc
907 2996 915 3010 .
928 2997 935 3010 .
950 2997 957 3010 .
972 2963 1119 3026 accepit.
1155 2963 1204 3012 sed
1223 2962 1293 3011 haec
1310 2977 1355 3012 sa·

212 3031 248 3079 tis
273 3034 352 3078 crunt
375 3029 410 3078 ad
433 3029 547 3094 originis
571 3029 611 3078 de
633 3029 762 3078 idolatria
785 3028 913 3079 reatum.'
939 3057 969 3064 -
1011 3029 1167 3093 Hesychius
1189 3031 1216 3079 ll
1240 3045 1266 3094 p.
1290 3030 1354 3080 506:

212 3093 305 3148 Λυδοὶ
323 3083 404 3146 οὗτοι
422 3089 473 3154 τὰς
491 3091 565 3154 θέας
583 3087 838 3162 scortationum,
857 3089 932 3148 ὅθεν
949 3093 999 3148 aul
1008 3089 1139 3163 Ῥωμαῖοι
1158 3093 1281 3156 luciduco
1299 3115 1355 3162 φα-

213 3161 268 3216 olr.
287 3191 320 3202 -·
355 3166 444 3214 Varro
461 3165 493 3214 1..
507 3167 540 3216 L.
558 3165 594 3214 Vl
613 3165 660 3214 ²0:
680 3165 841 3215 ‘Consualia
858 3166 935 3215 dicta
953 3182 970 3215 a
983 3167 1082 3228 (huso,
1102 3165 1173 3230 qnod
1191 3173 1246 3216 tum
1266 3168 1355 3218 leriae

212 3233 341 3300 publicae
365 3232 391 3282 el
414 3233 466 3282 deo
485 3239 513 3283 st
530 3233 559 3282 lu
578 3234 652 3284 circo
671 3231 706 3284 ad
725 3249 801 3284 nram
820 3235 879 3282 eius
898 3234 934 3282 ab
952 3235 1143 3284 sacerdotibus
1162 3233 1218 3283 ludi
1236 3233 1278 3282 illi
1295 3236 1354 3298 qul·

214 3303 264 3352 bus
282 3301 405 3364 uirgines
423 3301 544 3350 Sabinae
568 3298 662 3365 rapti)
697 3298 799 3350 Pacilus
817 3302 895 3350 Festi
913 3317 939 3366 p.
957 3301 1004 3350 ll:
1030 3302 1189 3352 ‘Consualia
1206 3301 1263 3352 ludi
1281 3301 1354 3352 dice·

214 3369 325 3430 bantur,
350 3383 417 3433 quos
439 3369 468 3418 iu
491 3369 621 3418 honorem
645 3367 730 3418 Consi
752 3367 909 3430 iaciebant,
939 3385 1017 3432 quem
1041 3369 1121 3420 deum
1145 3369 1253 3418 consilii
1277 3377 1356 3433 puta·

213 3435 301 3486 bant)
321 3463 352 3472 -
382 3436 470 3486 Varro
488 3438 520 3486 1..
539 3437 572 3486 1..
591 3437 628 3486 VI
649 3435 692 3486 13:
713 3437 835 3501 ‘Equiria
854 3437 889 3485 ab
908 3451 1036 3500 equorum
1056 3451 1150 3496 cursut
1169 3453 1201 3486 eo
1219 3437 1264 3486 ‹lis
1283 3437 1355 3486 cuim

213 3504 284 3554 ludis
303 3509 414 3556 currunt
431 3505 459 3553 in
477 3504 579 3554 Martio
599 3500 715 3569 compo)
743 3503 846 3554 l'anlus
863 3505 942 3554 Festi
960 3521 985 3568 p.
1005 3503 1051 3554 til:
1071 3505 1196 3568 ‘liquiria
1213 3503 1270 3552 ludi
1289 3519 1356 3568 quos

213 3571 343 3622 Romulus
360 3573 444 3622 Marti
462 3571 580 3622 instituit
603 3589 652 3637 per
670 3587 799 3636 equorum
818 3587 934 3630 cursum,
954 3571 1000 3636 qui
1017 3573 1046 3622 in
1059 3587 1156 3636 campo
1165 3572 1266 3621 Martio
1278 3587 1356 3621 exer·

213 3639 366 3690 cebautur.'
386 3667 417 3675 -
453 3641 564 3690 Servius
582 3641 650 3690 heu.
671 3639 817 3690 vinitio:
837 3641 944 3704 ‘raptae
963 3645 1054 3689 autem
1072 3641 1194 3690 Sabinae
1213 3639 1355 3689 Consuali-

212 3709 264 3758 bus
287 3708 338 3760 boc
362 3713 406 3758 est
427 3723 522 3758 mense
540 3709 649 3758 Martio.
687 3707 794 3758 Consus
818 3713 910 3757 autem
934 3713 977 3756 ost
1000 3709 1068 3756 daus
1091 3707 1280 3768 consiliorum,
1310 3708 1355 3772 qui

213 3776 276 3826 idco
300 3775 431 3841 templum
453 3778 504 3826 sub
523 3780 596 3826 tecto
615 3777 643 3824 in
662 3777 736 3826 circo
754 3776 849 3836 habet,
867 3781 897 3824 ut
915 3775 1076 3826 ostendatur
1100 3781 1202 3825 tectum
1227 3791 1289 3825 csse
1307 3777 1370 3826 ue·-

214 3843 280 3892 bere
298 3843 452 3894 consillum.
486 3845 541 3894 iste
560 3844 666 3894 Consus
690 3850 718 3894 ct
741 3846 875 3908 equestris
893 3845 1035 3908 Neptunus
1052 3843 1162 3904 dicitur,
1181 3843 1251 3894 unda
1270 3845 1354 3894 otium

212 3911 242 3960 in
256 3915 319 3968 ,eius
337 3911 467 3962 honorent
485 3913 625 3962 circenses
643 3910 839 3962 celebrantur)
875 3913 1059 3975 Hieronymus
1077 3912 1135 3962 vita
1153 3911 1304 3960 Hilarionis
1321 3911 1356 3962 20

213 3983 279 4028 tom.
297 3979 325 4028 11
343 3997 369 4044 p.
388 3979 422 4028 22
441 3979 527 4030 Vols:
551 3979 626 4028 ‘Hoc
650 3979 784 4043 siquidem
809 3982 837 4028 iu
855 3981 987 4030 Rornnnis
1012 3979 1124 4029 urbibus
1144 3981 1198 4028 iam
1214 3979 1279 4028 inde
1298 3995 1354 4028 scr·

213 4047 331 4096 uabstur
356 4063 373 4096 a
390 4048 520 4112 Romulo,
543 4055 574 4097 ut
595 4055 707 4113 propter
730 4047 841 4098 felicem
859 4048 1024 4098 sabinarum
1042 4055 1149 4112 raptum
1168 4048 1258 4096 Conso
1277 4049 1355 4111 quasi

213 4114 388 4165 consiliorum
413 4115 465 4166 dcc
484 4115 634 4181 quadrigae
659 4121 774 4180 septeno
798 4121 923 4178 currant,
943 4115 1085 4166 circumitu
1110 4121 1138 4164 et
1161 4131 1244 4180 equos
1267 4116 1355 4180 partis

297 4265 315 4314 ‘l
334 4254 462 4332 specula
479 4248 533 4335 All
546 4261 564 4316 4
576 4251 691 4332 lulydis
712 4256 759 4310 Ab
772 4252 837 4310 ludi
854 4251 936 4331 lydis
955 4255 1005 4312 An
1020 4247 1034 4332 Η
1049 4263 1065 4316 5
1081 4250 1181 4311 ludios
1198 4254 1356 4310 oehlerus.-

214 4337 338 4398 ludosA
354 4338 366 4420 Η
382 4339 598 4417 ilpromiscuse
613 4343 636 4394 A
650 4332 664 4420 Η
681 4349 711 4400 lt
726 4337 927 4397 demonstrati
942 4341 1085 4412 Ripaltius
1099 4333 1112 4418 Η
1130 4347 1162 4398 it
1173 4337 1260 4417 queis
1268 4337 1354 4396 initio

215 4426 267 4482 Fr.
282 4425 383 4484 latricis
403 4419 416 4506 Η
441 4435 472 4484 tt
487 4424 607 4483 ecirrrin
623 4425 692 4502 quis
710 4427 735 4481 Α
756 4419 769 4505 Η
791 4424 843 4482 alii
861 4441 916 4482 om.
935 4427 984 4482 Aa
1000 4419 1014 4504 Η
1032 4433 1063 4486 18
1078 4423 1147 4482 dem
1164 4443 1231 4484 aas*
1251 4431 1300 4482 est
1312 4425 1355 4482 Ab
