3138 5100
253 371 315 432 476
581 353 808 440 cvausnrouns
830 389 1056 433 svnrourasan

253 541 373 606 mediae
390 543 498 602 notatis
513 543 667 622 ingenium
682 551 714 604 et
727 543 925 604 latinitatem:
942 551 1033 623 atque
1052 543 1291 623 conpositionem
1304 541 1391 606 illam

253 644 400 724 horologii
416 645 667 707 wandalbertum
684 645 892 707 Prumiensem
914 648 967 727 qui
986 647 1068 707 circa
1083 667 1111 707 c.
1125 655 1179 712 850
1193 647 1273 708 vixit
1294 647 1389 726 scrip·

253 749 329 810 sisse
344 757 471 810 constat.
1003 811 1005 818 Ι

338 849 453 928 Quinto
475 851 597 912 saeculo
621 850 813 912 scholiastam
830 849 987 910 quenalis
1007 849 1048 910 ad
1069 848 1247 912 Suetonium
1267 851 1389 932 potissi·

254 975 333 1014 mum
349 962 501 1016 auctorem
519 973 553 1014 se
568 953 755 1015 convertisse
770 973 862 1032 supru
877 953 956 1032 aptis
972 953 1121 1032 exemplis
1135 951 1272 1032 probavi.
1310 953 1388 1012 cius·

254 1055 323 1118 dom
337 1057 481 1136 temporis
497 1055 679 1120 scholiastae
693 1057 803 1118 Horati
819 1053 962 1116 videntur
977 1075 1059 1128 ease,
1075 1075 1133 1116 nec
1148 1055 1274 1116 multum
1290 1054 1329 1114 ab
1352 1075 1389 1115 so

254 1168 371 1220 remota
385 1161 446 1220 sint
469 1168 615 1238 excerpta
630 1159 684 1218 ills
700 1154 894 1219 Suetoniana'
904 1158 934 1218 in
950 1158 1072 1218 scholiis
1089 1158 1265 1220 Germanici
1279 1158 1389 1237 posita.

339 1261 463 1322 Summa
477 1281 549 1322 vero
565 1263 743 1322 auctoritate
754 1261 851 1322 valuit
862 1260 1025 1322 Suetonius
1038 1261 1119 1342 apud
1133 1261 1320 1341 Byzantinos
1336 1260 1390 1342 qui

255 1359 365 1445 cupide
385 1383 452 1424 curn
475 1363 678 1440 adhibuerunt
700 1383 738 1424 ex
762 1385 822 1445 quo
839 1373 870 1425 et
886 1363 1045 1425 Graecam·
1058 1373 1090 1424 ct
1103 1363 1271 1424 Romanam
1289 1363 1390 1424 erudi·

254 1469 368 1530 tionem
388 1467 559 1528 haurirent:
587 1465 631 1526 sic
646 1465 769 1548 Lydus,
798 1487 886 1547 quem
901 1469 1061 1528 maximam
1076 1475 1193 1545 partem
1211 1486 1228 1526 e
1244 1464 1390 1526 Suetonio

254 1570 389 1652 pendere
406 1577 552 1648 excerpta
568 1569 622 1628 illa
638 1567 677 1630 de
693 1569 849 1630 mensibus
866 1570 917 1629 vel
936 1590 973 1630 eo
987 1569 1117 1650 probant
1139 1567 1221 1649 quod
1240 1587 1391 1650 nusquam

255 1676 287 1734 in
302 1671 376 1752 ipsis
390 1691 499 1732 nomen
514 1672 579 1732 eius
592 1679 751 1750 conparet,
768 1691 835 1732 cum
849 1671 926 1732 tales
943 1672 1104 1751 scriptores
1118 1669 1251 1731 laudarit
1264 1691 1390 1750 quorum

254 1775 349 1836 libros
362 1791 523 1854 nunquam
541 1774 639 1854 ipsum
662 1773 777 1834 vidisse
802 1782 918 1834 certum
936 1773 1010 1834 licet
1033 1773 1208 1846 adfirmare,
1229 1773 1325 1834 veluti
1346 1773 1389 1834 M.

255 1878 435 1938 Varronem.
473 1875 659 1936 luculentum
674 1897 746 1936 vero
762 1876 984 1950 testimonium,
1009 1875 1090 1936 unde
1114 1875 1311 1954 intellegatur
1329 1895 1391 1955 qna

255 1981 373 2042 ratione
393 1979 560 2057 Byzantiui
582 1976 719 2040 homiues
735 1978 883 2039 Suetonio
908 1980 956 2038 usi
977 1987 1060 2052 suut,
1077 1977 1191 2040 Stridae
1212 1997 1304 2056 opera
1321 1999 1343 2038 s.
1360 1998 1389 2038 v.

256 2073 446 2159 Τράγκνλλος
460 2089 613 2142 servatum
625 2089 681 2154 est,
698 2081 782 2141 cuius
797 2082 970 2140 memoriam
985 2099 1047 2142 cre
1059 2079 1180 2140 videtur
1195 2081 1245 2139 hic
1260 2081 1391 2160 perscrie

254 2184 345 2245 bere:
377 2175 577 2264 Τρᾶμιινλλος,
593 2175 609 2242 ὁ
621 2175 808 2260 Σεαητοίνιος
818 2181 1013 2262 χρηματίσας,
1028 2171 1229 2261 γραμματικὸς
1241 2175 1390 2259 Ῥωμαῖος,

256 2284 367 2366 ἔγραψε
388 2279 455 2363 ιιέρί
477 2285 537 2346 τῶν
554 2276 625 2361 παρ’
644 2275 769 2362 Ἕλλησι
788 2283 917 2346 παιδιῶν
932 2284 1049 2363 βιβλίον
1067 2277 1112 2342 α’·
1145 2281 1291 2362 περὶτῶν
1310 2273 1392 2364 τταρᾶ
1464 2337 1476 2358 ,

250 2377 399 2466 Ῥωμαίοις
418 2387 554 2466 θεωριῶν
570 2383 620 2446 καλ
639 2376 765 2466 ἇμτίνων
785 2386 886 2464 βιβλία
906 2380 935 2464 β
944 2407 950 2420 ·
985 2383 1052 2468 περί
1070 2386 1123 2446 τοῦ
1145 2367 1218 2446 κατὰ
1235 2375 1392 2462 Ῥωμαίους

254 2477 392 2552 ίνιαντοῦ
405 2488 522 2568 βιβλίον
540 2482 581 2547 α’·
617 2485 759 2566 περὶτῶν
778 2484 810 2548 ἐν
828 2493 889 2561 τοῖς
908 2489 1034 2567 βιβλίοις
1047 2487 1175 2566 σημείων
1190 2482 1233 2547 α’·
1257 2485 1392 2564 περὶτῆς
1445 2489 1453 2508 “

255 2589 423 2671 Κικέρωνος
437 2591 583 2662 πολιτείας
599 2583 637 2664 α’,
653 2581 798 2670 σἰντιλίμει
812 2587 844 2650 di
859 2591 901 2674 :pi
922 2585 1063 2673 Διδύμην·
1089 2587 1157 2668 περὶ
1172 2581 1324 2668 ὀνομάτων
1338 2609 1390 2650 κυ-

254 2695 327 2770 ρίων
344 2692 394 2754 καί
410 2691 489 2766 ἰδίας
503 2685 680 2770 ἐσθημάτων
694 2689 745 2752 καί
759 2682 957 2770 ὑποδημάτων
973 2689 1022 2752 καί
1038 2693 1097 2754 τῶν
1110 2686 1207 2752 ἄλλων
1221 2685 1266 2764 οίς
1280 2713 1324 2764 τις
1336 2683 1390 2769 ἆμ-

254 2793 424 2873 creverat·
454 2791 521 2872 τιερλ
535 2787 699 2872 ιλνσφήμων
714 2792 817 2868 λέξεων
833 2787 898 2872 ἤτοι
915 2794 1111 2874 βλασφημιῶν
1124 2792 1174 2854 καλ
1189 2788 1289 2854 πόθεν
1305 2787 1390 2854 iariu-

255 2919 304 2975 τη·
333 2895 401 2978 περὶ
417 2887 528 2975 Ῥώμης
543 2893 594 2956 καί
610 2897 669 2956 τῶν
684 2893 715 2955 ἕν
730 2886 807 2979 αὐτῇ
824 2897 956 2976 νομίμων
971 2895 1021 2958 καλ
1036 2877 1126 2974 tiliois:
1143 2896 1245 2975 βιβλία
1257 2891 1301 2975 β’·
1320 2911 1391 2975 σαμ-

254 2989 374 3080 γινινὸν
392 2989 550 3078 Καισάρων
566 3033 604 3044 -
619 2997 746 3077 περιέχει
761 2996 794 3061 δὲ
808 2997 893 3077 βίους
911 2997 961 3060 καί
976 2991 1113 3077 διαδοχὰς
1127 2991 1228 3060 αὐτῶν
1242 2989 1299 3060 cinti
1317 2988 1391 3059 Ἰον-

255 3103 320 3164 λίιν
340 3098 394 3173 ἕως
416 3102 655 3179 Δομετιανοῦ-
672 3101 772 3180 βιβλία
787 3093 831 3180 η’·
858 3099 969 3180 στίμμα
979 3095 1128 3181 Ῥωμαίων
1148 3091 1268 3179 ἀνδρῶν
1289 3091 1391 3178 ἐπισή-

254 3226 328 3286 μων.
352 3225 423 3265 uam
437 3213 471 3266 ut
486 3204 620 3264 omittam
635 3205 716 3269 hunc
731 3205 900 3284 catalogum
912 3205 1055 3266 librorum
1068 3205 1242 3285 Tranquilli
1256 3183 1400 3270 indicare

255 3330 292 3370 eo
314 3317 450 3388 tompore
470 3327 529 3386 quo
547 3307 705 3368 confectus
728 3309 767 3368 sit
784 3307 892 3371 multos
915 3308 1044 3369 Suetoni
1064 3307 1157 3368 libros
1176 3309 1235 3368 iam
1253 3307 1391 3386 periisse,

255 3413 341 3492 ipsas
356 3409 428 3470 illae
440 3411 669 3488 inscriptionum
681 3410 871 3483 mutationes,
888 3409 985 3470 veluti
999 3409 1103 3470 horum
1118 3411 1272 3472 titulorum
1285 3413 1394 3468 itatem

254 3517 383 3586 historic,
402 3515 436 3572 de
448 3529 549 3589 praere
562 3517 694 3585 ceruum,
710 3514 744 3570 dc
756 3517 813 3570 uita
824 3515 992 3582 Caesarum,
1008 3515 1042 3570 de
1054 3516 1212 3571 inlustribus
1226 3515 1295 3571 uim's
1310 3507 1393 3589 apud
1447 3489 1452 3499 ¹

253 3615 442 3696 Byzantinos
456 3634 517 3674 non
534 3613 630 3674 solum
651 3613 810 3674 versiones
831 3613 886 3674 sed
911 3615 1002 3673 etiarn
1023 3614 1216 3673 recensiones
1232 3611 1393 3673 Suetoniu-
1421 3651 1427 3664 ·

254 3737 361 3778 norum
381 3715 523 3776 librorum
543 3716 683 3778 extitisse
706 3715 847 3796 probant.
878 3716 936 3775 hcc
959 3731 1032 3775 cura
1052 3715 1232 3776 factumest
1253 3717 1344 3774 etiam
1359 3725 1395 3775 ut

255 3827 286 3882 ct
300 3816 537 3880 dissolverentur
557 3819 589 3878 iu
610 3825 712 3898 partes
732 3837 802 3878 sues
822 3819 938 3877 maiora
962 3817 1089 3879 Suetoni
1105 3837 1198 3896 opera
1219 3825 1250 3876 et
1267 3815 1393 3878 Suetoni

254 3923 400 3982 memoria
417 3941 515 4002 usque
533 3919 572 3980 ad
587 3920 694 3981 ultima
714 3919 953 3998 Byzantiuorum
973 3927 1111 4000 tempora
1133 3920 1292 3980 haereret:
1323 3939 1394 3978 narn

253 4024 387 4084 Taetres
401 4033 433 4084 et
449 4021 628 4082 Eustathins
644 4043 680 4084 eo
695 4024 741 4082 usi
758 4031 836 4084 sunt.

338 4126 401 4187 Sed
415 4133 449 4184 ut
463 4145 483 4184 a
492 4117 673 4206 Byzantinis
688 4123 726 4182 ad
739 4125 857 4186 litteras
873 4123 1081 4184 occidentales
1094 4131 1249 4197 revertar,
1265 4122 1393 4203 septimo

254 4227 378 4288 saeculo
396 4228 498 4288 extitit
512 4225 647 4288 Isidorus
663 4225 856 4307 Hispalensis
874 4247 964 4309 quem
984 4227 1048 4288 iure
1071 4228 1198 4309 alterum
1215 4225 1394 4286 Suetonium

254 4330 400 4390 nomines.
430 4329 480 4390 hic
495 4330 575 4390 euim
590 4349 657 4388 cum
673 4337 827 4408 pratorum
843 4349 915 4408 opus
932 4331 1022 4390 etiam
1044 4331 1075 4390 in
1091 4327 1249 4388 occidente
1270 4328 1300 4387 iu
1323 4345 1393 4406 par·

255 4438 302 4490 tes
313 4450 384 4492 suas
399 4427 576 4492 dissolutum
593 4440 690 4507 esset,
706 4450 832 4512 quarum
846 4431 995 4511 plurimas
1005 4430 1206 4506 interiissent,
1223 4431 1316 4509 ipsee
1330 4447 1392 4487 me·
