<?xml version="1.0" encoding="UTF-8"?>
<!DOCTYPE html PUBLIC "-//W3C//DTD XHTML 1.0 Transitional//EN"
    "http://www.w3.org/TR/xhtml1/DTD/xhtml1-transitional.dtd">
<html xmlns="http://www.w3.org/1999/xhtml" xml:lang="en" lang="en">
 <head>
  <title>
</title>
<meta http-equiv="Content-Type" content="text/html;charset=utf-8" />
  <meta name='ocr-system' content='tesseract 3.04.00' />
  <meta name='ocr-capabilities' content='ocr_page ocr_carea ocr_par ocr_line ocrx_word'/>
</head>
<body>
  <div class='ocr_page' id='page_1' title='image "./csvetonitranqvi01ritsgoog_0561.png"; bbox 0 0 3138 5100; ppageno 0'>
   <div class='ocr_carea' id='block_1_1' title="bbox 295 335 1022 404">
    <p class='ocr_par' dir='ltr' id='par_1_1' title="bbox 295 335 1022 404">
     <span class='ocr_line' id='line_1_1' title="bbox 295 335 1022 404; baseline -0.003 -6"><span class='ocrx_word' id='word_1_1' title='bbox 295 338 357 404; x_wconf 80' lang='lat'><strong>5³0</strong></span> <span class='ocrx_word' id='word_1_2' title='bbox 391 335 394 340; x_wconf 67' lang='grc'>’</span> <span class='ocrx_word' id='word_1_3' title='bbox 703 357 850 400; x_wconf 75' lang='lat' dir='ltr'><strong>russusu</strong></span> <span class='ocrx_word' id='word_1_4' title='bbox 868 357 1022 398; x_wconf 79' lang='lat' dir='ltr'><strong>rensuum</strong></span> 
     </span>
    </p>
   </div>
   <div class='ocr_carea' id='block_1_2' title="bbox 202 491 1434 1914">
    <p class='ocr_par' dir='ltr' id='par_1_2' title="bbox 202 491 1434 1914">
     <span class='ocr_line' id='line_1_2' title="bbox 294 491 1429 586; baseline -0.004 -17"><span class='ocrx_word' id='word_1_5' title='bbox 294 509 397 570; x_wconf 87' lang='lat' dir='ltr'><strong>verbis</strong></span> <span class='ocrx_word' id='word_1_6' title='bbox 418 507 562 580; x_wconf 79' lang='lat' dir='ltr'><strong>indicari:</strong></span> <span class='ocrx_word' id='word_1_7' title='bbox 593 509 651 568; x_wconf 90' lang='lat' dir='ltr'><strong>nisi</strong></span> <span class='ocrx_word' id='word_1_8' title='bbox 669 508 748 568; x_wconf 85' lang='lat' dir='ltr'><strong>forte</strong></span> <span class='ocrx_word' id='word_1_9' title='bbox 766 509 796 568; x_wconf 89' lang='lat' dir='ltr'><strong>in</strong></span> <span class='ocrx_word' id='word_1_10' title='bbox 819 527 856 567; x_wconf 90' lang='lat' dir='ltr'><strong>ea</strong></span> <span class='ocrx_word' id='word_1_11' title='bbox 875 507 972 568; x_wconf 87' lang='lat' dir='ltr'><strong>verba</strong></span> <span class='ocrx_word' id='word_1_12' title='bbox 986 491 1149 586; x_wconf 75' lang='lat' dir='ltr'><strong>&#39;pristinam</strong></span> <span class='ocrx_word' id='word_1_13' title='bbox 1170 507 1215 564; x_wconf 82' lang='lat' dir='ltr'><strong>‘in</strong></span> <span class='ocrx_word' id='word_1_14' title='bbox 1237 504 1429 566; x_wconf 71' lang='lat' dir='ltr'><strong>camurane&#39;</strong></span> 
     </span>
     <span class='ocr_line' id='line_1_3' title="bbox 295 607 1430 691; baseline -0.006 -19"><span class='ocrx_word' id='word_1_15' title='bbox 295 613 475 691; x_wconf 88' lang='lat' dir='ltr'><strong>scripturam</strong></span> <span class='ocrx_word' id='word_1_16' title='bbox 501 609 617 670; x_wconf 87' lang='lat' dir='ltr'><strong>librarii</strong></span> <span class='ocrx_word' id='word_1_17' title='bbox 645 611 842 690; x_wconf 82' lang='lat' dir='ltr'><strong>corruperint.</strong></span> <span class='ocrx_word' id='word_1_18' title='bbox 886 611 975 670; x_wconf 86' lang='lat' dir='ltr'><strong>Haec</strong></span> <span class='ocrx_word' id='word_1_19' title='bbox 995 617 1097 669; x_wconf 91' lang='lat' dir='ltr'><strong>autem</strong></span> <span class='ocrx_word' id='word_1_20' title='bbox 1119 607 1219 668; x_wconf 89' lang='lat' dir='ltr'><strong>omnia</strong></span> <span class='ocrx_word' id='word_1_21' title='bbox 1243 627 1335 688; x_wconf 90' lang='lat' dir='ltr'><strong>quam</strong></span> <span class='ocrx_word' id='word_1_22' title='bbox 1357 608 1430 666; x_wconf 87' lang='lat' dir='ltr'><strong>miro</strong></span> 
     </span>
     <span class='ocr_line' id='line_1_4' title="bbox 295 709 1430 792; baseline -0.006 -18"><span class='ocrx_word' id='word_1_23' title='bbox 295 713 457 792; x_wconf 87' lang='lat' dir='ltr'><strong>argutandi</strong></span> <span class='ocrx_word' id='word_1_24' title='bbox 477 711 603 772; x_wconf 85' lang='lat' dir='ltr'><strong>artificio</strong></span> <span class='ocrx_word' id='word_1_25' title='bbox 626 713 800 790; x_wconf 83' lang='lat' dir='ltr'><strong>excogitata</strong></span> <span class='ocrx_word' id='word_1_26' title='bbox 814 713 890 787; x_wconf 79' lang='lat' dir='ltr'><strong>sint,</strong></span> <span class='ocrx_word' id='word_1_27' title='bbox 913 731 971 772; x_wconf 88' lang='lat' dir='ltr'><strong>nec</strong></span> <span class='ocrx_word' id='word_1_28' title='bbox 993 731 1176 792; x_wconf 76' lang='lat' dir='ltr'><strong>quemquam</strong></span> <span class='ocrx_word' id='word_1_29' title='bbox 1194 710 1291 788; x_wconf 85' lang='lat' dir='ltr'><strong>lugiet</strong></span> <span class='ocrx_word' id='word_1_30' title='bbox 1306 709 1359 790; x_wconf 93' lang='lat' dir='ltr'><strong>qui</strong></span> <span class='ocrx_word' id='word_1_31' title='bbox 1377 709 1430 768; x_wconf 92' lang='lat' dir='ltr'><strong>ali-</strong></span> 
     </span>
     <span class='ocr_line' id='line_1_5' title="bbox 295 810 1432 897; baseline -0.006 -22"><span class='ocrx_word' id='word_1_32' title='bbox 295 837 384 897; x_wconf 89' lang='lat' dir='ltr'><strong>quem</strong></span> <span class='ocrx_word' id='word_1_33' title='bbox 408 835 529 878; x_wconf 89' lang='lat' dir='ltr'><strong>sensum</strong></span> <span class='ocrx_word' id='word_1_34' title='bbox 552 814 753 894; x_wconf 77' lang='lat' dir='ltr'><strong>simplicitatis</strong></span> <span class='ocrx_word' id='word_1_35' title='bbox 774 813 902 886; x_wconf 85' lang='lat' dir='ltr'><strong>habeat,</strong></span> <span class='ocrx_word' id='word_1_36' title='bbox 928 833 985 874; x_wconf 92' lang='lat' dir='ltr'><strong>uec</strong></span> <span class='ocrx_word' id='word_1_37' title='bbox 1002 813 1170 874; x_wconf 90' lang='lat' dir='ltr'><strong>Heuricum</strong></span> <span class='ocrx_word' id='word_1_38' title='bbox 1194 810 1329 870; x_wconf 87' lang='lat' dir='ltr'><strong>Keilium</strong></span> <span class='ocrx_word' id='word_1_39' title='bbox 1354 811 1432 888; x_wconf 86' lang='lat' dir='ltr'><strong>fugit</strong></span> 
     </span>
     <span class='ocr_line' id='line_1_6' title="bbox 295 912 1432 997; baseline -0.006 -17"><span class='ocrx_word' id='word_1_40' title='bbox 295 919 411 997; x_wconf 86' lang='lat' dir='ltr'><strong>Vngcri</strong></span> <span class='ocrx_word' id='word_1_41' title='bbox 443 918 632 978; x_wconf 87' lang='lat' dir='ltr'><strong>coniecturas</strong></span> <span class='ocrx_word' id='word_1_42' title='bbox 662 917 820 976; x_wconf 88' lang='lat' dir='ltr'><strong>sanissimo</strong></span> <span class='ocrx_word' id='word_1_43' title='bbox 853 913 965 975; x_wconf 91' lang='lat' dir='ltr'><strong>iudicio</strong></span> <span class='ocrx_word' id='word_1_44' title='bbox 992 914 1218 994; x_wconf 81' lang='lat' dir='ltr'><strong>impugnantem</strong></span> <span class='ocrx_word' id='word_1_45' title='bbox 1245 915 1278 972; x_wconf 91' lang='lat' dir='ltr'><strong>in</strong></span> <span class='ocrx_word' id='word_1_46' title='bbox 1302 912 1432 993; x_wconf 85' lang='lat' dir='ltr'><strong>prem.</strong></span> 
     </span>
     <span class='ocr_line' id='line_1_7' title="bbox 293 1014 1432 1098; baseline -0.004 -18"><span class='ocrx_word' id='word_1_47' title='bbox 293 1021 353 1080; x_wconf 88' lang='lat' dir='ltr'><strong>litt.</strong></span> <span class='ocrx_word' id='word_1_48' title='bbox 372 1020 497 1080; x_wconf 77' lang='lat' dir='ltr'><strong>Halous.</strong></span> <span class='ocrx_word' id='word_1_49' title='bbox 523 1027 690 1082; x_wconf 80' lang='lat' dir='ltr'><strong>a.1849m.</strong></span> <span class='ocrx_word' id='word_1_50' title='bbox 708 1019 797 1080; x_wconf 89' lang='lat' dir='ltr'><strong>Mart.</strong></span> <span class='ocrx_word' id='word_1_51' title='bbox 816 1039 847 1098; x_wconf 89' lang='lat' dir='ltr'><strong>p.</strong></span> <span class='ocrx_word' id='word_1_52' title='bbox 863 1025 924 1082; x_wconf 81' lang='lat'><strong>47⁰.</strong></span> <span class='ocrx_word' id='word_1_53' title='bbox 953 1018 1025 1098; x_wconf 90' lang='lat' dir='ltr'><strong>Ipse</strong></span> <span class='ocrx_word' id='word_1_54' title='bbox 1048 1025 1150 1076; x_wconf 87' lang='lat' dir='ltr'><strong>autem</strong></span> <span class='ocrx_word' id='word_1_55' title='bbox 1165 1015 1285 1076; x_wconf 89' lang='lat' dir='ltr'><strong>Kcilius</strong></span> <span class='ocrx_word' id='word_1_56' title='bbox 1303 1035 1371 1074; x_wconf 92' lang='lat' dir='ltr'><strong>cum</strong></span> <span class='ocrx_word' id='word_1_57' title='bbox 1394 1014 1432 1075; x_wconf 91' lang='lat' dir='ltr'><strong>de</strong></span> 
     </span>
     <span class='ocr_line' id='line_1_8' title="bbox 294 1117 1432 1200; baseline -0.004 -18"><span class='ocrx_word' id='word_1_58' title='bbox 294 1121 503 1182; x_wconf 89' lang='lat' dir='ltr'><strong>substituendo</strong></span> <span class='ocrx_word' id='word_1_59' title='bbox 534 1123 660 1180; x_wconf 81' lang='lat' dir='ltr'><strong>Valerius</strong></span> <span class='ocrx_word' id='word_1_60' title='bbox 687 1120 808 1180; x_wconf 87' lang='lat' dir='ltr'><strong>nomine</strong></span> <span class='ocrx_word' id='word_1_61' title='bbox 837 1121 1020 1200; x_wconf 85' lang='lat' dir='ltr'><strong>suspicatur,</strong></span> <span class='ocrx_word' id='word_1_62' title='bbox 1050 1118 1107 1180; x_wconf 89' lang='lat' dir='ltr'><strong>sed</strong></span> <span class='ocrx_word' id='word_1_63' title='bbox 1134 1118 1305 1199; x_wconf 86' lang='lat' dir='ltr'><strong>suspicetur</strong></span> <span class='ocrx_word' id='word_1_64' title='bbox 1328 1117 1432 1178; x_wconf 89' lang='lat' dir='ltr'><strong>mode·</strong></span> 
     </span>
     <span class='ocr_line' id='line_1_9' title="bbox 202 1209 1433 1301; baseline -0.006 -15"><span class='ocrx_word' id='word_1_65' title='bbox 202 1209 205 1217; x_wconf 36' lang='lat'><strong>¹</strong></span> <span class='ocrx_word' id='word_1_66' title='bbox 294 1225 439 1299; x_wconf 87' lang='lat' dir='ltr'><strong>stissime,</strong></span> <span class='ocrx_word' id='word_1_67' title='bbox 469 1221 572 1282; x_wconf 90' lang='lat' dir='ltr'><strong>dubito</strong></span> <span class='ocrx_word' id='word_1_68' title='bbox 602 1243 673 1282; x_wconf 91' lang='lat' dir='ltr'><strong>uum</strong></span> <span class='ocrx_word' id='word_1_69' title='bbox 700 1221 773 1284; x_wconf 88' lang='lat' dir='ltr'><strong>fidei</strong></span> <span class='ocrx_word' id='word_1_70' title='bbox 798 1225 872 1282; x_wconf 85' lang='lat' dir='ltr'><strong>satis</strong></span> <span class='ocrx_word' id='word_1_71' title='bbox 899 1225 1075 1288; x_wconf 72' lang='lat' dir='ltr'><strong>inventurus</strong></span> <span class='ocrx_word' id='word_1_72' title='bbox 1103 1222 1152 1281; x_wconf 89' lang='lat' dir='ltr'><strong>sit.</strong></span> <span class='ocrx_word' id='word_1_73' title='bbox 1203 1221 1356 1301; x_wconf 80' lang='lat' dir='ltr'><strong>Scriptum</strong></span> <span class='ocrx_word' id='word_1_74' title='bbox 1386 1229 1433 1281; x_wconf 86' lang='lat' dir='ltr'><strong>est</strong></span> 
     </span>
     <span class='ocr_line' id='line_1_10' title="bbox 295 1323 1434 1405; baseline -0.007 -17"><span class='ocrx_word' id='word_1_75' title='bbox 295 1347 368 1390; x_wconf 89' lang='lat' dir='ltr'><strong>sane</strong></span> <span class='ocrx_word' id='word_1_76' title='bbox 386 1347 445 1386; x_wconf 93' lang='lat' dir='ltr'><strong>uno</strong></span> <span class='ocrx_word' id='word_1_77' title='bbox 463 1323 494 1384; x_wconf 90' lang='lat' dir='ltr'><strong>in</strong></span> <span class='ocrx_word' id='word_1_78' title='bbox 511 1324 580 1384; x_wconf 94' lang='lat' dir='ltr'><strong>loco</strong></span> <span class='ocrx_word' id='word_1_79' title='bbox 595 1325 678 1384; x_wconf 85' lang='lat' dir='ltr'><strong>vitae</strong></span> <span class='ocrx_word' id='word_1_80' title='bbox 694 1324 900 1386; x_wconf 87' lang='lat' dir='ltr'><strong>Suetonianae</strong></span> <span class='ocrx_word' id='word_1_81' title='bbox 921 1346 952 1405; x_wconf 89' lang='lat' dir='ltr'><strong>p.</strong></span> <span class='ocrx_word' id='word_1_82' title='bbox 968 1333 1049 1394; x_wconf 79' lang='lat'><strong>29,5</strong></span> <span class='ocrx_word' id='word_1_83' title='bbox 1071 1327 1199 1382; x_wconf 79' lang='lat' dir='ltr'><strong>Valerius</strong></span> <span class='ocrx_word' id='word_1_84' title='bbox 1218 1341 1271 1400; x_wconf 93' lang='lat' dir='ltr'><strong>pro</strong></span> <span class='ocrx_word' id='word_1_85' title='bbox 1294 1327 1434 1382; x_wconf 74' lang='lat' dir='ltr'><strong>Vulcatius</strong></span> 
     </span>
     <span class='ocr_line' id='line_1_11' title="bbox 293 1424 1432 1508; baseline -0.005 -18"><span class='ocrx_word' id='word_1_86' title='bbox 293 1431 325 1490; x_wconf 90' lang='lat' dir='ltr'><strong>iu</strong></span> <span class='ocrx_word' id='word_1_87' title='bbox 346 1428 552 1508; x_wconf 85' lang='lat' dir='ltr'><strong>Neapolitano</strong></span> <span class='ocrx_word' id='word_1_88' title='bbox 577 1425 698 1486; x_wconf 91' lang='lat' dir='ltr'><strong>codice:</strong></span> <span class='ocrx_word' id='word_1_89' title='bbox 725 1425 781 1486; x_wconf 91' lang='lat' dir='ltr'><strong>sed</strong></span> <span class='ocrx_word' id='word_1_90' title='bbox 802 1426 900 1487; x_wconf 87' lang='lat' dir='ltr'><strong>altera</strong></span> <span class='ocrx_word' id='word_1_91' title='bbox 920 1446 957 1486; x_wconf 86' lang='lat' dir='ltr'><strong>ex</strong></span> <span class='ocrx_word' id='word_1_92' title='bbox 978 1439 1067 1506; x_wconf 87' lang='lat' dir='ltr'><strong>parte</strong></span> <span class='ocrx_word' id='word_1_93' title='bbox 1088 1433 1151 1484; x_wconf 91' lang='lat' dir='ltr'><strong>tam</strong></span> <span class='ocrx_word' id='word_1_94' title='bbox 1175 1424 1301 1502; x_wconf 85' lang='lat' dir='ltr'><strong>vulgare</strong></span> <span class='ocrx_word' id='word_1_95' title='bbox 1321 1445 1432 1484; x_wconf 91' lang='lat' dir='ltr'><strong>nomen</strong></span> 
     </span>
     <span class='ocr_line' id='line_1_12' title="bbox 294 1527 1432 1612; baseline -0.005 -20"><span class='ocrx_word' id='word_1_96' title='bbox 294 1531 385 1612; x_wconf 88' lang='lat' dir='ltr'><strong>quale</strong></span> <span class='ocrx_word' id='word_1_97' title='bbox 401 1539 448 1590; x_wconf 89' lang='lat' dir='ltr'><strong>est</strong></span> <span class='ocrx_word' id='word_1_98' title='bbox 469 1531 596 1588; x_wconf 83' lang='lat' dir='ltr'><strong>Valerius</strong></span> <span class='ocrx_word' id='word_1_99' title='bbox 610 1528 641 1586; x_wconf 94' lang='lat' dir='ltr'><strong>in</strong></span> <span class='ocrx_word' id='word_1_100' title='bbox 662 1537 725 1588; x_wconf 90' lang='lat' dir='ltr'><strong>tam</strong></span> <span class='ocrx_word' id='word_1_101' title='bbox 744 1528 953 1588; x_wconf 86' lang='lat' dir='ltr'><strong>absconditam</strong></span> <span class='ocrx_word' id='word_1_102' title='bbox 975 1531 1114 1604; x_wconf 76' lang='lat' dir='ltr'><strong>Vattepius</strong></span> <span class='ocrx_word' id='word_1_103' title='bbox 1138 1527 1265 1586; x_wconf 84' lang='lat' dir='ltr'><strong>fonnem</strong></span> <span class='ocrx_word' id='word_1_104' title='bbox 1278 1527 1432 1586; x_wconf 72' lang='lat' dir='ltr'><strong>transisse</strong></span> 
     </span>
     <span class='ocr_line' id='line_1_13' title="bbox 293 1628 1431 1706; baseline -0.005 -12"><span class='ocrx_word' id='word_1_105' title='bbox 293 1642 416 1694; x_wconf 89' lang='lat' dir='ltr'><strong>nonest</strong></span> <span class='ocrx_word' id='word_1_106' title='bbox 433 1631 541 1690; x_wconf 85' lang='lat' dir='ltr'><strong>saltem</strong></span> <span class='ocrx_word' id='word_1_107' title='bbox 558 1629 650 1690; x_wconf 87' lang='lat' dir='ltr'><strong>valde</strong></span> <span class='ocrx_word' id='word_1_108' title='bbox 666 1631 764 1690; x_wconf 90' lang='lat' dir='ltr'><strong>simile</strong></span> <span class='ocrx_word' id='word_1_109' title='bbox 783 1632 859 1692; x_wconf 86' lang='lat' dir='ltr'><strong>veri.</strong></span> <span class='ocrx_word' id='word_1_110' title='bbox 898 1632 940 1690; x_wconf 77' lang='lat' dir='ltr'><strong>Et</strong></span> <span class='ocrx_word' id='word_1_111' title='bbox 959 1628 1012 1690; x_wconf 86' lang='lat' dir='ltr'><strong>vel</strong></span> <span class='ocrx_word' id='word_1_112' title='bbox 1034 1631 1080 1690; x_wconf 87' lang='lat' dir='ltr'><strong>sic</strong></span> <span class='ocrx_word' id='word_1_113' title='bbox 1101 1628 1308 1706; x_wconf 82' lang='lat' dir='ltr'><strong>indagandum</strong></span> <span class='ocrx_word' id='word_1_114' title='bbox 1327 1637 1431 1700; x_wconf 77' lang='lat' dir='ltr'><strong>restet,</strong></span> 
     </span>
     <span class='ocr_line' id='line_1_14' title="bbox 292 1730 1432 1814; baseline -0.004 -20"><span class='ocrx_word' id='word_1_115' title='bbox 292 1755 353 1814; x_wconf 92' lang='lat' dir='ltr'><strong>quo</strong></span> <span class='ocrx_word' id='word_1_116' title='bbox 378 1735 410 1793; x_wconf 92' lang='lat' dir='ltr'><strong>in</strong></span> <span class='ocrx_word' id='word_1_117' title='bbox 428 1731 505 1792; x_wconf 92' lang='lat' dir='ltr'><strong>libro</strong></span> <span class='ocrx_word' id='word_1_118' title='bbox 526 1730 595 1790; x_wconf 89' lang='lat' dir='ltr'><strong>illos</strong></span> <span class='ocrx_word' id='word_1_119' title='bbox 614 1733 781 1791; x_wconf 80' lang='lat' dir='ltr'><strong>versiculos</strong></span> <span class='ocrx_word' id='word_1_120' title='bbox 804 1731 947 1792; x_wconf 85' lang='lat' dir='ltr'><strong>Valerius</strong></span> <span class='ocrx_word' id='word_1_121' title='bbox 971 1731 1104 1794; x_wconf 88' lang='lat' dir='ltr'><strong>Soranus</strong></span> <span class='ocrx_word' id='word_1_122' title='bbox 1127 1732 1220 1811; x_wconf 68' lang='lat' dir='ltr'><strong>thure</strong></span> <span class='ocrx_word' id='word_1_123' title='bbox 1243 1731 1321 1790; x_wconf 92' lang='lat' dir='ltr'><strong>enim</strong></span> <span class='ocrx_word' id='word_1_124' title='bbox 1345 1751 1432 1790; x_wconf 87' lang='lat' dir='ltr'><strong>suum</strong></span> 
     </span>
     <span class='ocr_line' id='line_1_15' title="bbox 292 1831 1432 1914; baseline -0.003 -19"><span class='ocrx_word' id='word_1_125' title='bbox 292 1835 413 1896; x_wconf 86' lang='lat' dir='ltr'><strong>Keilius</strong></span> <span class='ocrx_word' id='word_1_126' title='bbox 427 1833 584 1894; x_wconf 88' lang='lat' dir='ltr'><strong>Valerium</strong></span> <span class='ocrx_word' id='word_1_127' title='bbox 601 1831 832 1914; x_wconf 87' lang='lat' dir='ltr'><strong>interpretatur)</strong></span> <span class='ocrx_word' id='word_1_128' title='bbox 857 1835 996 1914; x_wconf 85' lang='lat' dir='ltr'><strong>posuisse</strong></span> <span class='ocrx_word' id='word_1_129' title='bbox 1016 1834 1172 1906; x_wconf 84' lang='lat' dir='ltr'><strong>videatur,</strong></span> <span class='ocrx_word' id='word_1_130' title='bbox 1196 1834 1282 1892; x_wconf 90' lang='lat' dir='ltr'><strong>cuius</strong></span> <span class='ocrx_word' id='word_1_131' title='bbox 1298 1832 1432 1914; x_wconf 78' lang='lat' dir='ltr'><strong>aliquam</strong></span> 
     </span>
    </p>
   </div>
   <div class='ocr_carea' id='block_1_3' title="bbox 292 1934 1520 2012">
    <p class='ocr_par' dir='ltr' id='par_1_3' title="bbox 292 1934 1520 2012">
     <span class='ocr_line' id='line_1_16' title="bbox 292 1934 1520 2012; baseline -0.002 -16"><span class='ocrx_word' id='word_1_132' title='bbox 292 1939 455 2012; x_wconf 74' lang='lat' dir='ltr'><strong>‚actmnem&#39;</strong></span> <span class='ocrx_word' id='word_1_133' title='bbox 480 1934 574 1994; x_wconf 83' lang='lat' dir='ltr'><strong>fuisse</strong></span> <span class='ocrx_word' id='word_1_134' title='bbox 589 1955 647 1994; x_wconf 89' lang='lat' dir='ltr'><strong>nec</strong></span> <span class='ocrx_word' id='word_1_135' title='bbox 659 1937 831 1997; x_wconf 89' lang='lat' dir='ltr'><strong>testimonio</strong></span> <span class='ocrx_word' id='word_1_136' title='bbox 850 1957 908 1996; x_wconf 90' lang='lat' dir='ltr'><strong>uec</strong></span> <span class='ocrx_word' id='word_1_137' title='bbox 922 1937 1033 1996; x_wconf 92' lang='lat' dir='ltr'><strong>iudicio</strong></span> <span class='ocrx_word' id='word_1_138' title='bbox 1048 1935 1110 1995; x_wconf 88' lang='lat' dir='ltr'><strong>ullo</strong></span> <span class='ocrx_word' id='word_1_139' title='bbox 1127 1944 1255 1995; x_wconf 88' lang='lat' dir='ltr'><strong>constet.</strong></span> <span class='ocrx_word' id='word_1_140' title='bbox 1287 1935 1354 1994; x_wconf 84' lang='lat' dir='ltr'><strong>Nec</strong></span> <span class='ocrx_word' id='word_1_141' title='bbox 1369 1956 1431 1994; x_wconf 89' lang='lat' dir='ltr'><strong>ma·</strong></span> <span class='ocrx_word' id='word_1_142' title='bbox 1516 1935 1520 1946; x_wconf 93' lang='grc'><strong><em>’</em></strong></span> 
     </span>
    </p>
   </div>
   <div class='ocr_carea' id='block_1_4' title="bbox 292 2035 1433 2730">
    <p class='ocr_par' dir='ltr' id='par_1_4' title="bbox 292 2035 1433 2730">
     <span class='ocr_line' id='line_1_17' title="bbox 293 2035 1431 2119; baseline -0.002 -21"><span class='ocrx_word' id='word_1_143' title='bbox 293 2041 340 2118; x_wconf 86' lang='lat' dir='ltr'><strong>gis</strong></span> <span class='ocrx_word' id='word_1_144' title='bbox 361 2038 399 2100; x_wconf 90' lang='lat' dir='ltr'><strong>de</strong></span> <span class='ocrx_word' id='word_1_145' title='bbox 422 2035 531 2097; x_wconf 83' lang='lat' dir='ltr'><strong>‘satiris&#39;</strong></span> <span class='ocrx_word' id='word_1_146' title='bbox 557 2045 692 2112; x_wconf 63' lang='lat' dir='ltr'><strong>constat,</strong></span> <span class='ocrx_word' id='word_1_147' title='bbox 721 2057 796 2119; x_wconf 87' lang='lat' dir='ltr'><strong>quas</strong></span> <span class='ocrx_word' id='word_1_148' title='bbox 818 2039 845 2098; x_wconf 87' lang='lat' dir='ltr'><strong>ei</strong></span> <span class='ocrx_word' id='word_1_149' title='bbox 869 2059 924 2099; x_wconf 91' lang='lat' dir='ltr'><strong>suo</strong></span> <span class='ocrx_word' id='word_1_150' title='bbox 946 2038 1082 2118; x_wconf 87' lang='lat' dir='ltr'><strong>periculo</strong></span> <span class='ocrx_word' id='word_1_151' title='bbox 1102 2038 1249 2116; x_wconf 87' lang='lat' dir='ltr'><strong>Meyerus</strong></span> <span class='ocrx_word' id='word_1_152' title='bbox 1274 2038 1305 2097; x_wconf 93' lang='lat' dir='ltr'><strong>in</strong></span> <span class='ocrx_word' id='word_1_153' title='bbox 1330 2035 1431 2098; x_wconf 79' lang='lat' dir='ltr'><strong>Cicer.</strong></span> 
     </span>
     <span class='ocr_line' id='line_1_18' title="bbox 292 2137 1430 2222; baseline -0.001 -21"><span class='ocrx_word' id='word_1_154' title='bbox 292 2141 379 2202; x_wconf 87' lang='lat' dir='ltr'><strong>Brut.</strong></span> <span class='ocrx_word' id='word_1_155' title='bbox 393 2148 445 2214; x_wconf 80' lang='lat'><strong>46,</strong></span> <span class='ocrx_word' id='word_1_156' title='bbox 466 2147 515 2204; x_wconf 78' lang='lat'><strong>169</strong></span> <span class='ocrx_word' id='word_1_157' title='bbox 530 2137 636 2198; x_wconf 80' lang='lat' dir='ltr'><strong>tribuit</strong></span> <span class='ocrx_word' id='word_1_158' title='bbox 651 2160 682 2219; x_wconf 90' lang='lat' dir='ltr'><strong>p.</strong></span> <span class='ocrx_word' id='word_1_159' title='bbox 701 2149 766 2203; x_wconf 82' lang='lat'>145:</span> <span class='ocrx_word' id='word_1_160' title='bbox 793 2161 976 2222; x_wconf 89' lang='lat' dir='ltr'><strong>quamquam</strong></span> <span class='ocrx_word' id='word_1_161' title='bbox 995 2139 1152 2200; x_wconf 84' lang='lat' dir='ltr'><strong>fatendum</strong></span> <span class='ocrx_word' id='word_1_162' title='bbox 1168 2148 1214 2199; x_wconf 91' lang='lat' dir='ltr'><strong>est</strong></span> <span class='ocrx_word' id='word_1_163' title='bbox 1235 2141 1306 2200; x_wconf 90' lang='lat' dir='ltr'><strong>item</strong></span> <span class='ocrx_word' id='word_1_164' title='bbox 1325 2139 1365 2198; x_wconf 90' lang='lat' dir='ltr'><strong>ad</strong></span> <span class='ocrx_word' id='word_1_165' title='bbox 1381 2159 1430 2200; x_wconf 84' lang='lat' dir='ltr'><strong>ca·</strong></span> 
     </span>
     <span class='ocr_line' id='line_1_19' title="bbox 293 2240 1431 2324; baseline -0.003 -20"><span class='ocrx_word' id='word_1_166' title='bbox 293 2241 461 2305; x_wconf 85' lang='lat' dir='ltr'><strong>villandum</strong></span> <span class='ocrx_word' id='word_1_167' title='bbox 477 2250 611 2300; x_wconf 87' lang='lat' dir='ltr'><strong>vetarem</strong></span> <span class='ocrx_word' id='word_1_168' title='bbox 626 2249 749 2321; x_wconf 90' lang='lat' dir='ltr'><strong>poetam</strong></span> <span class='ocrx_word' id='word_1_169' title='bbox 764 2242 999 2317; x_wconf 82' lang='lat' dir='ltr'><strong>vorsumillum,</strong></span> <span class='ocrx_word' id='word_1_170' title='bbox 1022 2250 1052 2302; x_wconf 89' lang='lat' dir='ltr'><strong>et</strong></span> <span class='ocrx_word' id='word_1_171' title='bbox 1069 2241 1278 2302; x_wconf 82' lang='lat' dir='ltr'><strong>hexametrum</strong></span> <span class='ocrx_word' id='word_1_172' title='bbox 1296 2240 1431 2324; x_wconf 89' lang='lat' dir='ltr'><strong>quidem,</strong></span> 
     </span>
     <span class='ocr_line' id='line_1_20' title="bbox 294 2343 1433 2426; baseline 0 -22"><span class='ocrx_word' id='word_1_173' title='bbox 294 2353 434 2426; x_wconf 88' lang='lat' dir='ltr'><strong>spectare</strong></span> <span class='ocrx_word' id='word_1_174' title='bbox 456 2363 579 2424; x_wconf 88' lang='lat' dir='ltr'><strong>queme</strong></span> <span class='ocrx_word' id='word_1_175' title='bbox 601 2344 745 2406; x_wconf 84' lang='lat' dir='ltr'><strong>‘Valerio’</strong></span> <span class='ocrx_word' id='word_1_176' title='bbox 762 2347 859 2406; x_wconf 87' lang='lat' dir='ltr'><strong>Varro</strong></span> <span class='ocrx_word' id='word_1_177' title='bbox 876 2344 1010 2425; x_wconf 87' lang='lat' dir='ltr'><strong>prodidit</strong></span> <span class='ocrx_word' id='word_1_178' title='bbox 1032 2343 1070 2404; x_wconf 92' lang='lat' dir='ltr'><strong>de</strong></span> <span class='ocrx_word' id='word_1_179' title='bbox 1086 2343 1106 2404; x_wconf 93' lang='lat' dir='ltr'><strong>l.</strong></span> <span class='ocrx_word' id='word_1_180' title='bbox 1123 2345 1176 2404; x_wconf 89' lang='lat' dir='ltr'><strong>lat.</strong></span> <span class='ocrx_word' id='word_1_181' title='bbox 1195 2356 1236 2422; x_wconf 81' lang='lat' dir='ltr'><strong>x,</strong></span> <span class='ocrx_word' id='word_1_182' title='bbox 1257 2351 1306 2407; x_wconf 80' lang='lat'><strong>7⁰:</strong></span> <span class='ocrx_word' id='word_1_183' title='bbox 1331 2347 1433 2404; x_wconf 81' lang='lat' dir='ltr'><strong>Accius</strong></span> 
     </span>
     <span class='ocr_line' id='line_1_21' title="bbox 292 2444 1430 2526; baseline 0 -20"><span class='ocrx_word' id='word_1_184' title='bbox 292 2449 439 2506; x_wconf 79' lang='lat' dir='ltr'><strong>Hectorem</strong></span> <span class='ocrx_word' id='word_1_185' title='bbox 452 2450 525 2506; x_wconf 82' lang='lat' dir='ltr'><strong>notet</strong></span> <span class='ocrx_word' id='word_1_186' title='bbox 537 2447 651 2520; x_wconf 82' lang='lat' dir='ltr'><strong>facere,</strong></span> <span class='ocrx_word' id='word_1_187' title='bbox 666 2451 787 2507; x_wconf 80' lang='lat' dir='ltr'><strong>Hectora</strong></span> <span class='ocrx_word' id='word_1_188' title='bbox 801 2451 890 2506; x_wconf 85' lang='lat' dir='ltr'><strong>mutet.</strong></span> <span class='ocrx_word' id='word_1_189' title='bbox 906 2481 947 2489; x_wconf 88' lang='lat'>-</span> <span class='ocrx_word' id='word_1_190' title='bbox 971 2447 1120 2526; x_wconf 83' lang='lat' dir='ltr'><strong>Superest</strong></span> <span class='ocrx_word' id='word_1_191' title='bbox 1133 2454 1167 2506; x_wconf 92' lang='lat' dir='ltr'><strong>ut</strong></span> <span class='ocrx_word' id='word_1_192' title='bbox 1184 2465 1251 2506; x_wconf 91' lang='lat' dir='ltr'><strong>cum</strong></span> <span class='ocrx_word' id='word_1_193' title='bbox 1268 2444 1430 2526; x_wconf 89' lang='lat' dir='ltr'><strong>Schopeno</strong></span> 
     </span>
     <span class='ocr_line' id='line_1_22' title="bbox 293 2533 1432 2629; baseline 0.002 -23"><span class='ocrx_word' id='word_1_194' title='bbox 293 2547 480 2620; x_wconf 72' lang='grc' dir='ltr'><strong>111111111111111,Ι</strong></span> <span class='ocrx_word' id='word_1_195' title='bbox 493 2547 531 2606; x_wconf 92' lang='lat' dir='ltr'><strong>de</strong></span> <span class='ocrx_word' id='word_1_196' title='bbox 551 2548 614 2607; x_wconf 88' lang='lat' dir='ltr'><strong>illis</strong></span> <span class='ocrx_word' id='word_1_197' title='bbox 629 2567 708 2629; x_wconf 89' lang='lat' dir='ltr'><strong>quae</strong></span> <span class='ocrx_word' id='word_1_198' title='bbox 732 2557 803 2608; x_wconf 91' lang='lat' dir='ltr'><strong>sunt</strong></span> <span class='ocrx_word' id='word_1_199' title='bbox 824 2553 852 2606; x_wconf 82' lang='lat' dir='ltr'><strong>ia</strong></span> <span class='ocrx_word' id='word_1_200' title='bbox 869 2553 975 2607; x_wconf 65' lang='lat' dir='ltr'><strong>actone</strong></span> <span class='ocrx_word' id='word_1_201' title='bbox 995 2549 1070 2608; x_wconf 87' lang='lat' dir='ltr'><strong>satis</strong></span> <span class='ocrx_word' id='word_1_202' title='bbox 1091 2556 1122 2608; x_wconf 83' lang='lat' dir='ltr'><strong>et</strong></span> <span class='ocrx_word' id='word_1_203' title='bbox 1137 2533 1314 2628; x_wconf 86' lang='lat' dir='ltr'><strong>simpliciter</strong></span> <span class='ocrx_word' id='word_1_204' title='bbox 1339 2557 1370 2608; x_wconf 87' lang='lat' dir='ltr'><strong>et</strong></span> <span class='ocrx_word' id='word_1_205' title='bbox 1390 2549 1432 2608; x_wconf 87' lang='lat' dir='ltr'><strong>ad</strong></span> 
     </span>
     <span class='ocr_line' id='line_1_23' title="bbox 292 2645 1431 2730; baseline 0.002 -22"><span class='ocrx_word' id='word_1_206' title='bbox 292 2645 538 2729; x_wconf 89' lang='lat' dir='ltr'><strong>persuadendum</strong></span> <span class='ocrx_word' id='word_1_207' title='bbox 553 2651 690 2730; x_wconf 85' lang='lat' dir='ltr'><strong>apposite</strong></span> <span class='ocrx_word' id='word_1_208' title='bbox 706 2650 749 2710; x_wconf 87' lang='lat' dir='ltr'><strong>sic</strong></span> <span class='ocrx_word' id='word_1_209' title='bbox 763 2649 976 2712; x_wconf 84' lang='lat' dir='ltr'><strong>ratiocinante.</strong></span> <span class='ocrx_word' id='word_1_210' title='bbox 1012 2649 1096 2710; x_wconf 85' lang='lat' dir='ltr'><strong>Fieri</strong></span> <span class='ocrx_word' id='word_1_211' title='bbox 1112 2651 1191 2709; x_wconf 89' lang='lat' dir='ltr'><strong>enim</strong></span> <span class='ocrx_word' id='word_1_212' title='bbox 1206 2668 1297 2729; x_wconf 88' lang='lat' dir='ltr'><strong>posse</strong></span> <span class='ocrx_word' id='word_1_213' title='bbox 1315 2657 1349 2708; x_wconf 93' lang='lat' dir='ltr'><strong>ut</strong></span> <span class='ocrx_word' id='word_1_214' title='bbox 1364 2650 1431 2710; x_wconf 82' lang='lat' dir='ltr'><strong>sire</strong></span> 
     </span>
    </p>
   </div>
   <div class='ocr_carea' id='block_1_5' title="bbox 204 2750 1429 2832">
    <p class='ocr_par' dir='ltr' id='par_1_5' title="bbox 204 2750 1429 2832">
     <span class='ocr_line' id='line_1_24' title="bbox 204 2750 1429 2832; baseline 0.002 -21"><span class='ocrx_word' id='word_1_215' title='bbox 204 2817 212 2830; x_wconf 42' lang='lat'>,</span> <span class='ocrx_word' id='word_1_216' title='bbox 292 2750 395 2828; x_wconf 90' lang='lat' dir='ltr'><strong>Valgii</strong></span> <span class='ocrx_word' id='word_1_217' title='bbox 410 2753 475 2811; x_wconf 88' lang='lat' dir='ltr'><strong>sive</strong></span> <span class='ocrx_word' id='word_1_218' title='bbox 498 2751 575 2810; x_wconf 89' lang='lat' dir='ltr'><strong>alius</strong></span> <span class='ocrx_word' id='word_1_219' title='bbox 596 2751 757 2812; x_wconf 88' lang='lat' dir='ltr'><strong>cuiuslibet</strong></span> <span class='ocrx_word' id='word_1_220' title='bbox 774 2753 851 2812; x_wconf 90' lang='lat' dir='ltr'><strong>liber</strong></span> <span class='ocrx_word' id='word_1_221' title='bbox 872 2751 950 2832; x_wconf 86' lang='lat' dir='ltr'><strong>(sive</strong></span> <span class='ocrx_word' id='word_1_222' title='bbox 972 2751 1085 2812; x_wconf 87' lang='lat' dir='ltr'><strong>linitius</strong></span> <span class='ocrx_word' id='word_1_223' title='bbox 1110 2750 1278 2812; x_wconf 87' lang='lat' dir='ltr'><strong>‘libellum&#39;</strong></span> <span class='ocrx_word' id='word_1_224' title='bbox 1302 2752 1429 2832; x_wconf 82' lang='lat' dir='ltr'><strong>dixeris)</strong></span> 
     </span>
    </p>
   </div>
   <div class='ocr_carea' id='block_1_6' title="bbox 291 2853 1431 4462">
    <p class='ocr_par' dir='ltr' id='par_1_6' title="bbox 291 2853 1431 4462">
     <span class='ocr_line' id='line_1_25' title="bbox 294 2853 1430 2936; baseline 0.002 -25"><span class='ocrx_word' id='word_1_225' title='bbox 294 2854 429 2914; x_wconf 84' lang='lat' dir='ltr'><strong>extiterit</strong></span> <span class='ocrx_word' id='word_1_226' title='bbox 446 2853 546 2918; x_wconf 76' lang='lat' dir='ltr'><strong>‘Actio‘</strong></span> <span class='ocrx_word' id='word_1_227' title='bbox 572 2853 749 2934; x_wconf 85' lang='lat' dir='ltr'><strong>inscriptus,</strong></span> <span class='ocrx_word' id='word_1_228' title='bbox 776 2875 836 2936; x_wconf 91' lang='lat' dir='ltr'><strong>quo</strong></span> <span class='ocrx_word' id='word_1_229' title='bbox 862 2854 915 2914; x_wconf 91' lang='lat' dir='ltr'><strong>ille</strong></span> <span class='ocrx_word' id='word_1_230' title='bbox 937 2864 1075 2914; x_wconf 88' lang='lat' dir='ltr'><strong>vetorum</strong></span> <span class='ocrx_word' id='word_1_231' title='bbox 1095 2863 1255 2934; x_wconf 88' lang='lat' dir='ltr'><strong>poetarum</strong></span> <span class='ocrx_word' id='word_1_232' title='bbox 1273 2854 1357 2928; x_wconf 69' lang='lat' dir='ltr'><strong>furta</strong></span> <span class='ocrx_word' id='word_1_233' title='bbox 1377 2853 1430 2915; x_wconf 88' lang='lat' dir='ltr'><strong>vel</strong></span> 
     </span>
     <span class='ocr_line' id='line_1_26' title="bbox 293 2949 1430 3037; baseline 0.003 -24"><span class='ocrx_word' id='word_1_234' title='bbox 293 2956 397 3014; x_wconf 87' lang='lat' dir='ltr'><strong>nescio</strong></span> <span class='ocrx_word' id='word_1_235' title='bbox 413 2975 488 3036; x_wconf 89' lang='lat' dir='ltr'><strong>quas</strong></span> <span class='ocrx_word' id='word_1_236' title='bbox 504 2953 581 3016; x_wconf 88' lang='lat' dir='ltr'><strong>alias</strong></span> <span class='ocrx_word' id='word_1_237' title='bbox 599 2955 703 3034; x_wconf 86' lang='lat' dir='ltr'><strong>culpas</strong></span> <span class='ocrx_word' id='word_1_238' title='bbox 720 2958 922 3035; x_wconf 78' lang='lat' dir='ltr'><strong>exagitaverit</strong></span> <span class='ocrx_word' id='word_1_239' title='bbox 936 2949 993 3016; x_wconf 74' lang='lat' dir='ltr'><strong>hae</strong></span> <span class='ocrx_word' id='word_1_240' title='bbox 1009 2956 1209 3029; x_wconf 76' lang='lat' dir='ltr'><strong>formamus,</strong></span> <span class='ocrx_word' id='word_1_241' title='bbox 1226 2965 1260 3015; x_wconf 87' lang='lat' dir='ltr'><strong>nt</strong></span> <span class='ocrx_word' id='word_1_242' title='bbox 1274 2964 1430 3037; x_wconf 88' lang='lat' dir='ltr'><strong>tamquam</strong></span> 
     </span>
     <span class='ocr_line' id='line_1_27' title="bbox 294 3055 1429 3146; baseline 0.002 -30"><span class='ocrx_word' id='word_1_243' title='bbox 294 3064 454 3117; x_wconf 84' lang='lat' dir='ltr'><strong>accusator</strong></span> <span class='ocrx_word' id='word_1_244' title='bbox 470 3057 605 3138; x_wconf 88' lang='lat' dir='ltr'><strong>prodiret</strong></span> <span class='ocrx_word' id='word_1_245' title='bbox 619 3059 830 3139; x_wconf 88' lang='lat' dir='ltr'><strong>actionemque</strong></span> <span class='ocrx_word' id='word_1_246' title='bbox 845 3060 905 3120; x_wconf 88' lang='lat' dir='ltr'><strong>reis</strong></span> <span class='ocrx_word' id='word_1_247' title='bbox 919 3055 1107 3146; x_wconf 82' lang='lat' dir='ltr'><strong>intenderet:</strong></span> <span class='ocrx_word' id='word_1_248' title='bbox 1136 3077 1296 3118; x_wconf 86' lang='lat' dir='ltr'><strong>censuram</strong></span> <span class='ocrx_word' id='word_1_249' title='bbox 1320 3058 1429 3118; x_wconf 89' lang='lat' dir='ltr'><strong>saltem</strong></span> 
     </span>
     <span class='ocr_line' id='line_1_28' title="bbox 293 3139 1429 3240; baseline 0.003 -22"><span class='ocrx_word' id='word_1_250' title='bbox 293 3167 450 3240; x_wconf 89' lang='lat' dir='ltr'><strong>poetarum</strong></span> <span class='ocrx_word' id='word_1_251' title='bbox 473 3161 565 3220; x_wconf 88' lang='lat' dir='ltr'><strong>etiam</strong></span> <span class='ocrx_word' id='word_1_252' title='bbox 581 3158 759 3222; x_wconf 83' lang='lat' dir='ltr'><strong>Ciceronem</strong></span> <span class='ocrx_word' id='word_1_253' title='bbox 785 3163 883 3239; x_wconf 86' lang='lat' dir='ltr'><strong>egisse</strong></span> <span class='ocrx_word' id='word_1_254' title='bbox 906 3139 1004 3222; x_wconf 85' lang='lat' dir='ltr'><strong>videri</strong></span> <span class='ocrx_word' id='word_1_255' title='bbox 1029 3161 1061 3218; x_wconf 90' lang='lat' dir='ltr'><strong>in</strong></span> <span class='ocrx_word' id='word_1_256' title='bbox 1079 3160 1208 3219; x_wconf 87' lang='lat' dir='ltr'><strong>Limone</strong></span> <span class='ocrx_word' id='word_1_257' title='bbox 1230 3160 1364 3240; x_wconf 87' lang='lat' dir='ltr'><strong>itemque</strong></span> <span class='ocrx_word' id='word_1_258' title='bbox 1380 3181 1429 3221; x_wconf 89' lang='lat' dir='ltr'><strong>re·</strong></span> 
     </span>
     <span class='ocr_line' id='line_1_29' title="bbox 294 3259 1429 3343; baseline -0.002 -19"><span class='ocrx_word' id='word_1_259' title='bbox 294 3262 492 3343; x_wconf 87' lang='lat' dir='ltr'><strong>spondentem</strong></span> <span class='ocrx_word' id='word_1_260' title='bbox 517 3262 563 3323; x_wconf 91' lang='lat' dir='ltr'><strong>illi</strong></span> <span class='ocrx_word' id='word_1_261' title='bbox 584 3261 636 3342; x_wconf 86' lang='lat' dir='ltr'><strong>(‘tu</strong></span> <span class='ocrx_word' id='word_1_262' title='bbox 655 3261 786 3340; x_wconf 82' lang='lat' dir='ltr'><strong>quoque’)</strong></span> <span class='ocrx_word' id='word_1_263' title='bbox 808 3263 980 3324; x_wconf 76' lang='lat' dir='ltr'><strong>Gaesarem.</strong></span> <span class='ocrx_word' id='word_1_264' title='bbox 1026 3259 1089 3322; x_wconf 86' lang='lat' dir='ltr'><strong>Sed</strong></span> <span class='ocrx_word' id='word_1_265' title='bbox 1114 3262 1285 3342; x_wconf 88' lang='lat' dir='ltr'><strong>etiamque</strong></span> <span class='ocrx_word' id='word_1_266' title='bbox 1307 3263 1429 3322; x_wconf 86' lang='lat' dir='ltr'><strong>nomine</strong></span> 
     </span>
     <span class='ocr_line' id='line_1_30' title="bbox 293 3362 1429 3454; baseline -0.001 -29"><span class='ocrx_word' id='word_1_267' title='bbox 293 3367 385 3426; x_wconf 85' lang='lat' dir='ltr'><strong>fuerit</strong></span> <span class='ocrx_word' id='word_1_268' title='bbox 400 3365 452 3446; x_wconf 91' lang='lat' dir='ltr'><strong>qui</strong></span> <span class='ocrx_word' id='word_1_269' title='bbox 465 3365 558 3424; x_wconf 88' lang='lat' dir='ltr'><strong>talem</strong></span> <span class='ocrx_word' id='word_1_270' title='bbox 572 3366 681 3426; x_wconf 89' lang='lat' dir='ltr'><strong>librum</strong></span> <span class='ocrx_word' id='word_1_271' title='bbox 698 3365 842 3440; x_wconf 85' lang='lat' dir='ltr'><strong>ediderit,</strong></span> <span class='ocrx_word' id='word_1_272' title='bbox 864 3386 925 3425; x_wconf 91' lang='lat' dir='ltr'><strong>uon</strong></span> <span class='ocrx_word' id='word_1_273' title='bbox 939 3365 1004 3424; x_wconf 90' lang='lat' dir='ltr'><strong>sine</strong></span> <span class='ocrx_word' id='word_1_274' title='bbox 1017 3362 1235 3454; x_wconf 86' lang='lat' dir='ltr'><strong>probabilitate</strong></span> <span class='ocrx_word' id='word_1_275' title='bbox 1251 3383 1267 3423; x_wconf 90' lang='lat' dir='ltr'><strong>e</strong></span> <span class='ocrx_word' id='word_1_276' title='bbox 1283 3363 1429 3424; x_wconf 89' lang='lat' dir='ltr'><strong>librorum</strong></span> 
     </span>
     <span class='ocr_line' id='line_1_31' title="bbox 293 3465 1428 3549; baseline -0.004 -20"><span class='ocrx_word' id='word_1_277' title='bbox 293 3468 430 3547; x_wconf 82' lang='lat' dir='ltr'><strong>vestigiis</strong></span> <span class='ocrx_word' id='word_1_278' title='bbox 451 3469 587 3543; x_wconf 79' lang='lat' dir='ltr'><strong>Valleqias</strong></span> <span class='ocrx_word' id='word_1_279' title='bbox 601 3468 794 3548; x_wconf 90' lang='lat' dir='ltr'><strong>prodentium</strong></span> <span class='ocrx_word' id='word_1_280' title='bbox 807 3488 897 3549; x_wconf 88' lang='lat' dir='ltr'><strong>posse</strong></span> <span class='ocrx_word' id='word_1_281' title='bbox 915 3468 978 3526; x_wconf 90' lang='lat' dir='ltr'><strong>erni</strong></span> <span class='ocrx_word' id='word_1_282' title='bbox 993 3465 1123 3526; x_wconf 88' lang='lat' dir='ltr'><strong>videtur.</strong></span> <span class='ocrx_word' id='word_1_283' title='bbox 1165 3465 1287 3545; x_wconf 77' lang='lat' dir='ltr'><strong>Quippe</strong></span> <span class='ocrx_word' id='word_1_284' title='bbox 1301 3486 1360 3525; x_wconf 92' lang='lat' dir='ltr'><strong>uuo</strong></span> <span class='ocrx_word' id='word_1_285' title='bbox 1377 3485 1428 3525; x_wconf 89' lang='lat' dir='ltr'><strong>eo·</strong></span> 
     </span>
     <span class='ocr_line' id='line_1_32' title="bbox 294 3568 1428 3650; baseline -0.002 -20"><span class='ocrx_word' id='word_1_286' title='bbox 294 3571 423 3650; x_wconf 89' lang='lat' dir='ltr'><strong>demque</strong></span> <span class='ocrx_word' id='word_1_287' title='bbox 444 3577 580 3649; x_wconf 89' lang='lat' dir='ltr'><strong>ternpore</strong></span> <span class='ocrx_word' id='word_1_288' title='bbox 602 3573 737 3646; x_wconf 80' lang='lat' dir='ltr'><strong>Vupelir&#39;us</strong></span> <span class='ocrx_word' id='word_1_289' title='bbox 758 3571 886 3630; x_wconf 87' lang='lat' dir='ltr'><strong>nominis</strong></span> <span class='ocrx_word' id='word_1_290' title='bbox 906 3568 944 3630; x_wconf 86' lang='lat' dir='ltr'><strong>ad</strong></span> <span class='ocrx_word' id='word_1_291' title='bbox 965 3568 1018 3628; x_wconf 92' lang='lat' dir='ltr'><strong>illa</strong></span> <span class='ocrx_word' id='word_1_292' title='bbox 1034 3569 1166 3644; x_wconf 82' lang='lat' dir='ltr'><strong>vestigia</strong></span> <span class='ocrx_word' id='word_1_293' title='bbox 1181 3568 1318 3646; x_wconf 79' lang='lat' dir='ltr'><strong>proxime</strong></span> <span class='ocrx_word' id='word_1_294' title='bbox 1337 3587 1428 3628; x_wconf 87' lang='lat' dir='ltr'><strong>acce·</strong></span> 
     </span>
     <span class='ocr_line' id='line_1_33' title="bbox 294 3671 1428 3732; baseline -0.002 0"><span class='ocrx_word' id='word_1_295' title='bbox 294 3673 393 3732; x_wconf 90' lang='lat' dir='ltr'><strong>dentis</strong></span> <span class='ocrx_word' id='word_1_296' title='bbox 414 3680 443 3732; x_wconf 88' lang='lat' dir='ltr'><strong>et</strong></span> <span class='ocrx_word' id='word_1_297' title='bbox 459 3671 646 3732; x_wconf 88' lang='lat' dir='ltr'><strong>Ribbeckius</strong></span> <span class='ocrx_word' id='word_1_298' title='bbox 670 3681 701 3732; x_wconf 89' lang='lat' dir='ltr'><strong>et</strong></span> <span class='ocrx_word' id='word_1_299' title='bbox 720 3672 927 3732; x_wconf 88' lang='lat' dir='ltr'><strong>Buechelerus</strong></span> <span class='ocrx_word' id='word_1_300' title='bbox 947 3671 1183 3730; x_wconf 88' lang='lat' dir='ltr'><strong>admonuerunt:</strong></span> <span class='ocrx_word' id='word_1_301' title='bbox 1208 3671 1291 3730; x_wconf 87' lang='lat' dir='ltr'><strong>cuius</strong></span> <span class='ocrx_word' id='word_1_302' title='bbox 1314 3689 1428 3730; x_wconf 91' lang='lat' dir='ltr'><strong>memo·</strong></span> 
     </span>
     <span class='ocr_line' id='line_1_34' title="bbox 293 3772 1430 3854; baseline -0.004 -19"><span class='ocrx_word' id='word_1_303' title='bbox 293 3777 368 3835; x_wconf 86' lang='lat' dir='ltr'><strong>riam</strong></span> <span class='ocrx_word' id='word_1_304' title='bbox 393 3773 439 3833; x_wconf 93' lang='lat' dir='ltr'><strong>illi</strong></span> <span class='ocrx_word' id='word_1_305' title='bbox 460 3773 616 3834; x_wconf 87' lang='lat' dir='ltr'><strong>Iuvenalis</strong></span> <span class='ocrx_word' id='word_1_306' title='bbox 637 3783 832 3854; x_wconf 83' lang='lat' dir='ltr'><strong>suggesserat</strong></span> <span class='ocrx_word' id='word_1_307' title='bbox 852 3773 919 3835; x_wconf 87' lang='lat' dir='ltr'><strong>Sat.</strong></span> <span class='ocrx_word' id='word_1_308' title='bbox 945 3785 1026 3846; x_wconf 87' lang='lat' dir='ltr'>x111,</span> <span class='ocrx_word' id='word_1_309' title='bbox 1052 3781 1100 3835; x_wconf 84' lang='lat'><strong>119</strong></span> <span class='ocrx_word' id='word_1_310' title='bbox 1122 3781 1155 3831; x_wconf 91' lang='lat' dir='ltr'><strong>et</strong></span> <span class='ocrx_word' id='word_1_311' title='bbox 1182 3783 1258 3846; x_wconf 77' lang='lat' dir='ltr'><strong>xvi,</strong></span> <span class='ocrx_word' id='word_1_312' title='bbox 1280 3781 1329 3845; x_wconf 78' lang='grc'><strong>13,</strong></span> <span class='ocrx_word' id='word_1_313' title='bbox 1355 3772 1430 3832; x_wconf 90' lang='lat' dir='ltr'><strong>buic</strong></span> 
     </span>
     <span class='ocr_line' id='line_1_35' title="bbox 293 3873 1430 3957; baseline -0.001 -21"><span class='ocrx_word' id='word_1_314' title='bbox 293 3877 414 3936; x_wconf 79' lang='lat' dir='ltr'><strong>Seneca</strong></span> <span class='ocrx_word' id='word_1_315' title='bbox 428 3876 534 3936; x_wconf 90' lang='lat' dir='ltr'><strong>Natur.</strong></span> <span class='ocrx_word' id='word_1_316' title='bbox 558 3884 676 3957; x_wconf 89' lang='lat' dir='ltr'><strong>quaest.</strong></span> <span class='ocrx_word' id='word_1_317' title='bbox 701 3879 843 3951; x_wconf 77' lang='grc' dir='ltr'>ν1,1,8.</span> <span class='ocrx_word' id='word_1_318' title='bbox 880 3877 922 3936; x_wconf 85' lang='lat' dir='ltr'><strong>Et</strong></span> <span class='ocrx_word' id='word_1_319' title='bbox 940 3895 1051 3936; x_wconf 91' lang='lat' dir='ltr'><strong>nomen</strong></span> <span class='ocrx_word' id='word_1_320' title='bbox 1069 3873 1191 3954; x_wconf 89' lang='lat' dir='ltr'><strong>quidem</strong></span> <span class='ocrx_word' id='word_1_321' title='bbox 1213 3875 1311 3954; x_wconf 90' lang='lat' dir='ltr'><strong>ipsum</strong></span> <span class='ocrx_word' id='word_1_322' title='bbox 1336 3876 1430 3935; x_wconf 89' lang='lat' dir='ltr'><strong>etiam</strong></span> 
     </span>
     <span class='ocr_line' id='line_1_36' title="bbox 292 3975 1431 4059; baseline 0.001 -23"><span class='ocrx_word' id='word_1_323' title='bbox 292 3977 411 4058; x_wconf 85' lang='lat' dir='ltr'><strong>lapides</strong></span> <span class='ocrx_word' id='word_1_324' title='bbox 428 3977 550 4059; x_wconf 90' lang='lat' dir='ltr'><strong>quidam</strong></span> <span class='ocrx_word' id='word_1_325' title='bbox 566 3979 676 4038; x_wconf 88' lang='lat' dir='ltr'><strong>Bruttii</strong></span> <span class='ocrx_word' id='word_1_326' title='bbox 697 3977 818 4039; x_wconf 87' lang='lat' dir='ltr'><strong>firmant</strong></span> <span class='ocrx_word' id='word_1_327' title='bbox 832 3979 864 4038; x_wconf 91' lang='lat' dir='ltr'><strong>in</strong></span> <span class='ocrx_word' id='word_1_328' title='bbox 879 3978 1060 4038; x_wconf 88' lang='lat' dir='ltr'><strong>Mommseni</strong></span> <span class='ocrx_word' id='word_1_329' title='bbox 1076 3978 1100 4036; x_wconf 94' lang='lat' dir='ltr'><strong>I.</strong></span> <span class='ocrx_word' id='word_1_330' title='bbox 1115 3977 1153 4036; x_wconf 86' lang='lat' dir='ltr'><strong>R.</strong></span> <span class='ocrx_word' id='word_1_331' title='bbox 1169 3975 1208 4034; x_wconf 89' lang='lat' dir='ltr'><strong>N.</strong></span> <span class='ocrx_word' id='word_1_332' title='bbox 1234 3986 1266 4038; x_wconf 80' lang='lat'><strong>15</strong></span> <span class='ocrx_word' id='word_1_333' title='bbox 1283 3983 1314 4034; x_wconf 88' lang='lat' dir='ltr'><strong>et</strong></span> <span class='ocrx_word' id='word_1_334' title='bbox 1328 3985 1378 4039; x_wconf 82' lang='lat'><strong>53:</strong></span> <span class='ocrx_word' id='word_1_335' title='bbox 1410 3997 1431 4037; x_wconf 82' lang='lat' dir='ltr'><strong>a</strong></span> 
     </span>
     <span class='ocr_line' id='line_1_37' title="bbox 293 4078 1430 4167; baseline 0 -29"><span class='ocrx_word' id='word_1_336' title='bbox 293 4099 353 4159; x_wconf 92' lang='lat' dir='ltr'><strong>quo</strong></span> <span class='ocrx_word' id='word_1_337' title='bbox 367 4099 428 4139; x_wconf 90' lang='lat' dir='ltr'><strong>non</strong></span> <span class='ocrx_word' id='word_1_338' title='bbox 444 4079 544 4139; x_wconf 84' lang='lat' dir='ltr'><strong>differt</strong></span> <span class='ocrx_word' id='word_1_339' title='bbox 561 4079 800 4142; x_wconf 83' lang='lat' dir='ltr'><strong>VACELLIVS</strong></span> <span class='ocrx_word' id='word_1_340' title='bbox 817 4081 915 4140; x_wconf 88' lang='lat' dir='ltr'><strong>forma</strong></span> <span class='ocrx_word' id='word_1_341' title='bbox 928 4079 1003 4141; x_wconf 89' lang='lat' dir='ltr'><strong>ibid.</strong></span> <span class='ocrx_word' id='word_1_342' title='bbox 1020 4090 1063 4144; x_wconf 92' lang='grc'><strong>11.</strong></span> <span class='ocrx_word' id='word_1_343' title='bbox 1083 4078 1308 4138; x_wconf 82' lang='lat' dir='ltr'><strong>‘Declamutoris&#39;</strong></span> <span class='ocrx_word' id='word_1_344' title='bbox 1324 4087 1430 4167; x_wconf 82' lang='lat' dir='ltr'><strong>temen</strong></span> 
     </span>
     <span class='ocr_line' id='line_1_38' title="bbox 292 4177 1430 4259; baseline 0 -19"><span class='ocrx_word' id='word_1_345' title='bbox 292 4180 425 4259; x_wconf 85' lang='lat' dir='ltr'><strong>Vagellii</strong></span> <span class='ocrx_word' id='word_1_346' title='bbox 444 4181 482 4240; x_wconf 85' lang='lat' dir='ltr'><strong>ab</strong></span> <span class='ocrx_word' id='word_1_347' title='bbox 497 4182 645 4242; x_wconf 88' lang='lat' dir='ltr'><strong>Iuvenale</strong></span> <span class='ocrx_word' id='word_1_348' title='bbox 667 4184 890 4244; x_wconf 85' lang='lat' dir='ltr'><strong>commemorati</strong></span> <span class='ocrx_word' id='word_1_349' title='bbox 903 4203 1013 4244; x_wconf 86' lang='lat' dir='ltr'><strong>vereor</strong></span> <span class='ocrx_word' id='word_1_350' title='bbox 1032 4181 1161 4240; x_wconf 89' lang='lat' dir='ltr'><strong>utullus</strong></span> <span class='ocrx_word' id='word_1_351' title='bbox 1184 4180 1215 4238; x_wconf 93' lang='lat' dir='ltr'><strong>iu</strong></span> <span class='ocrx_word' id='word_1_352' title='bbox 1237 4177 1295 4236; x_wconf 93' lang='lat' dir='ltr'><strong>hac</strong></span> <span class='ocrx_word' id='word_1_353' title='bbox 1317 4197 1430 4240; x_wconf 82' lang='lat' dir='ltr'><strong>caussa</strong></span> 
     </span>
     <span class='ocr_line' id='line_1_39' title="bbox 292 4280 1428 4362; baseline -0.004 -21"><span class='ocrx_word' id='word_1_354' title='bbox 292 4301 365 4342; x_wconf 90' lang='lat' dir='ltr'><strong>usus</strong></span> <span class='ocrx_word' id='word_1_355' title='bbox 383 4283 436 4344; x_wconf 84' lang='lat' dir='ltr'><strong>sit:</strong></span> <span class='ocrx_word' id='word_1_356' title='bbox 464 4291 569 4343; x_wconf 88' lang='lat' dir='ltr'><strong>contra</strong></span> <span class='ocrx_word' id='word_1_357' title='bbox 584 4281 722 4344; x_wconf 86' lang='lat' dir='ltr'><strong>Senecae</strong></span> <span class='ocrx_word' id='word_1_358' title='bbox 738 4285 911 4362; x_wconf 86' lang='lat' dir='ltr'><strong>Vagellium</strong></span> <span class='ocrx_word' id='word_1_359' title='bbox 932 4294 980 4344; x_wconf 91' lang='lat' dir='ltr'><strong>sat</strong></span> <span class='ocrx_word' id='word_1_360' title='bbox 1003 4281 1159 4344; x_wconf 89' lang='lat' dir='ltr'><strong>commode</strong></span> <span class='ocrx_word' id='word_1_361' title='bbox 1180 4280 1240 4338; x_wconf 89' lang='lat' dir='ltr'><strong>hnc</strong></span> <span class='ocrx_word' id='word_1_362' title='bbox 1262 4287 1428 4354; x_wconf 66' lang='lat' dir='ltr'><strong>convenis-g</strong></span> 
     </span>
     <span class='ocr_line' id='line_1_40' title="bbox 291 4367 1426 4462; baseline 0.01 -19"><span class='ocrx_word' id='word_1_363' title='bbox 291 4403 414 4462; x_wconf 84' lang='lat' dir='ltr'><strong>prorsus</strong></span> <span class='ocrx_word' id='word_1_364' title='bbox 430 4383 584 4446; x_wconf 87' lang='lat' dir='ltr'><strong>adsentior</strong></span> <span class='ocrx_word' id='word_1_365' title='bbox 599 4367 799 4446; x_wconf 78' lang='lat' dir='ltr'><strong>Buechelcro.</strong></span> <span class='ocrx_word' id='word_1_366' title='bbox 842 4389 921 4450; x_wconf 87' lang='lat' dir='ltr'><strong>Sunt</strong></span> <span class='ocrx_word' id='word_1_367' title='bbox 942 4397 1042 4450; x_wconf 89' lang='lat' dir='ltr'><strong>autem</strong></span> <span class='ocrx_word' id='word_1_368' title='bbox 1057 4391 1195 4452; x_wconf 83' lang='lat' dir='ltr'><strong>Senecae</strong></span> <span class='ocrx_word' id='word_1_369' title='bbox 1216 4395 1311 4458; x_wconf 87' lang='lat' dir='ltr'><strong>verba</strong></span> <span class='ocrx_word' id='word_1_370' title='bbox 1330 4397 1426 4459; x_wconf 82' lang='lat' dir='ltr'><strong>haec:</strong></span> 
     </span>
    </p>
   </div>
   <div class='ocr_carea' id='block_1_7' title="bbox 0 0 1574 5100">
    <p class='ocr_par' dir='ltr' id='par_1_7' title="bbox 0 0 1574 5100">
     <span class='ocr_line' id='line_1_41' title="bbox 0 0 1574 5100; baseline 0 0"><span class='ocrx_word' id='word_1_371' title='bbox 0 0 1574 5100; x_wconf 95' lang='lat' dir='ltr'><strong> </strong></span> 
     </span>
    </p>
   </div>
  </div>
 </body>
</html>
