3072 5064
546 407 588 450 ns
611 405 752 450 sarvam
775 405 885 450 naseu
1226 391 1289 456 237

145 553 252 642 adque
274 555 334 620 sub
357 555 446 619 nube
469 556 574 620 latens
596 563 654 619 aut
675 556 703 620 si
729 555 866 620 dimidia
887 561 979 642 parte
1001 555 1203 640 apparuerit,
1232 555 1291 618 im·

145 657 218 722 lires
242 658 381 720 futuros.
411 659 489 721 item
513 655 616 720 Varro
639 658 700 720 ait:
737 659 777 720 ‘si
800 657 951 722 exoriens
972 677 1137 720 concauus
1162 657 1289 722 uidebi-

145 769 197 822 tur
212 761 260 822 ita
281 767 318 821 ut
334 760 366 822 in
388 758 496 822 medie
517 757 644 843 fulgeat
658 765 691 821 et
704 757 816 822 radios
831 758 931 822 satiat
950 758 1069 844 partim
1088 758 1130 822 ad
1145 769 1291 823 austrum

145 860 262 946 partim
297 861 339 925 ad
367 859 571 946 aquilonem,
603 867 830 945 tempestatem
859 859 1028 923 humidam
1062 867 1096 924 et
1124 868 1292 926 uentosarn
1331 915 1333 920 .
1359 910 1363 922 ,

126 963 216 1026 tiore
231 961 422 1047 significat!
435 963 511 1026 itern
529 961 630 1038 idem:
649 959 690 1024 ‘si
709 959 782 1040 sol',
800 959 923 1046 inquid,
941 961 1069 1026 ‘rubeat
1082 964 1129 1042 (in
1147 962 1292 1045 occasu),

146 1063 284 1126 sinceris
307 1063 378 1126 dies
401 1064 481 1144 erit;
509 1062 536 1126 si
555 1062 693 1148 palleat,
723 1071 949 1149 tempestatem
971 1063 1158 1148 significat?
1201 1063 1293 1149 Nigi-

146 1163 219 1226 dius
246 1183 378 1250 quoqua
405 1163 500 1244 dicit,
529 1165 557 1226 si
584 1163 727 1251 pallidus
754 1163 801 1229 sol
830 1166 864 1228 in
893 1165 1004 1250 nigras
1029 1163 1133 1230 nubes
1155 1165 1293 1242 occidat,

146 1265 332 1351 aquitonem
356 1273 489 1330 uentum
512 1265 709 1350 significare.

230 1433 465 1481 casulanum
494 1428 544 1480 est
573 1415 706 1482 morbus
742 1416 806 1482 late
834 1439 961 1504 uagans
993 1427 1025 1484 et
1054 1421 1205 1504 contagio
1235 1409 1406 1484 euolat*

147 1573 195 1622 per
222 1555 398 1620 sIguiiicant‚
434 1561 534 1620 quarta
565 1561 660 1606 tamen
687 1571 824 1606 maxume.
876 1573 960 1606 cornu
989 1558 1048 1608 eius
1075 1556 1292 1622 septentrionale

149 1625 337 1674 acumiuatum
361 1629 443 1687 atque
467 1623 583 1689 rigidum
608 1623 684 1673 illum
708 1625 850 1688 praesagit
872 1631 997 1688 neutram,
1021 1625 1138 1676 inferius
1162 1631 1291 1686 ueratrum,

148 1701 264 1757 utraque
289 1697 367 1740 recta
390 1697 499 1740 noctem
521 1695 675 1740 uentosanr.
715 1691 740 1740 si
763 1697 889 1754 quartam
913 1693 988 1742 orbis
1010 1691 1109 1742 rrrtilus
1133 1694 1240 1759 cinget,
1265 1698 1293 1741 et

148 1767 247 1810 uentos
278 1765 304 1808 et
329 1758 430 1808 imbres
458 1759 657 1823 praeruonebit.
704 1759 782 1822 Apud
805 1759 955 1810 Varronem
984 1763 1025 1810 itu
1054 1769 1109 1810 est:
1138 1762 1167 1812 si
1196 1765 1293 1826 quarto

148 1829 192 1878 die
210 1828 280 1878 luna
299 1827 350 1876 erit
369 1827 484 1881 directa.
505 1841 633 1891 magnam
652 1829 847 1890 tempestatem
865 1827 893 1874 in
911 1829 980 1878 mari
998 1829 1171 1894 praesagiet,
1196 1828 1293 1878 nisisi

148 1911 278 1946 corenam
298 1896 375 1944 eirca
393 1909 423 1943 se
442 1893 557 1944 habehit
576 1901 603 1943 et
621 1909 682 1943 eam
695 1895 839 1954 sinceram,
860 1897 988 1958 quoniam
1006 1895 1054 1944 illo
1067 1896 1145 1946 modo
1160 1911 1214 1945 nan
1227 1901 1292 1945 ante

149 1965 259 2030 plenam
284 1962 377 2012 lunam
396 1961 578 2011 hiematurum
603 1961 733 2011 ostendit.
769 1962 792 2010 si
815 1962 967 2027 plenilunio
990 1979 1040 2028 per
1062 1964 1203 2013 dimidium
1225 1979 1294 2028 pura

150 2037 215 2094 erit,
241 2033 302 2082 dics
326 2045 440 2080 serenos
463 2027 647 2094 signiticabit,
672 2030 696 2078 si
714 2029 798 2078 rutila
815 2035 926 2092 arentes,
952 2031 1112 2094 nigrescens
1131 2031 1234 2080 imbris.
1270 2032 1294 2080 si

150 2100 242 2166 caligo
267 2099 341 2148 orbis
365 2097 464 2146 nubem
484 2097 640 2158 incluserit,
665 2103 764 2146 uentus
787 2111 841 2162 qua
864 2113 894 2146 se
912 2099 1031 2162 ruperit,
1050 2099 1074 2146 si
1093 2100 1196 2163 gemini
1214 2099 1295 2148 orbes

151 2168 302 2224 cinxerint,
327 2166 458 2215 maiorem
481 2169 675 2228 tempestatem
694 2169 723 2214 et
739 2164 843 2229 tnagis,
868 2165 890 2214 si
915 2171 971 2214 tres
990 2172 1068 2214 emant
1088 2173 1135 2215 aut
1153 2167 1234 2230 nigri,
1254 2166 1295 2214 iu-

150 2236 268 2301 terrupti
288 2242 370 2298 atque
389 2233 524 2282 distracti.
561 2247 681 2282 nascens
699 2233 764 2281 Inna
782 2234 806 2280 ai
824 2247 909 2282 cornu
928 2233 1066 2298 superiore
1085 2234 1213 2282 obatrato
1236 2247 1295 2282 sur—

151 2313 206 2366 get,
220 2302 332 2369 pluuias
349 2302 515 2352 decrescens
532 2300 624 2362 dabit,
644 2299 666 2349 ai
679 2299 821 2362 Inferiore,
839 2307 903 2349 ante
916 2299 1106 2364 plenilunium,
1126 2301 1190 2349 siin
1204 2301 1295 2349 media

150 2373 264 2438 nigritia
278 2369 434 2430 inusserit,
448 2369 560 2417 imbrem
574 2368 601 2416 in
615 2367 776 2432 plenilunio.
801 2369 825 2416 si
835 2365 920 2431 plena
935 2368 1010 2416 circa
1023 2381 1052 2416 se
1066 2367 1180 2417 habebit
1192 2367 1294 2426 orbem,

151 2457 182 2490 ex
196 2455 252 2506 qua
265 2445 345 2504 parte
356 2438 379 2487 is
392 2451 516 2486 maxume
527 2434 694 2500 splendebit,
714 2451 747 2485 ex
759 2451 792 2484 ea
804 2439 913 2484 ruentum
926 2435 1061 2484 ostendet.
1086 2435 1109 2484 si
1121 2434 1150 2484 in
1163 2441 1225 2484 ortu
1236 2449 1294 2483 cor-

151 2525 204 2558 nua
223 2506 361 2558 crassiora
380 2505 495 2562 fuerint,
516 2501 653 2553 horridam
672 2508 874 2568 tempestatem.
904 2503 927 2552 si
947 2507 1011 2552 aute
1031 2507 1155 2568 quartam
1175 2517 1228 2551 nen
1248 2501 1295 2551 ad-

151 2577 275 2642 paruerit
293 2579 377 2624 uento
401 2571 515 2622 inuenio
533 2572 631 2632 flante,
658 2570 785 2620 hiemalis
803 2576 861 2619 toto
879 2585 972 2620 niense
992 2571 1053 2620 crit.
1090 2571 1114 2620 si
1131 2571 1194 2620 XVI
1211 2570 1295 2620 uehe·

151 2646 270 2695 mentina
290 2643 417 2692 flammea
436 2639 608 2704 adpamerit,
638 2653 751 2703 asperas
775 2643 955 2702 tempestates
978 2639 1146 2704 praesagiat.
1181 2643 1245 2688 sunt
1268 2642 1296 2687 et

152 2715 237 2780 ipsIus
256 2710 339 2760 lunae
358 2708 425 2758 vlu
445 2707 570 2767 articuli,
598 2709 725 2770 (psanticus
748 2707 776 2755 in
796 2705 911 2770 angulos
929 2707 996 2756 solis
1013 2707 1131 2766 incidat,
1156 2706 1295 2771 plerisque

152 2783 225 2832 inter
247 2795 296 2830 cos
319 2781 425 2827 tanturn
450 2775 660 2824 obscurantibus
685 2774 833 2838 praesagia
857 2775 928 2834 (uiua,
956 2775 1007 2824 hec
1032 2783 1074 2824 est
1097 2775 1146 2824 111.
1166 2775 1227 2822 VII.
1248 2773 1295 2822 XI.

152 2851 209 2900 xv,
229 2847 344 2900 xv1111.
363 2844 467 2894 XXIII.
487 2843 599 2892 xxvii.
619 2849 647 2890 et
665 2840 865 2907 plenilunium.'
894 2841 956 2892 aul:
981 2842 1170 2908 ‘praesagiunt
1190 2847 1218 2890 et
1236 2841 1296 2890 ani-

153 2919 250 2969 malis:
270 2913 394 2979 delphini
413 2909 562 2976 tranquillo
581 2910 649 2960 mari
669 2910 847 2958 lasciuientes
860 2910 953 2959 flatum
967 2925 999 2958 ex
1013 2926 1067 2974 qrra
1079 2910 1193 2959 ueniunt
1207 2915 1296 2974 parte,

152 2989 217 3036 item
236 2987 402 3050 spargentes
421 2993 529 3044 aquam,
550 2978 632 3027 iidem
651 2978 761 3027 turbato
780 2977 1018 3042 tranquillitatem.
1054 2975 1149 3042 lolligo
1164 2976 1294 3038 uohtana,

153 3054 279 3104 conchae
298 3049 540 3106 adhaerescente,
561 3045 653 3095 echini
673 3045 827 3110 adfigentes
846 3061 907 3096 sese
927 3053 974 3094 aut
993 3046 1099 3094 harena
1117 3045 1296 3094 subintrantes

153 3119 330 3188 tempestatis
354 3119 434 3180 signa
458 3113 544 3164 stunt!
565 3131 589 3162 e.
614 3130 639 3178 q.
665 3129 687 3161 s.
724 3113 761 3162 ci.
780 3101 902 3162 basilius
920 3114 981 3162 hes.
1001 3129 1065 3178 pag.
1084 3113 1117 3162 53
1134 3113 1161 3162 b.
1181 3129 1204 3162 c.
1225 3112 1250 3161 d.
1271 3129 1296 3161 e.

153 3191 275 3241 isidorus
295 3187 382 3248 origg.
403 3184 477 3232 XIII.

241 3252 313 3310 153*
325 3251 445 3304 Isidorus
459 3251 491 3300 dc
505 3255 605 3299 natum
622 3265 710 3300 renam
729 3248 901 3299 XXXVIIII:
928 3249 983 3315 ‘De
996 3248 1167 3314 pestilentia.
1185 3249 1297 3298 Pesti-

242 3405 252 3458 1
269 3401 331 3474 atq3
350 3396 375 3450 B
396 3384 410 3469 ΗΗ
431 3387 593 3446 dimerliarn
610 3391 633 3444 A
649 3384 790 3444 deumdia
808 3382 847 3444 B¹
861 3386 993 3445 demidia
1010 3384 1049 3446 θ’*
1068 3385 1221 3446 dimidiam
1234 3385 1268 3443 M
1284 3379 1298 3466 ΗΗ

153 3490 273 3563 partam
285 3481 346 3538 ΑΜ
357 3475 371 3560 ΗΗ
385 3483 403 3535 t
419 3475 535 3532 festinas
548 3475 600 3530 AB
614 3466 627 3551 ΗΗ
644 3471 685 3528 ait
696 3491 750 3529 um.
766 3468 802 3528 A¹
817 3469 890 3530 dicit
906 3475 928 3530 L
943 3466 957 3553 ΗΗ
973 3492 1122 3532 concacus
1135 3468 1172 3528 Α1
1190 3490 1299 3530 conca·

153 3571 200 3627 uis
216 3562 254 3624 ΒΙ
271 3583 423 3623 concarrus
440 3561 642 3616 Gcencautus
654 3557 688 3614 M
692 3554 697 3592 ¹
715 3553 728 3636 ΗΗ
742 3555 919 3616 uideaturB
934 3553 947 3638 ΗΗ
962 3557 1033 3634 [tut]
1052 3567 1104 3616 aut
1117 3554 1152 3615 Α1
1169 3550 1182 3636 ΗΗ
1198 3556 1228 3615 in
1244 3575 1300 3616 om.

157 3651 192 3710 ΒΙ
211 3673 228 3710 e
246 3653 269 3708 G
285 3646 298 3730 ΗΗ
313 3648 415 3708 media
435 3639 487 3724 ΒΗ
503 3641 606 3701 radius
624 3641 745 3700 Gradio
764 3637 797 3698 Α1
815 3634 829 3722 ΗΗ
845 3642 919 3700 facit
934 3646 958 3700 A
973 3638 986 3723 ΗΗ
1001 3651 1118 3720 partem
1133 3638 1195 3700 GB¹
1212 3649 1299 3720 parte

156 3731 230 3819 13²1}
252 3735 432 3794 austrmeti
454 3729 496 3786 M¹
519 3722 532 3807 ΗΗ
553 3737 569 3788 t
591 3736 708 3805 partem
728 3729 780 3785 BG
798 3723 811 3808 ΗΗ
836 3728 875 3786 ad
898 3747 950 3785 em.
974 3729 1001 3782 Β
1019 3725 1033 3806 ΗΗ
1055 3725 1205 3806 aquilonis
1231 3721 1267 3781 Β2
1285 3721 1299 3804 Η

154 3829 338 3901 tempestate
355 3815 394 3876 B²
415 3811 429 3898 ΗΗ
451 3813 583 3872 umidam
602 3814 649 3869 (Ἰ)
670 3811 803 3870 umidam
824 3813 888 3870 fore
908 3815 933 3870 B
952 3807 966 3894 ΗΗ
988 3820 1164 3870 uentuosam
1185 3811 1242 3870 GM
1255 3804 1299 3888 Η5

154 3912 220 3966 fere
243 3925 297 3964 em.
319 3907 346 3962 Β
361 3899 374 3986 ΗΗ
390 3903 455 3960 fore
476 3897 627 3974 siguificat
650 3917 703 3956 ora,
723 3901 773 3955 EG
795 3895 808 3978 ΗΗ
830 3898 927 3977 inquit
945 3893 1057 3954 B²CDL
1074 3897 1138 3976 quit
1156 3892 1194 3953 B¹
1218 3891 1230 3975 ΗΗ
1252 3913 1300 3951 ru·

154 3993 218 4052 hiat
238 3985 292 4070 ΑΗ
307 3991 338 4048 iu
356 4005 468 4048 occasu
497 3986 606 4040 ricuidis
627 3987 751 4042 Griulius
767 4001 782 4040 e
800 3985 887 4041 schol.
910 3985 1005 4040 Germ.
1023 3985 1041 4038 1.
1056 4000 1080 4039 c.
1098 3975 1112 4061 ΗΗ
1127 3977 1300 4040 senceristt

154 4076 364 4136 sincerissima
382 4075 404 4131 L
418 4068 432 4153 Η
448 4080 465 4133 6
483 4069 548 4127 fore
565 4068 629 4128 dies
645 4071 724 4126 bau
740 4070 804 4127 fere
820 4069 884 4127 dica
904 4069 997 4125 Griab‘
1008 4069 1075 4124 libri
1094 4067 1171 4125 forte
1188 4064 1254 4123 dies
1274 4065 1302 4122 Β

155 4163 221 4222 dies
237 4163 317 4220 forte
335 4162 357 4217 L
373 4155 386 4240 ΗΗ
400 4156 503 4236 pallea
522 4150 556 4210 Α1
573 4151 586 4232 ΗΗ
601 4161 783 4232 tempestate
798 4160 822 4211 Α
840 4161 1037 4231 tempestates
1055 4153 1077 4209 G
1093 4145 1106 4232 ΗΗ
1123 4151 1165 4210 ait
1180 4167 1301 4230 queque

157 4253 184 4307 B
202 4243 216 4331 Η
237 4255 253 4310 t
274 4243 409 4324 pallidus
432 4239 536 4320 inquid
555 4241 692 4298 ADGLM
715 4237 847 4316 pallidus
871 4237 965 4318 inquit
984 4239 1062 4294 BI'E
1081 4233 1094 4316 ΗΗ
1114 4235 1160 4292 sal
1186 4239 1189 4312 Η
1216 4235 1300 4314 aqui-

153 4335 256 4392 lonem
277 4335 303 4388 Α
320 4329 563 4388 retransmissa
583 4321 596 4408 ΗΗ
616 4326 658 4400 iu]
674 4323 699 4382 du
715 4327 738 4381 B
753 4319 767 4405 Η
780 4333 798 4388 8
810 4333 967 4382 uentorum
987 4325 1009 4380 G
1026 4317 1039 4405 Η
1054 4321 1206 4398 algnificat
1221 4322 1270 4380 bl
1287 4317 1297 4400 Η

153 4431 172 4484 9
188 4437 304 4478 uacans
325 4409 378 4496 ΒΗ
393 4423 422 4472 et
438 4433 491 4472 am.
512 4413 534 4467 Β
548 4407 561 4493 ΗΗ
578 4410 696 4489 cotagie
714 4406 752 4466 B¹
