3188 5066
585 425 626 464 ns
650 424 790 466 sarvam
813 425 922 466 aasvu
1268 413 1330 476 213

1391 535 1527 636 7²³⁶

267 569 364 634 Luna
399 593 464 636 non
500 569 611 636 deficit
644 571 702 635 sed
736 571 948 663 obumbratur
982 595 1042 637 nec
1073 565 1386 639 deminutioneml3

184 673 283 736 sentit
301 679 444 758 corporis
469 673 526 737 sed
550 673 678 737 obiectu
702 673 927 738 obumbrantis
948 684 1056 740 terrac
1076 697 1187 738 casum
1208 677 1331 762 patitur

183 771 326 838 luminis.
379 775 503 860 patitur
529 784 637 838 autem
670 775 914 860 quintadecima
941 795 1045 862 usque
1072 776 1226 863 quamdiu
1256 800 1330 842 cen-

182 884 266 938 trum
289 873 399 960 adque
425 875 575 940 umbram
597 875 759 940 obstantis
781 885 888 940 tarrae
910 887 1007 942 exeat
1029 878 1204 966 uideatque
1227 878 1328 944 solem

160 973 233 1039 sual
250 997 272 1038 a
287 975 356 1040 sola
371 976 531 1040 uideatur.
565 985 693 1040 constat
714 999 791 1062 ergo
810 977 920 1042 lunam
940 1001 982 1042 ox
999 977 1077 1044 solis
1097 980 1199 1044 radiis
1218 979 1328 1044 lumen

180 1081 331 1164 accipere
346 1087 378 1141 at
392 1078 467 1144 dum
486 1077 616 1144 obiectu
627 1085 734 1143 terrae
749 1077 850 1143 solem
867 1101 931 1145 non
946 1081 1112 1168 aspexerit
1126 1091 1203 1146 tunc
1219 1079 1328 1145 lumen

180 1181 342 1244 amittere.
380 1199 456 1243 uam
477 1178 592 1244 dicunt
613 1181 706 1246 stoici
727 1202 853 1245 omnem
876 1189 998 1246 terram
1021 1181 1187 1247 montibus
1209 1181 1327 1265 claudi,

180 1367 280 1434 δίσκῳ.
322 1357 497 1450 Ἀρίσταρχος
515 1363 665 1435 adstituor
688 1367 780 1436 ἵστησι
798 1364 870 1436 μετὰ
888 1368 944 1420 τῶν
963 1360 1115 1434 cistarcia,
1139 1386 1154 1420 τ
1176 1387 1193 1421 ν
1216 1365 1249 1424 oi
1273 1370 1327 1438 γῆν

179 1432 340 1500 accatucci
357 1428 408 1486 τὸν
430 1429 552 1504 ηὶιακὸν
574 1429 695 1500 κύκλον,
718 1433 768 1488 καὶ
791 1430 864 1488 κατὰ
887 1429 938 1497 τὰς
965 1431 1069 1504 ταύτης
1088 1387 1225 1502 lystdostc
1247 1431 1326 1490 σκιοί-

179 1503 292 1567 ζεσθαι·
309 1496 361 1554 τὸν
389 1501 497 1556 δίσκον.
538 1498 725 1571 Ξενοφάνης,
754 1499 878 1563 πολλοὺς
906 1497 981 1556 εἶναι
1011 1496 1111 1572 ἡλίους
1133 1503 1183 1556 καὶ
1206 1499 1327 1573 σελήνας

179 1565 254 1624 κατὰ
272 1570 397 1637 κλίματα
415 1571 465 1639 τῆς
483 1569 543 1638 γῆς,
563 1569 612 1624 καὶ
630 1563 778 1638 α’ποτομᾶς
800 1569 850 1624 καὶ
867 1565 966 1635 ζώνας·
991 1566 1064 1624 κατα
1080 1590 1144 1624 τινα
1168 1567 1200 1625 dl
1223 1567 1326 1654 aarqdv

180 1633 335 1720 ἐμπίπτειν
352 1633 402 1690 τὸν
421 1639 522 1690 δίσκον
540 1638 582 1698 εἴς
604 1656 669 1691 τινα
691 1631 841 1708 ἀποτομὴν
860 1640 911 1706 τῆς
929 1640 981 1706 γῆς
1004 1631 1056 1691 οὐκ
1079 1636 1254 1708 οἰκουμένην
1275 1633 1327 1722 vp’

180 1708 269 1790 ppido.
289 1705 339 1756 acl
352 1695 444 1786 σι’ξτως
458 1697 551 1773 ὥσπερ
569 1706 800 1774 κενεμβατοῦντα
819 1703 948 1772 ἔκλειψιν
966 1699 1128 1774 ὑπομένειν.
1165 1701 1181 1759 ὁ
1200 1701 1225 1760 δ’
1238 1700 1326 1768 αὖτος

179 1771 337 1856 spondiaco
360 1791 401 1834 εις
423 1791 545 1840 απειρον
566 1773 620 1840 μὲν
641 1771 789 1842 προϊέναι,
820 1775 919 1827 δοκεῖν
947 1771 979 1827 dl
1005 1776 1176 1828 κυκλεῖσθαι
1200 1769 1249 1828 διὰ
1273 1771 1326 1844 τὴν

180 1857 350 1896 αποστασιν.

268 1907 342 1965 lii*
365 1911 486 1961 Isidorus
505 1911 538 1961 de
558 1917 658 1962 natura
681 1927 770 1962 rerum
792 1913 870 1962 XXI:
902 1913 957 1962 ‘De
982 1912 1080 1978 eclipsi
1103 1912 1194 1964 lunae.
1231 1913 1325 1963 Luna

179 1996 245 2031 non
268 1980 397 2030 deficit
419 1979 625 2030 luminis.
666 1980 738 2030 hanc
767 1981 839 2030 anim
861 1978 1018 2046 philosophi
1039 1995 1094 2030 non
1111 1981 1215 2032 habere
1234 1981 1326 2032 lumen

179 2050 334 2116 proprium,
359 2047 407 2096 aad
433 2047 549 2098 eandem
573 2064 589 2097 a
612 2047 669 2098 solo
694 2047 855 2098 inluminari
878 2047 1043 2109 defendunt,
1073 2053 1101 2097 et
1129 2050 1193 2112 quin
1222 2063 1256 2098 ea
1278 2049 1324 2098 da·

180 2117 323 2166 mansione
342 2115 408 2164 luna
426 2115 513 2164 distat
532 2131 548 2164 a
567 2115 638 2176 sole,
663 2121 693 2164 ut
716 2131 766 2180 per
784 2115 903 2165 mediam
927 2122 1028 2164 terram
1052 2116 1076 2164 si
1100 2117 1165 2180 quid
1189 2117 1324 2166 directum

180 2185 328 2234 traiciatur
347 2182 509 2248 contingere
528 2185 616 2247 possit
633 2183 719 2233 solem
739 2183 789 2232 snb
808 2188 923 2244 terram,
948 2183 1041 2232 lunam
1060 2188 1152 2233 alitem
1171 2199 1253 2249 super
1269 2189 1324 2234 ter-

180 2267 248 2313 ram,
268 2257 297 2302 et
315 2252 380 2316 quia
398 2265 483 2315 nsque
503 2251 536 2300 ad
555 2249 679 2301 hmarem
698 2250 831 2302 circulum
849 2256 940 2300 terrae
956 2251 1053 2300 umbra
1066 2251 1235 2312 extenditur,
1261 2250 1323 2301 ideo

181 2320 259 2368 uenit
276 2333 488 2384 nonnumquam,
507 2322 537 2366 ut
555 2318 622 2368 solis
639 2319 711 2368 radii
729 2319 869 2368 obiciente
897 2333 926 2367 se
949 2318 1020 2367 mola
1044 2322 1136 2368 terrae
1158 2319 1204 2368 uc}
1227 2318 1324 2368 umbra

182 2387 216 2436 ad
246 2402 307 2436 eam
338 2401 392 2436 non
420 2387 593 2450 perueniant.
638 2387 778 2436 Patitur
806 2391 918 2434 erstem
1002 2385 1128 2434 umbra.
1170 2384 1323 2449 figuraliter

181 2459 273 2504 atatem
292 2469 340 2519 per
359 2453 441 2504 lunae
461 2451 600 2504 delectum
621 2454 758 2504 ccclesiae
776 2453 986 2518 persecutiones
1002 2451 1202 2518 intelleguntur
1214 2453 1322 2516 qnando

181 2527 330 2584 martyrum
354 2521 486 2572 caedibus
510 2526 538 2571 et
561 2521 694 2572 effusione
713 2521 859 2586 sanguinis
878 2526 1018 2584 tamquam
1037 2519 1083 2569 illo
1102 2519 1215 2570 deiectu
1229 2525 1258 2570 et
1276 2519 1323 2569 ob·

180 2592 338 2639 scnratione
352 2589 432 2654 quasi
445 2593 587 2640 cnrentam
605 2589 707 2640 taciem
726 2590 792 2638 luna
809 2587 937 2638 uideatur
954 2587 1110 2650 ostendere,
1128 2593 1159 2637 ut
1177 2603 1194 2636 a
1211 2588 1321 2637 nomine

181 2657 340 2707 Christiano
359 2661 515 2708 terrcantur
533 2655 632 2706 infirmi
651 2656 698 2718 (rx
712 2659 847 2720 Augusttnt
863 2672 950 2706 enarr.
970 2663 994 2706 r'o
1010 2671 1052 2719 pa.
1066 2655 1092 2704 X
1110 2654 1146 2720 4).
1183 2655 1232 2704 scd
1250 2655 1323 2705 sicut

181 2726 236 2774 ista
253 2731 315 2791 post
333 2723 473 2774 delectum
491 2725 639 2790 perspicua
658 2725 852 2774 inlustratione
876 2723 1019 2786 clarescit,
1045 2723 1115 2773 adeo
1138 2729 1169 2772 ut
1187 2721 1257 2772 nihil
1275 2723 1321 2772 de-

181 2793 303 2842 trimenti
321 2793 441 2842 sensisse
460 2791 597 2853 uideatur,
616 2794 656 2842 ita
676 2797 703 2842 et
722 2793 843 2842 ecclesis
861 2797 1004 2858 postquam
1023 2806 1072 2856 per
1090 2795 1238 2854 martyrum
1257 2807 1322 2840 cou-

183 2861 333 2910 icssionem
356 2875 433 2910 sunm
456 2859 634 2925 pro-Christo
658 2861 821 2924 sanguinem
845 2859 961 2922 fuderit,
985 2860 1088 2910 maiore
1108 2857 1173 2908 fidei
1192 2858 1322 2908 claritate

181 2927 302 2992 refulget
325 2927 413 2991 adque
432 2928 579 2992 insigniori
601 2927 704 2978 lumine
728 2927 861 2978 decorata
883 2927 1084 2992 semetipsam
1106 2926 1191 2976 latius
1216 2926 1245 2976 in
1262 2929 1321 2976 toto

181 2995 246 3045 orbe
264 2993 412 3044 diffundit)
442 2995 568 3060 Hyginus
587 2995 616 3044 P.
630 2996 662 3044 A.
677 2996 731 3046 1111
747 2994 790 3044 14:
812 2995 917 3044 ‘Lunae
931 2999 1023 3045 autem
1037 2993 1151 3059 eclipsis
1162 2995 1204 3044 sic
1218 2995 1322 3055 euenit,

181 3078 242 3112 cnm
259 3078 344 3128 propa
363 3063 534 3112 dimensione
553 3064 589 3112 sit
608 3063 687 3125 luna,
707 3078 768 3112 οιιιιι
787 3063 890 3113 abierit
907 3063 947 3112 sol
967 3061 1016 3112 snb
1036 3067 1152 3124 terram,
1179 3062 1322 3112 dumtaxat

179 3130 233 3180 hoc
251 3130 338 3188 modo,
358 3135 388 3179 at
406 3146 455 3196 por
472 3131 590 3180 mediam
603 3135 704 3180 torrem
717 3131 741 3180 si
760 3131 824 3195 quid
842 3130 977 3180 directum
997 3131 1142 3180 traieceris
1158 3129 1321 3194 contingere

180 3199 268 3264 possit
291 3197 377 3249 solem
399 3198 449 3249 sub
472 3203 586 3260 terram,
617 3197 711 3248 lunam
734 3203 827 3248 autem
850 3213 932 3263 supra
955 3199 1070 3262 terram,
1099 3197 1170 3262 quod
1194 3211 1256 3247 cum
1279 3200 1321 3248 ita

182 3266 288 3327 euenit,
313 3281 427 3316 neccsse
448 3272 490 3316 cst
508 3265 574 3318 solis
593 3266 685 3316 radios
707 3272 820 3332 propter
842 3265 1060 3331 magnitudinem
1085 3270 1176 3315 terrae
1199 3265 1240 3315 ita
1259 3281 1319 3316 esse

181 3333 320 3394 dimissos,
344 3339 374 3382 nt
396 3333 487 3384 lumen
512 3335 571 3384 eius
595 3349 647 3398 quo
665 3333 730 3383 luna
754 3334 829 3384 lucet
847 3349 900 3383 non
919 3334 1006 3398 possit
1030 3333 1064 3382 ad
1084 3348 1145 3382 eam
1163 3334 1318 3398 peruenire,

181 3407 209 3450 ct
232 3401 273 3450 ita
297 3401 472 3452 existimatur
495 3399 554 3450 lieri
577 3401 690 3466 eclipsis
708 3399 810 3451 lunae.'
846 3403 956 3465 Fragm.
975 3401 1127 3451 Censorino
1150 3399 1319 3464 adscriptum

180 3469 268 3518 1115:
288 3469 377 3518 ‘Luna
396 3468 506 3535 globum
525 3485 603 3520 suurn
622 3469 743 3520 creditur
760 3469 874 3530 habere,
893 3467 941 3518 aed
961 3469 1052 3534 ignem
1071 3483 1087 3516 a
1100 3466 1158 3517 solo
1172 3467 1319 3532 concipere

181 3541 209 3586 et
227 3543 357 3618 quartm
376 3537 530 3602 parcutitur
547 3537 701 3588 ardescere.
738 3543 869 3602 quantum
889 3536 973 3600 igitur
992 3551 1008 3587 a
1026 3535 1084 3584 sole
1097 3533 1218 3584 discedit
1235 3549 1318 3599 augo·

180 3609 237 3664 tur;
256 3619 317 3654 cum
336 3619 401 3654 uero
420 3606 622 3661 contrasistit,
642 3609 700 3654 toto
720 3605 818 3655 feritur
837 3604 952 3652 aduerso
972 3609 999 3651 et
1012 3603 1088 3652 uolut
1105 3601 1246 3667 speculum
1264 3617 1319 3652 non

179 3671 235 3720 uini
258 3672 307 3721 sed
329 3672 478 3738 imaginem
501 3670 616 3722 reddit’
653 3672 810 3722 Scholiasta
834 3671 992 3721 Germanici
1016 3687 1041 3735 p.
1069 3667 1130 3718 110:
1160 3670 1230 3718 ‘Alii
1254 3685 1318 3718 con-

149 3781 155 3788 .
180 3744 224 3788 tra
241 3740 320 3788 aiunt
342 3739 435 3789 lunam
458 3739 568 3804 globum
587 3755 664 3790 suam
683 3740 802 3800 habere,
826 3739 874 3788 sed
893 3739 984 3803 ignem
1004 3753 1020 3786 a
1038 3737 1095 3786 sole
1115 3738 1271 3802 concipere,
1291 3742 1320 3786 at

180 3811 309 3871 quautam
328 3807 481 3872 percutitur
498 3808 653 3866 ardescere,
675 3813 703 3856 et
721 3813 852 3872 qnantum
870 3821 887 3856 a
906 3807 963 3856 sole
982 3805 1101 3854 discedit
1120 3806 1226 3868 augeri.
1257 3821 1319 3855 cum

179 3889 246 3924 nero
264 3881 361 3924 contra
379 3877 498 3938 steterit,
518 3875 616 3925 feritur
634 3893 667 3926 cx
687 3875 803 3939 aduerso
822 3880 851 3924 ct
868 3874 945 3923 uelut
962 3872 1104 3940 speculum
1122 3888 1177 3924 non
1195 3872 1251 3922 uim
1269 3872 1318 3922 aad

180 3943 328 4008 imaginem
346 3943 449 4005 reddit,
474 3943 561 3993 unde
582 3949 615 3994 et
634 3943 808 3994 delectum
826 3943 972 4008 patitur,
997 3942 1027 3990 si
1051 3941 1266 4006 interipsum
1286 3945 1320 3990 et

180 4045 381 4054 μὴ*

266 4097 404 4158 ldefecit
416 4093 453 4154 B¹
470 4091 484 4172 ΙΙ
500 4097 817 4157 dominaciononcmA
832 4091 845 4176 ll
861 4095 1004 4156 coniecto
1015 4091 1054 4152 B¹
1080 4088 1085 4176 Ι
1101 4093 1318 4154 obumbrantes

178 4185 204 4238 A
220 4180 388 4242 obumbrati
407 4177 460 4264 ΒΗ
476 4183 564 4242 terris
583 4179 622 4240 B²
638 4178 656 4303 iq
667 4202 740 4241 casu
756 4179 791 4240 B'
809 4178 821 4263 Η
837 4191 854 4243 3
872 4183 1001 4260 [satietur
1015 4182 1043 4236 B
1063 4175 1068 4260 1
1101 4189 1202 4238 autem
1217 4179 1274 4238 hoo
1290 4181 1318 4236 B

182 4263 193 4346 i
214 4285 370 4346 quaequac
385 4265 422 4325 13¹
435 4267 493 4328 hoa
505 4287 602 4347 usqua
615 4271 642 4326 B
670 4261 717 4350 [14
733 4265 839 4326 umbra
857 4269 884 4323 B
898 4261 912 4347 ΙΙ
928 4275 1018 4324 exeat
1032 4283 1085 4322 om.
1101 4268 1126 4322 A
1140 4259 1153 4346 ΙΙ
1169 4277 1185 4326 5
1202 4283 1274 4341 ergo
1292 4265 1319 4321 B

179 4359 280 4410 autem
301 4347 353 4433 ΑΗ
368 4351 441 4411 luna
463 4356 517 4411 AB
530 4349 542 4434 Η
560 4353 617 4412 οΙὶιι
633 4347 700 4433 B¹i
730 4351 808 4410 radii
829 4347 913 4432 Allb
932 4349 1053 4410 obiectu
1073 4350 1214 4410 Baiecto
1234 4343 1317 4432 Alli

178 4436 305 4495 sstoiclri
322 4433 360 4494 Β1
379 4437 466 4497 stoici
486 4435 523 4496 3²
540 4438 648 4498 stobioi
667 4441 690 4496 A
713 4433 835 4519 lelandi
854 4435 998 4495 ‹licuntA
