3138 5100
272 377 333 440 536
680 396 714 436 ru
729 395 830 436 visan
849 393 1003 434 runnurrr

270 551 402 632 pectare
416 543 647 624 constituerat,
669 541 845 629 auditoque
861 540 1051 626 naufragio,
1074 560 1170 625 aegre
1188 537 1297 603 terens
1314 538 1411 602 amis·

272 668 324 710 sas
343 643 488 728 fabulas,
512 643 727 732 Stymphalim
747 643 889 708 decessit
905 644 938 706 in
954 641 1112 724 Arcadia,
1138 645 1203 726 [nbi
1218 653 1247 704 et
1262 643 1410 724 mature]

270 747 466 835 publiceque
490 746 634 833 sepultus
656 755 720 832 est,
744 744 804 811 On.
823 743 996 810 Dolabella
1011 743 1129 809 Fuluio
1146 742 1313 812 Nobiliore
1335 763 1412 807 con-

219 863 254 916 20
271 848 405 914 solibus.
451 847 584 914 fabulae
614 850 695 920 eius,
713 856 828 914 extant
856 856 994 934 quatuor
1022 867 1065 912 ex
1097 845 1276 910 Menandro
1305 855 1412 910 trans·

271 952 371 1033 latae,
394 950 536 1034 Andria,
554 950 750 1038 Eunuchus,
771 949 942 1037 Adelphos
959 959 990 1014 et
1004 948 1410 1022 Heautontimorumenos:

272 1052 354 1119 duae
372 1076 413 1118 ex
428 1051 628 1140 Apollodoro
646 1053 816 1140 Carystio,
832 1051 964 1140 Hecyra
981 1061 1013 1116 et
1029 1051 1191 1116 Phormio.
1225 1049 1277 1114 hic
1298 1049 1411 1114 Eunu-

271 1155 365 1220 chum
382 1155 570 1220 uendidisse
590 1154 709 1219 dicitur
724 1164 796 1222 octo
814 1154 944 1218 milibus
960 1176 1145 1237 numerum,
1169 1153 1255 1240 quod
1271 1153 1411 1242 pretium

271 1267 345 1321 ante
366 1279 438 1320 eum
458 1279 552 1322 nemo
574 1267 753 1344 acceperat.

342 1515 372 1564 17
391 1517 518 1566 amisisse
532 1517 588 1566 ΑΒ.
603 1517 763 1567 amissorum
777 1517 939 1566 scriniorum
952 1515 977 1565 P
1045 1513 1076 1566 18
1094 1515 1262 1581 stimphalim
1281 1517 1346 1578 AB,
1361 1517 1411 1567 Pe·

271 1607 368 1652 traren.
389 1601 544 1668 Stymphali
554 1601 616 1652 MP.
640 1603 693 1651 Aret
705 1601 840 1652 obuersata
850 1608 887 1650 est
900 1602 976 1652 menti
986 1601 1122 1662 scriptoris
1135 1600 1302 1666 Stymphalis
1313 1599 1410 1666 (palus)

268 1687 368 1750 forma,
387 1692 430 1736 eut
448 1688 624 1751 corripendum
642 1686 830 1752 Stymphalum
899 1683 1026 1752 decessit]
1051 1703 1084 1736 nn
1102 1687 1245 1754 ¹secessit?
1313 1687 1410 1736 archa·

271 1772 317 1821 dia
335 1773 360 1822 A
430 1772 478 1822 ubi
498 1777 525 1820 et
542 1775 663 1820 mortuus
681 1775 720 1822 nel
737 1773 835 1838 aliquid
855 1773 934 1822 simile
956 1773 1117 1822 intercidisse
1139 1779 1202 1837 puto
1272 1769 1303 1822 19
1321 1771 1409 1838 publi-

273 1871 358 1920 ceque
378 1856 418 1906 ibi
436 1856 560 1920 sepultus
579 1836 634 1905 MP
701 1855 749 1906 Cn.
769 1855 979 1906 Dolabella...
996 1893 1002 1906 .
1021 1856 1178 1907 consulibus
1196 1871 1243 1906 om.
1261 1857 1287 1906 A
1357 1857 1408 1908 Gn.

272 1939 411 1991 dclobella
431 1941 462 1990 B.
477 1939 507 1989 C.
527 1939 673 1990 Dolabella
692 1940 748 1990 MP
815 1940 914 1990 Fuluio
932 1937 1085 2006 Nobiliore]
1106 1947 1133 1990 et
1152 1941 1237 1991 l'uluio
1256 1940 1356 1991 honore
1375 1941 1408 1992 Β.

271 2025 371 2076 Fuluio
390 2025 492 2076 Flacco
513 2025 551 2074 M.
572 2030 599 2074 et
618 2025 703 2075 luluio
723 2026 747 2074 P
813 2023 846 2073 20
869 2031 985 2090 quatuor
1008 2043 1041 2074 ex
1062 2025 1106 2074 his
1130 2041 1181 2090 que
1205 2041 1278 2075 rome
1303 2042 1337 2074 ex
1354 2043 1408 2076 rue·

271 2109 376 2160 nandro
395 2110 548 2160 translatae
567 2115 630 2159 sunt
649 2111 673 2159 P
739 2109 916 2160 translataA
986 2109 1017 2159 21
1038 2111 1135 2160 andria
1154 2115 1182 2160 ct
1199 2111 1223 2160 A
1293 2111 1409 2177 adelphe

272 2195 310 2246 M.
331 2195 463 2260 adelphos
481 2196 505 2246 A
525 2193 550 2258 (e
568 2196 620 2245 BP
636 2195 698 2245 nihil
714 2195 836 2258 notatum)
906 2196 1190 2245 autentimorumenon
1208 2197 1232 2245 A
1252 2195 1278 2258 (e
1290 2196 1342 2246 BP
1351 2197 1414 2246 nihil

272 2281 394 2345 notatum)
464 2281 497 2328 22
515 2281 583 2330 duas
601 2279 626 2330 A
696 2280 877 2346 pollodorcA
949 2279 1134 2344 caritioA(et
1147 2279 1217 2340 Pet,
1228 2282 1331 2332 carisio
1345 2282 1410 2332 Bru.

273 2363 442 2414 Corinthium
456 2363 508 2430 (uel
525 2363 706 2428 Cerinthium)
720 2366 847 2414 Petrnrcn
859 2367 926 2416 dixit
979 2363 1082 2414 ‘echira
1095 2365 1217 2429 (hecyra)
1231 2370 1259 2416 et
1274 2355 1410 2432 phormio’

224 2505 227 2514 ,
272 2451 330 2500 BP.
345 2454 372 2499 et
385 2451 522 2500 formosA
587 2450 632 2500 hic
646 2449 936 2515 eunuchusAfflPl).
951 2449 1111 2500 Eunuchum
1125 2451 1157 2500 M
1217 2449 1250 2501 23
1268 2452 1410 2502 octoAM.

272 2535 325 2585 XlI
338 2535 371 2584 B.
390 2535 458 2584 XIII
470 2536 501 2584 P.
520 2535 620 2600 uiginti
632 2537 768 2585 Petrcrca.
788 2535 817 2584 in
829 2539 891 2585 octo
904 2535 1057 2585 Polentonus
1108 2535 1216 2584 milibus
1229 2535 1265 2586 M.
1283 2536 1361 2586 milia
1374 2539 1409 2586 A.

273 2619 359 2670 ‘milia
371 2624 410 2670 vel
427 2619 546 2670 milibns'
566 2621 623 2670 BP.
644 2620 764 2670 millibus
782 2621 863 2683 Pete,
884 2621 940 2670 Pol.
959 2622 1002 2686 qni
1019 2621 1093 2669 etium
1112 2636 1247 2670 nummum
1316 2637 1411 2671 numo·

272 2721 329 2754 rum
348 2705 436 2770 pretio
455 2705 524 2770 quod
547 2707 664 2771 pretium
682 2707 707 2755 A
778 2721 838 2754 amc
862 2705 961 2756 tumA
1031 2705 1063 2754 '24
1088 2705 1246 2770 accipiebat
1269 2707 1293 2755 A
1364 2706 1411 2756 Se·

272 2797 381 2855 quantur
398 2792 422 2838 in
441 2791 466 2838 P
482 2789 605 2854 Reliquit
623 2795 650 2839 et
668 2791 829 2856 epitaphion
848 2806 923 2841 suurn
942 2789 997 2841 talc
1016 2791 1103 2840 Natus
1122 2791 1150 2840 in
1170 2790 1287 2840 excelsis
1305 2798 1353 2840 cet.
1372 2789 1410 2854 (s.

272 2891 294 2924 e.
314 2877 467 2939 epipranrmn
485 2875 654 2940 Antholoplnc
670 2877 733 2924 illud
750 2875 792 2938 II,
812 2879 863 2924 220
881 2875 978 2935 Burro„
998 2877 1049 2926 845
1067 2875 1180 2942 diener.)

430 2961 440 2984 0

355 3099 426 3156 Non
443 3097 530 3156 novit
544 3098 625 3158 hanc
645 3099 739 3156 vitam
761 3098 812 3177 qni
836 3097 875 3156 de
897 3098 1045 3158 Terentio
1068 3055 1154 3157 fulile
1176 3101 1393 3158 commentario

273 3201 333 3259 lum
361 3199 599 3259 conscribillavit
627 3220 666 3260 ex
694 3199 911 3259 Oxonionsi
938 3199 1042 3259 codice
1073 3199 1110 3258 ab
1133 3199 1307 3260 Abrahamo
1333 3200 1410 3261 Gro-

273 3304 366 3362 novio
389 3301 574 3381 publicatum
598 3301 680 3382 apud
704 3303 953 3362 Westerhovium
974 3301 1072 3382 praef.
1092 3302 1167 3361 Ter.
1191 3321 1410 3382 p.xxx11sq.,

274 3424 313 3464 ex
327 3404 458 3463 Halensi
474 3423 500 3462 a.
516 3413 578 3467 1811
598 3405 770 3463 aTerentii
789 3403 854 3482 (vel
868 3406 968 3484 potius
985 3405 1168 3464 Terentiani
1185 3404 1298 3464 codicis
1314 3402 1409 3480 illius)

275 3505 393 3565 editore
408 3507 541 3566 Brnnsio
558 3527 588 3585 p.
606 3516 622 3569 3
637 3527 705 3586 sqq.
738 3505 798 3582 Qui
821 3507 951 3585 scriptor
971 3516 1094 3585 praeter
1116 3507 1215 3586 ipsum
1231 3507 1412 3566 Terentium

275 3605 383 3667 (lrosio
405 3629 491 3683 usus,
508 3608 683 3681 Prisciano,
702 3609 830 3680 Rufino,
846 3609 992 3682 Horatio,
1016 3629 1079 3667 non
1094 3610 1236 3668 Donato:
1253 3628 1291 3667 ex
1308 3606 1412 3668 Orosii

274 3711 356 3769 enim
381 3708 507 3784 lib.1v,
532 3719 562 3772 19
588 3709 700 3770 stolida
722 3709 860 3768 conlusio
885 3709 939 3769 illa
960 3719 1071 3790 poetae
1092 3711 1231 3770 Terentii
1254 3719 1347 3790 atque
1371 3709 1410 3788 Q.

274 3813 413 3872 Terentii
437 3811 594 3873 Culleonis
620 3812 717 3871 fluxit.
760 3813 897 3893 Vtraque
924 3813 988 3872 vita
1013 3813 1178 3872 Francisco
1200 3813 1410 3872 Petr'ercae

274 3915 305 3974 in
327 3923 469 3994 promptu
490 3914 562 3987 fuit,
591 3911 785 3974 Oxonicnses
812 3915 945 3994 ineptias
968 3915 1103 3992 graviter
1129 3915 1337 3994 impugnanti,
1364 3915 1411 3974 ni·

274 4017 365 4076 mium
381 4018 494 4076 confiso
511 4017 688 4076 commentis
710 4015 938 4076 Ambrosianis:
954 4017 1053 4095 ipsum
1068 4018 1224 4076 Donatum
1241 4016 1274 4094 (i.
1291 4036 1318 4076 e.
1336 4015 1411 4076 Sue-

250 4106 254 4115 ’
274 4115 403 4196 tonium)
421 4137 461 4177 ne
473 4118 618 4178 Petrarea
634 4117 757 4198 quidem
773 4118 901 4198 legerat.
924 4118 1109 4178 EPctrarca
1125 4127 1226 4178 autem
1241 4127 1321 4178 totus
1334 4137 1412 4197 pen·

276 4219 328 4278 det
348 4221 456 4280 Sicco
473 4221 730 4294 Polentonus,
748 4221 831 4280 cuius
850 4221 944 4279 vitem
960 4221 1088 4280 ineunte
1113 4221 1235 4280 saeculo
1251 4231 1297 4278 xv
1316 4221 1410 4298 scrip·

274 4331 335 4380 tam
358 4342 380 4381 a
395 4323 576 4382 Florentino
600 4321 706 4382 codice
734 4321 818 4381 edidi
841 4321 965 4402 Parerg.
988 4323 1089 4384 Plaut.
1113 4343 1143 4406 p.
1165 4331 1215 4386 635
1232 4343 1277 4402 sq.
1320 4319 1410 4380 Cete-

275 4443 339 4482 rum
360 4423 577 4482 Petrarcananr
599 4445 661 4482 non
683 4421 775 4483 habui
797 4424 855 4482 nisi
879 4444 916 4483 cx
931 4423 1140 4483 ll'estcrhorii
1162 4423 1356 4504 praefatione
1377 4441 1409 4502 p.
