3064 5064
576 357 618 398 nt:
642 357 847 402 enadoutlsvs

674 509 741 570 XII

223 621 364 672 casslvs
387 623 540 672 esvsevs
561 613 670 673 orator
689 608 858 694 egregius,
886 609 942 696 qui
964 583 1176 690 Quintianum
1198 611 1365 686 illudfiil*

142 707 347 794 prouerbium
371 709 509 792 luserat,
531 709 632 774 XXV
655 707 748 774 exilii
768 711 819 799 sui
842 731 927 776 anno
952 713 986 776 in
1016 733 1142 777 summa
1170 713 1280 800 inopis

141 809 276 874 moritur
293 811 352 874 uix
374 833 483 898 panno
506 811 650 878 uerenda
671 819 839 878 contectus
863 819 904 891 (a.
931 813 1014 898 785).

140 991 215 1065 αὐτῷ
231 1003 394 1066 παρασχειιι
404 1019 460 1068 pqr
463 993 655 1054 enodavere
667 1018 755 1053 αυιον
768 995 833 1054 lav
857 1019 939 1054 cocto
953 1020 1007 1069 γαρ
1020 1021 1056 1070 ην
1068 1020 1100 1056 ιο
1113 998 1279 1056 deivocatus

140 1069 174 1128 (ιι.
192 1069 272 1126 783).
292 1070 368 1120 idern
385 1069 432 1129 58,
450 1069 502 1148 23,
512 1069 550 1120 ἐδ
570 1060 654 1121 lve'
672 1057 724 1120 οὖν
745 1074 805 1128 τοις
822 1063 884 1122 τότε
902 1061 1085 1123 ἀποθανοῦσι
1103 1069 1152 1123 καὶ
1161 1067 1279 1132 Γάλλος

140 1131 280 1216 ἒιένειο·
280 1128 497 1203 τὸτιγάραῦτῳ
487 1110 834 1218 ’μόλις,ὠςιιιιίὀςεῖιιι,
849 1134 1020 1220 κατηλλάγη.
1034 1131 1107 1191 οὕτω
1116 1155 1173 1219 acc
1179 1135 1278 1205 ,παρὰ

140 1223 168 1258 ιο
180 1199 382 1272 νομιζόμενον,
400 1203 450 1256 acl
469 1223 521 1272 την
539 1200 612 1272 ζωὴν
623 1207 762 1273 τιμωρίαν
779 1178 834 1258 stol
847 1201 935 1258 και
907 1223 957 1258 τοι
970 1203 1101 1259 θάνατον
1114 1200 1279 1274 εὐεργεσίαν

140 1267 239 1326 ἐποίει.
260 1274 377 1324 Tacitus
391 1291 454 1324 anu
468 1275 505 1324 Vl
518 1275 551 1325 23
564 1275 611 1338 (cl
624 1275 681 1338 tel:
696 1275 792 1325 isdem
806 1276 964 1326 cerrsulrbus
977 1275 1012 1340 (a
1028 1277 1088 1342 788)
1100 1277 1190 1328 Assum
1204 1277 1278 1328 Galli

140 1359 208 1393 mors
216 1343 372 1418 uulgdtnm
391 1357 470 1408 quem
489 1347 614 1408 egestate
634 1343 690 1394 cibi
708 1349 876 1408 peremptum
893 1344 967 1394 haud
984 1345 1094 1394 dubium
1100 1351 1218 1410 ,sponte
1232 1346 1278 1395 uel

139 1405 312 1462 necessitate
325 1412 460 1460 incertum
472 1409 635 1461 habebatur.
665 1411 859 1476 consultusque
876 1411 979 1463 Caesar
991 1428 1026 1462 an
1039 1412 1150 1478 sepeliri
1163 1415 1278 1476 sineret,

138 1495 190 1530 non
209 1479 322 1529 erubuit
344 1480 503 1543 permittere
521 1479 676 1544 ultroque'
670 1493 796 1529 incusare
816 1495 896 1530 casus
919 1482 964 1562 qui
988 1496 1063 1530 reum
1087 1481 1277 1545 abstulissent,

138 1553 289 1612 autequam
307 1561 399 1596 coram
419 1549 636 1598 conuinceretnr.
678 1547 789 1606 scilicet
806 1547 895 1600 medio
917 1549 1036 1598 triennio
1059 1548 1187 1599 defuerat
1209 1554 1276 1601 tem-

138 1631 186 1682 pus
210 1615 348 1665 subeundi
371 1615 504 1665 iudicium
527 1615 666 1665 consulari
688 1616 761 1677 seni,
787 1619 827 1666 tot
850 1616 1032 1666 consularium
1050 1616 1180 1681 parenti)
1217 1617 1277 1668 dira

138 1685 196 1734 eins
214 1683 355 1748 supplicia
378 1683 438 1732 siue
457 1683 540 1732 dubio
558 1683 699 1732 Tacitus'
692 1699 720 1732 m
737 1682 882 1748 deperdita
899 1684 964 1734 libri
987 1685 1075 1749 quinti
1093 1690 1172 1750 parte
1197 1700 1276 1734 enar-

138 1758 279 1801 rarat.·-
304 1750 431 1800 Ceterum
455 1751 571 1816 adparet
592 1753 788 1814 Hieronymum
811 1757 859 1801 aut
882 1751 1023 1802 librarium
1046 1753 1186 1818 ingentem
1210 1768 1276 1803 ana·

138 1819 321 1870 chronismnrn
334 1817 490 1868 admisisse
519 1835 583 1869 nam
601 1819 724 1868 Asinium
744 1835 768 1868 ιι.
788 1819 838 1868 788
855 1820 962 1869 demum
980 1821 1082 1870 abiisse
1102 1825 1224 1882 constut3
1248 1821 1276 1870 id

138 1895 229 1938 autem
248 1893 357 1952 tempus
368 1887 554 1952 significatum
573 1892 628 1950 est,
653 1901 705 1951 quo
723 1888 838 1970 primum
850 1888 956 1938 Tiberii
969 1891 1088 1938 animum
1102 1887 1176 1938 Galli
1193 1887 1275 1938 liber-

138 1963 180 2006 tas
208 1955 339 2016 offendit,
367 1955 508 2005 scilicet'
500 1971 560 2020 rpse
585 1969 671 2004 annus
697 1953 775 2003 787.
797 1971 881 2020 quere
910 1961 958 2006 ιιιιι
980 1957 1163 2021 Hieronymus
1190 1957 1276 2007 mirae

138 2023 335 2088 neglegentiae
359 2023 539 2086 incusandae,
570 2027 619 2072 ent
640 2022 725 2072 verba
750 2023 809 2072 eius
831 2022 1013 2088 probabiliter
1035 2026 1076 2074 sic
1105 2024 1277 2074 emendanda

137 2097 212 2142 sunt:
239 2090 280 2140 ‘.C
298 2090 409 2140 Asinius
429 2088 524 2140 Gallus
542 2095 634 2141 orator
652 2090 728 2140 Asini
746 2091 879 2141 Pollionis
897 2091 983 2154 lilius,
1011 2093 1089 2142 cuius
1107 2093 1191 2142 etiam
1209 2093 1276 2142 Ver·

137 2159 219 2225 gilius
238 2159 377 2220 meminit,
397 2157 488 2208 clame
499 2157 618 2208 habetur
635 2157 670 2222 (n.
691 2157 767 2224 ton:
798 2161 845 2224 qui
862 2165 959 2225 postes
974 2159 1041 2210 dms
1060 2160 1201 2210 aTrberro
1213 2175 1276 2226 sup

137 2227 228 2294 pliciis
248 2197 406 2277 enecatul)

221 2291 276 2347 tt*
293 2295 476 2358 Hieronymus
500 2293 543 2345 01.
561 2293 626 2357 202,
649 2295 674 2344 4.
708 2297 816 2345 Seneca
835 2311 894 2346 exc.
914 2301 1035 2346 controv.
1059 2295 1117 2345 1111
1133 2296 1221 2361 prael
1242 2321 1275 2332 -

137 2365 253 2414 Tacitus
265 2362 331 2412 dial.
348 2361 425 2412 183ι
431 2378 494 2412 nam
513 2368 648 2445 quatenus
667 2365 840 2430 antiquorum
853 2364 1033 2414 admiratores
1044 2363 1116 2413 hunc
1133 2363 1210 2413 uelut
1221 2369 1275 2413 ter

138 2433 239 2482 minum
263 2431 440 2496 antiquitatis
463 2432 631 2481 constituere
654 2432 757 2495 solent,
789 2447 867 2496 quern
891 2447 975 2496 usque
995 2431 1031 2481 ad
1049 2431 1173 2481 Cassium
1192 2431 1274 2482 Sene-

138 2515 194 2550 rum
213 2500 339 2562 faciunt,
363 2513 442 2578 quem
461 2499 577 2574 primum
599 2499 744 2548 adlinnnnt
767 2499 876 2548 flexisse
900 2500 935 2548 ab
954 2498 1003 2548 illa
1021 2505 1115 2549 uetere
1135 2505 1216 2564 atque
1235 2499 1275 2548 di·

138 2573 214 2618 recta
226 2565 338 2618 dicendi
351 2567 413 2627 uia,
432 2582 484 2615 non
503 2558 687 2616 inlin‘nitate'
679 2568 785 2633 ingenii
799 2583 850 2616 nec
864 2568 977 2617 inscitie
989 2567 1142 2617 litterarum
1155 2572 1275 2617 transtu-

137 2635 201 2686 lisse
220 2653 251 2686 se
271 2633 306 2684 ad
325 2633 393 2683 illud
411 2633 522 2684 dicendi
540 2649 626 2700 genus
640 2636 775 2685 contendo
794 2635 842 2684 sed
860 2635 962 2684 iudicio
982 2641 1010 2684 et
1028 2634 1192 2685 intellectu’
1227 2634 1273 2684 to:

139 2704 279 2769 ‘equidem
297 2717 352 2751 nnn
371 2703 532 2767 negauerim
556 2703 681 2752 (lassium
700 2704 844 2764 Seuerum,
874 2718 953 2766 quem
977 2702 1063 2752 solum
1085 2705 1160 2768 Aper
1182 2708 1276 2752 noster

138 2773 278 2821 nominare
300 2783 383 2818 ausus
402 2777 456 2831 ost,
477 2771 500 2819 si
521 2771 555 2820 iis
575 2777 761 2837 comparetur,
788 2772 831 2835 qui
851 2777 948 2836 postea
967 2771 1092 2834 fuerunt,
1115 2787 1195 2837 posse
1215 2785 1275 2820 ora·

138 2845 221 2890 torem
240 2838 352 2898 uocari,
372 2853 534 2902 quamquam
552 2839 581 2888 in
600 2855 701 2905 inagna
717 2845 795 2904 parte
815 2839 942 2889 librorum
962 2853 1070 2890 suorum
1088 2839 1148 2904 plus
1166 2841 1209 2888 uis
1227 2840 1275 2889 ha-

139 2907 201 2957 beat
225 2922 308 2972 qnam
332 2907 484 2970 sanguinis.
525 2908 628 2972 primus
653 2909 724 2956 enim
748 2911 904 2972 contempto
927 2905 1021 2956 ordine
1046 2922 1148 2970 rerum,
1173 2907 1275 2958 omissa

139 2975 273 3026 modestia
293 2989 325 3024 ac
345 2972 446 3038 pudore
465 2974 624 3036 uerborum,
653 2976 721 3040 ipsis
740 2977 824 3024 etiam
849 2975 945 3039 quibus
968 2975 1055 3025 utitur
1073 2977 1155 3025 armis
1174 2977 1276 3025 incom-

138 3045 241 3108 positus
261 3046 290 3093 et
308 3041 398 3091 studio
417 3043 533 3092 feriendi
552 3042 710 3108 plenumque
738 3043 861 3092 deiectus
885 3059 939 3092 non
962 3049 1068 3108 pugnat
1090 3044 1139 3093 sed
1160 3045 1275 3093 rixatur.

139 3116 260 3161 ceterum
278 3115 311 3160 ut
329 3109 385 3158 (lixi
404 3110 582 3174 sequentibus
601 3115 774 3176 comparatus
793 3115 821 3158 et
843 3113 980 3160 irarietate
1001 3112 1163 3161 cruditionis
1187 3117 1215 3160 ct
1237 3111 1275 3160 le·

138 3195 201 3244 pore
219 3177 391 3228 urbanitatis
405 3183 433 3226 et
451 3179 571 3244 ipsarum
584 3179 684 3228 uirium
703 3179 798 3228 robore
813 3179 923 3227 multum
938 3183 1046 3228 eeteros
1064 3185 1190 3245 superat,
1210 3195 1274 3244 quo·

139 3263 193 3296 rum
211 3247 385 3298 neminemid
407 3261 436 3294 er
448 3246 588 3296 nominare
608 3253 635 3296 et
653 3246 730 3296 uelut
747 3248 776 3295 in
789 3248 877 3296 aciem
892 3247 1008 3295 educere
1021 3246 1170 3296 sustinuit’
1190 3248 1275 3308 Quin·

138 3315 252 3365 tilianus
264 3315 290 3364 X
305 3313 331 3374 1,
349 3312 377 3361 ll
402 3331 408 3362 :
430 3313 461 3363 ‘si
475 3323 535 3363 cum
549 3313 651 3364 iudicio
665 3314 786 3380 legatur,
807 3314 885 3364 (labit
897 3316 1050 3364 imitatione
1064 3314 1149 3379 digna
1162 3314 1276 3364 Cassius

138 3385 271 3444 Seuerus,
299 3381 345 3446 qui
368 3381 392 3430 si
410 3383 511 3431 ceteris
534 3383 681 3432 uirtutibus
700 3381 817 3432 colorem
841 3388 870 3431 et
887 3383 1052 3447 grauitatem
1076 3383 1210 3432 orationis
1228 3383 1275 3432 ad·

139 3453 263 3512 iecisset,
284 3449 426 3516 ponendus
444 3450 517 3498 inter
529 3451 690 3516 praecipuos
708 3452 793 3512 foret3
823 3465 887 3499 nam
905 3455 933 3500 et
951 3451 1057 3515 ingenii
1070 3449 1213 3516 plurimum
1233 3455 1276 3499 est
1307 3453 1314 3466 “

139 3522 166 3568 in
184 3535 216 3570 eo
235 3489 264 3569 el
283 3517 424 3567 acerbitas
442 3519 511 3567 mira
535 3523 562 3567 et
584 3518 729 3568 urbanitas
753 3519 812 3568 eius
835 3533 951 3580 summa,
977 3518 1025 3566 sed
1047 3517 1108 3582 plus
1132 3517 1274 3568 stomacho

134 3603 217 3652 ,quam
237 3585 355 3637 consilio
374 3584 469 3634 dedit’
489 3585 596 3636 Seneca
614 3591 736 3636 controv.
755 3587 852 3652 Vllp.
871 3585 933 3644 206,
953 3585 1029 3678 Ἱιιι·
1050 3585 1171 3635 Cassius
1190 3585 1273 3635 Seue·

139 3671 182 3706 ms
203 3669 324 3704 summus
342 3653 445 3702 Publili
469 3651 594 3704 amator'.
613 3654 778 3704 —Tacitus
798 3669 860 3703 ann.
880 3655 893 3702 Ι
916 3653 962 3702 72:
999 3654 1116 3718 ‘primns
1134 3655 1274 3717 Augustus

140 3724 325 3806 segnitionem
338 3721 371 3770 de
385 3722 496 3772 famosis
509 3721 612 3772 libellis
625 3723 718 3786 specie
737 3721 845 3786 legis
821 3737 880 3771 erus
892 3723 1026 3771 tractauit
1043 3725 1192 3771 commotus
1206 3720 1273 3770 Gaa-

140 3791 173 3840 sii
191 3791 288 3841 Seueri
307 3788 437 3852 libidine,
461 3805 515 3854 qus
532 3791 606 3840 uiros
626 3789 797 3854 feminasque
821 3787 951 3840 inlustres
974 3790 1138 3856 procacibus
1162 3790 1273 3854 scriptis

140 3859 346 3919 diffamauerat3
381 3873 442 3906 mos
465 3857 594 3908 Tiberius
612 3857 787 3907 consultante
805 3857 935 3922 Pompeio
953 3859 1048 3907 Macro
1071 3861 1213 3922 praetore,
1238 3873 1273 3906 au

139 3927 242 3977 indicia
254 3925 411 3976 maiestatis
424 3926 609 4006 redderentur,
625 3926 791 3975 exercendas
804 3925 947 3990 legesesse
960 3925 1110 3990 respondit.
1122 3925 1194 3975 hunc
1207 3941 1272 3990 quo-

140 4011 190 4060 que
208 4009 374 4059 aspersnere
393 3995 515 4044 carmina
532 3993 646 4044 incertis
665 3993 822 4044 auctoribus
840 3993 978 4084 uplgata'
971 4009 999 4042 ιιι
1016 3993 1165 4044 saeuitiam
1180 4009 1272 4059 snper-

140 4063 264 4144 bismque
277 4062 337 4112 eius
350 4067 377 4111 et
388 4061 541 4112 discordem
555 4077 615 4112 eum
628 4067 714 4111 matre
728 4061 855 4110 animum.
859 4059 921 4110 '.cl
935 4060 1099 4110 Plutarchus
1112 4060 1144 4111 de
1158 4061 1230 4111 adul.
1245 4067 1273 4112 et

140 4129 605 4195 amic.18p.li{le.-Tscitussun.
619 4130 674 4180 1111
687 4129 732 4178 21·
747 4130 872 4180 ‘relatum
886 4135 913 4178 et
925 4129 1171 4180 deCassioSeucro
1184 4129 1272 4194 exule,

140 4200 185 4262 qui
207 4199 334 4248 sordidae
356 4199 470 4271 originis
493 4197 635 4250 maleficae
655 4199 730 4248 uitae
743 4197 791 4248 sed
809 4197 905 4249 orandi
923 4195 1031 4246 ualidus
1048 4213 1097 4262 per
1114 4198 1273 4250 immodicas

226 4401 238 4452 l
255 4388 451 4467 Quintianum
467 4385 499 4446 in
515 4387 586 4447 ludo
601 4385 774 4466 pronrbium
788 4385 903 4445 luserat
919 4389 993 4444 coni.
1006 4387 1083 4445 Scal.
