3138 5100
509 407 536 448 r.
553 405 734 454 nrrsoanmr
750 407 991 450 couunarnnrvs
1250 389 1312 450 stt
1396 466 1399 472 Ι

174 577 237 618 rem
249 539 489 636 Cudendorpius
511 557 573 636 egit
594 559 624 616 in
647 559 701 618 rit.
718 557 798 636 Aug.
820 578 888 638 cap.
910 566 960 632 91,
982 559 1143 620 simillimis
1164 560 1314 640 exemplis

174 679 245 720 usus
268 659 337 720 Tib.
359 669 394 722 40
413 663 482 720 arbe
500 664 656 757 epqedmns,
679 659 761 738 Aug.
780 669 815 724 53
838 664 906 720 arba
925 665 1063 736 oppidoue
1082 679 1222 737 opressus:
1253 681 1313 742 quo

175 761 256 823 adde
270 763 331 823 vit.
351 773 383 824 lt
397 765 465 820 arte
479 764 617 837 italiaque
630 763 812 821 mathematici
824 765 998 824 excederent.
1011 763 1039 842 ⁸)

257 862 334 942 Peg.
352 863 407 936 32,
422 864 461 924 10
478 881 543 943 sqq.
568 863 683 942 positos
700 863 832 924 Vulcatii
848 865 984 923 senarios
1002 864 1079 924 tales
1096 873 1183 924 aetus
1198 865 1311 926 Parisi-
1384 895 1387 901 ·

173 983 230 1026 nus
254 962 405 1045 prodidit:
436 969 487 1024 sed
506 973 537 1023 at
555 967 629 1040 Aser
647 969 749 1040 populo
768 983 822 1025 sex
841 968 995 1026 comoedias
1016 969 1103 1038 dedit,
1123 972 1174 1026 iter
1194 970 1260 1026 dinc
1284 973 1314 1027 in

128 1055 135 1068 ’
174 1057 361 1144 Αείαήιϊειήε.
387 1085 486 1126 nauem
505 1077 535 1126 at
554 1071 639 1126 semet
656 1069 826 1140 conscendit,
848 1073 926 1126 asar
946 1088 1095 1144 namqaam
1117 1077 1166 1128 est.
1194 1073 1235 1127 sic
1256 1074 1313 1128 aito

177 1177 268 1228 uacat
308 1170 444 1249 Quorum
470 1189 612 1230 versuum
631 1170 728 1248 primo
752 1168 809 1248 soli
834 1171 918 1231 casui
938 1169 1130 1230 tribuendum
1157 1180 1204 1230 eet
1230 1171 1311 1251 quod

172 1270 226 1330 illa
242 1272 364 1332 inverso
384 1271 490 1332 ordine
506 1275 660 1332 cornoedios
676 1274 749 1330 dedit
770 1271 893 1331 exhibet
908 1291 961 1351 pro
982 1292 1018 1331 eo
1034 1271 1116 1353 quod
1132 1274 1225 1332 ceteri
1242 1273 1312 1332 libri

172 1391 276 1434 omnes
295 1381 456 1434 servarunt
470 1376 542 1432 dedit
556 1377 719 1436 comoedias.
758 1373 848 1452 Quod
869 1393 935 1433 cum
955 1394 1030 1454 prae
1051 1373 1103 1435 illo
1121 1375 1237 1454 sprevit
1251 1375 1311 1434 Ro-

174 1475 254 1536 thius
269 1497 300 1554 p.
320 1485 378 1549 184,
394 1497 455 1535 nou
469 1475 615 1553 cogitavit
628 1483 764 1535 veterem
780 1483 871 1556 atque
887 1477 1042 1556 antiquum
1057 1485 1180 1555 poetam
1196 1476 1312 1536 nullum

172 1585 234 1636 tam
250 1574 401 1637 elumbem
418 1577 530 1638 exitum
550 1575 709 1636 iambicum
725 1575 922 1657 probaturum
938 1577 1048 1650 fuisse,
1070 1597 1159 1658 quem
1184 1587 1245 1637 tarn
1267 1579 1311 1636 la-

172 1679 230 1740 cile
251 1680 349 1739 vitare
367 1688 484 1759 posset.
521 1681 687 1739 Praeterea
707 1679 758 1738 vix
779 1677 901 1756 dignum
918 1680 1087 1754 mentione,
1114 1681 1144 1738 in
1162 1679 1310 1740 Vrbinata
1352 1747 1356 1754 ⁴

173 1779 277 1841 codice
301 1789 331 1840 et
354 1780 487 1841 editione
508 1781 644 1860 principe
660 1782 816 1859 transponi
836 1778 889 1840 s'ex
904 1785 1020 1856 populo.
1045 1782 1075 1840 in
1092 1782 1158 1840 sola
1173 1784 1312 1862 principe

171 1887 254 1950 edidit
268 1891 400 1944 exstare.
442 1881 556 1942 Contra
570 1883 636 1942 fieri
651 1890 800 1962 potestat
817 1882 855 1941 ab
871 1883 957 1942 initio
974 1903 1082 1942 versus
1097 1892 1149 1942 aut
1169 1886 1226 1942 Sed
1239 1887 1312 1959 Aser

80 2061 85 2070 .
169 1989 274 2061 populo
290 1992 384 2044 atsex
398 1988 425 2044 d.
442 2005 466 2046 c.
490 1993 557 2058 aut,
580 1985 772 2065 quodetiam
795 1985 910 2062 gratius
933 1985 972 2044 ad
988 2005 1077 2046 aures
1101 1983 1229 2058 accidit,
1253 1987 1312 2044 Sed

165 2090 272 2162 populo
287 2095 317 2144 at
329 2089 402 2162 Aser
415 2105 470 2146 sea
484 2089 512 2146 d.
527 2104 552 2144 c.
571 2085 690 2146 dederit
708 2095 816 2165 poeta:
839 2106 964 2169 quorum
981 2095 1082 2146 tamen
1100 2095 1240 2146 nentrum
1257 2107 1310 2146 ne·

172 2190 347 2248 cessitatem
364 2188 479 2250 habere
494 2186 722 2254 concedendum
739 2197 794 2247 est.

255 2289 364 2352 Altero
380 2311 471 2350 versu
484 2298 519 2349 ut
533 2289 633 2350 hiatus
648 2289 815 2362 tolleretur,
830 2297 953 2368 praeter
968 2299 1064 2348 artem
1081 2297 1248 2348 correctum
1265 2295 1312 2348 est

172 2411 272 2454 nauem
289 2413 352 2452 cnm
371 2396 467 2466 semel,
491 2390 573 2472 quod
591 2411 694 2452 rursus
714 2411 781 2450 cum
798 2390 947 2450 Vrbinate
968 2389 1045 2450 libro
1060 2390 1154 2450 editio
1169 2391 1312 2470 princeps

170 2496 344 2576 participat.
382 2494 480 2554 Multo
499 2494 598 2553 lenius
619 2497 687 2569 fecit
703 2503 729 2552 ct
745 2511 843 2552 naacm
864 2501 893 2550 at
913 2497 997 2550 semel
1011 2491 1140 2552 Rothius
1162 2512 1310 2572 propone·

170 2597 233 2673 bat,
250 2597 304 2657 sed
321 2598 497 2673 refragante
511 2594 680 2668 latinitate,
699 2615 778 2676 qnae
795 2595 827 2653 in
845 2592 956 2654 talibus
971 2613 1031 2655 non
1049 2596 1162 2674 patitur
1180 2604 1205 2652 et
1219 2597 1311 2674 parti-

173 2700 289 2776 culam,
309 2699 365 2760 sed
380 2707 470 2771 antem
484 2695 628 2777 postulat.
667 2697 750 2776 Quid
764 2695 879 2756 multa?
901 2697 1025 2756 finitimo
1048 2713 1147 2756 nonem
1162 2696 1310 2756 vocabulo

172 2801 348 2880 absorptum
366 2808 413 2860 est
426 2809 531 2870 autem,
547 2801 591 2858 sio
606 2807 640 2858 nt
655 2807 747 2878 poeta
761 2799 931 2878 scripserit:
953 2817 1054 2858 nouem
1068 2807 1160 2856 atatem
1174 2807 1205 2856 at
1218 2804 1311 2858 cernel.

172 2905 240 2965 Nea
256 2904 336 2964 enim
352 2911 435 2962 recte
451 2903 482 2960 iu
496 2901 570 2981 ipsis
585 2911 615 2960 at
635 2898 744 2960 litteris
759 2901 896 2960 mutilam
913 2911 1003 2960 aretem
1020 2901 1199 2980 particulam
1216 2921 1311 2982 quac·

170 3026 220 3066 rea
243 3006 435 3085 salutemque
452 3011 592 3084 corrupto
608 3005 713 3062 versui
734 3004 814 3062 hane
835 3003 1078 3063 comminiscere:
1103 3021 1203 3062 nauem
1221 3013 1311 3062 natan

169 3113 257 3168 semul
275 3103 289 3191 ΙΙ
309 3110 469 3168 Conscendit
491 3105 519 3164 h.
545 3125 571 3164 e.
594 3105 700 3166 ‘simul
721 3109 839 3186 atque’.
880 3105 948 3164 Etsi
976 3107 1055 3164 enim
1075 3106 1203 3184 pristina
1224 3111 1313 3166 semul

170 3211 267 3270 formu
282 3209 423 3292 quotiens
438 3227 497 3268 non
513 3207 671 3267 intellecta
686 3206 818 3267 librariis
835 3208 866 3264 in
884 3211 967 3266 serat
981 3206 1151 3280 transierit,
1176 3209 1251 3266 satis
1273 3227 1312 3268 ea

171 3312 313 3392 exempla
340 3310 453 3370 docent
478 3328 558 3390 quae
579 3308 823 3385 Prolegomenou
844 3306 1053 3368 Plautinorum
1080 3328 1112 3386 p.
1139 3317 1236 3366 xcvll
1262 3329 1309 3388 sq.

171 3414 343 3494 composui,
364 3421 465 3472 tamen
486 3409 632 3470 hocloco
658 3429 724 3468 eam
747 3410 799 3467 rix
813 3410 927 3488 patitur
940 3389 1108 3480 sententia,
1130 3428 1224 3487 qnae,
1241 3429 1308 3468 oum

169 3516 348 3595 insequatur
362 3519 438 3572 aises
456 3519 645 3586 adrapatensi,
666 3530 726 3570 non
745 3510 850 3570 ‘simul
865 3515 971 3591 atque'
993 3509 1199 3590 potiusquam
1217 3514 1309 3590 ‘post-

170 3618 270 3698 quam'
286 3616 439 3680 notionem
454 3615 597 3694 postulat.
609 3647 647 3656 —-
662 3611 804 3674 Ceterum
820 3613 960 3694 qnoniam
973 3613 1148 3672 necessaria
1158 3633 1232 3672 sane
1244 3633 1306 3672 uon

236 3847 263 3914 *)
281 3851 399 3918 Reliqua
417 3852 463 3917 qui
481 3865 649 3916 cognoscere
669 3849 770 3915 cupiet,
789 3849 860 3902 haec
873 3848 991 3908 habeta·
1003 3849 1025 3899 si
1046 3849 1116 3899 sorte
1135 3863 1188 3898 uon
1206 3849 1307 3912 omnia,

170 3939 201 3986 st
217 3935 358 4002 pleraque.
394 3937 485 4002 ceredi
500 3937 665 3986 tabernaculo
682 3935 752 4000 Aug.
770 3933 814 3996 91,
833 3935 905 3984 darno
923 3934 986 3984 Tib.
1005 3933 1048 3998 50,
1066 3936 1127 3984 ailla
1144 3934 1181 3984 ib.
1201 3931 1245 3996 db,
1262 3935 1308 3983 tri-

168 4022 243 4070 clinio
263 4021 322 4071 Cal.
342 4019 384 4072 36.
402 4022 484 4086 Vesp.
497 4019 521 4082 6,
539 4023 684 4086 spectaculo
704 4019 764 4069 Cal.
778 4017 819 4081 56,
839 4021 939 4070 theatro
952 4017 1050 4070 Claud.
1066 4017 1106 4070 13.
1124 4018 1180 4068 vit.
1193 4019 1223 4068 4:
1242 4019 1308 4070 item

169 4106 298 4155 excedere
316 4107 417 4156 theatro
434 4106 500 4156 Ner.
518 4103 560 4170 23,
579 4107 706 4156 excedere
724 4107 841 4154 sacrario
856 4105 935 4154 Dora.
958 4103 996 4154 15.
1031 4104 1149 4154 Accedit
1167 4102 1307 4170 praeposi·

170 4189 209 4239 tio
227 4189 289 4240 Tib.
309 4191 341 4239 72
360 4207 373 4242 c
391 4191 506 4241 condato
525 4191 671 4256 eprediens,
697 4181 762 4254 quia
781 4189 935 4239 convivium
954 4203 1008 4239 non
1025 4187 1111 4238 habet
1128 4188 1184 4238 loci
1202 4187 1306 4254 signifi:

170 4276 310 4325 sationem
327 4275 479 4341 propriam,
504 4289 557 4338 qna
582 4287 681 4324 curasse
701 4274 784 4323 etiarn
807 4275 839 4324 dc
853 4279 984 4339 potestate
1007 4277 1091 4339 patris
1108 4275 1182 4324 entre
1205 4273 1307 4322 dictum

171 4364 215 4411 est
230 4359 286 4411 vit.
304 4359 329 4410 6.
364 4359 484 4410 Diversa
507 4359 612 4410 ratione
636 4357 695 4424 regi
719 4364 837 4425 apparet
859 4359 930 4424 qaod
954 4361 996 4408 est
1014 4357 1110 4408 Claud.
1134 4355 1168 4409 23
1190 4363 1218 4406 at
1240 4359 1308 4408 adira

169 4445 279 4510 lapidem
296 4446 396 4512 tertiam
412 4449 513 4494 uetaret
531 4444 621 4510 ceredi
637 4443 668 4494 ab
685 4443 756 4496 arde.
