3162 5058
238 378 300 442 etr
517 387 711 432 carusonvu
736 386 902 428 urssoavu
927 385 1102 434 suasorias

239 537 394 604 funebres
414 538 552 601 instituti
567 544 624 600 aut
638 535 703 600 diis
720 536 887 598 nationum
900 543 956 596 aut
971 533 1107 596 mortuis
1125 530 1217 594 fiurrt.
1245 530 1381 617 proinde

237 638 325 706 tituli
346 637 501 724 Olympia
519 636 606 719 leui,
629 655 712 721 quae
732 645 808 699 stunt
827 636 951 700 Rornae
974 631 1175 718 Capitolina,
1199 634 1276 696 item
1298 633 1379 696 ller-

239 741 305 806 culi
321 741 444 804 Nemea
466 737 616 824 Neptuno
640 737 791 818 lstlrmia,
814 738 915 800 ceteri
937 735 1107 798 mortuarii
1128 753 1261 818 agones.
1300 735 1381 820 quid

240 863 318 926 crgo
334 841 464 921 mirum,
488 841 516 905 si
537 851 569 904 et
591 848 767 927 apparatus
785 859 927 922 agonum
944 834 1129 900 idololatria
1147 845 1382 922 conspurcatus

239 942 280 1006 dc
300 942 428 1006 coronis
459 940 605 1028 profanis
632 940 673 1003 de
701 937 958 1004 sacerdotalibus
988 935 1193 1025 praesidibus
1220 938 1261 1000 dc
1283 935 1402 1002 colle-t

241 1043 305 1128 giis
328 1042 486 1106 ministris
510 1041 551 1104 de
570 1042 640 1128 ipso
661 1051 824 1128 postremo
846 1039 943 1103 boum
968 1039 1151 1122 sanguine?
1191 1047 1226 1102 ut
1248 1038 1288 1102 de
1311 1041 1382 1102 loco

241 1145 420 1230 suppleam
433 1143 479 1229 [at
502 1143 542 1207 de
562 1143 633 1206 loco
656 1141 830 1229 communi]
840 1190 848 1222 ,
872 1141 969 1226 'rpro
991 1140 1129 1226 collegio
1146 1141 1262 1204 artium
1280 1140 1380 1204 Musi-

240 1265 351 1310 carum
375 1252 408 1306 et
430 1244 660 1308 Mineruulium
682 1254 713 1307 et
730 1241 967 1328 Apollinarium
989 1243 1087 1304 etiam
1105 1241 1303 1304 Martialium
1324 1263 1382 1327 per

240 1345 384 1410 duellum
399 1346 584 1432 portabam
604 1347 636 1410 ln
656 1344 761 1409 stadio
783 1345 904 1408 circum
924 1342 1144 1426 aemulantur,
1168 1342 1254 1430 quod
1270 1343 1382 1430 utique

241 1499 292 1550 que
312 1490 341 1535 et
358 1485 443 1549 equiti
463 1483 551 1534 olerum
571 1483 707 1550 praebuit.
743 1483 888 1547 magistros
902 1487 959 1532 toto
978 1482 1122 1531 certamini
1141 1483 1300 1548 praeposuit
1318 1499 1381 1532 eon-

240 1551 347 1601 sulares
370 1559 443 1602 sorte
467 1553 532 1602 sede
555 1558 720 1618 praetorum.
761 1550 860 1599 deinde
884 1551 913 1598 iu
936 1549 1104 1598 orchestram
1123 1555 1303 1614 senatumque
1322 1549 1381 1600 dce-

241 1619 335 1670 eendit
353 1625 382 1668 et
399 1621 533 1670 orationis
557 1619 664 1684 quidem
685 1619 868 1682 carminisque
887 1618 982 1668 Latini
1001 1633 1142 1680 eoronam,
1162 1617 1196 1666 de
1215 1633 1269 1682 qna
1287 1618 1383 1668 hones·

241 1687 362 1738 tissimus
380 1687 494 1751 quisquc
514 1688 707 1746 contenderat,
727 1688 846 1752 ipsorum
865 1701 1000 1735 consensu
1019 1701 1177 1734 concessant
1197 1685 1249 1735 sibi
1269 1686 1383 1750 reecpit,

241 1753 367 1804 citharae
386 1761 477 1803 autem
497 1769 513 1804 a
532 1755 668 1804 iudicibus
687 1753 722 1802 ad
741 1770 770 1802 se
790 1753 910 1802 delatam
930 1753 1056 1802 adorauit
1075 1753 1194 1817 ferrique
1214 1753 1247 1802 ad
1267 1753 1383 1816 Arrgusti

241 1827 361 1872 statuam
385 1822 473 1872 iussit.
510 1823 637 1886 gymnico
661 1821 732 1886 quod
755 1823 784 1870 in
807 1822 894 1885 ecquis
917 1820 1019 1870 edebat
1043 1821 1116 1875 iuter
1133 1821 1280 1884 buthysiae
1299 1837 1382 1886 appa·

242 1895 329 1938 ratum
348 1889 461 1938 barbam
486 1889 601 1954 primam
625 1889 716 1954 posuit
734 1888 926 1952 conditamque
945 1889 973 1936 in
997 1903 1107 1937 auream
1131 1887 1256 1953 pyxidem
1276 1894 1305 1938 et
1323 1905 1382 1954 pre·

240 1957 397 2006 tiosiseimis
423 1957 581 2022 margaritis
604 1955 765 2006 adornatam
784 1954 923 2021 Capitolio
946 1957 1128 2006 consecrauit.
1165 1955 1199 2006 nd
1218 1956 1383 2006 athletarum

241 2024 429 2088 spectaculum
449 2025 580 2074 inuitauit
599 2030 627 2075 et
644 2024 766 2089 uirgines
784 2023 921 2085 Vestales,
940 2023 1004 2087 quia
1019 2023 1162 2088 Olympiae
1182 2038 1287 2088 quoque
1301 2023 1382 2072 (lerc-

241 2091 279 2142 ris
298 2091 490 2142 sacerdotibus
508 2097 636 2158 spectare
657 2090 835 2142 conceditur.'
872 2091 1018 2140 Surctorrius
1037 2091 1137 2140 Deerit.
1158 2091 1186 2140 l:
1207 2091 1338 2141 ‘Instituit
1357 2097 1384 2140 et

242 2159 443 2224 quinquennale
462 2166 603 2210 certamen
623 2159 780 2226 Capitolino
799 2159 859 2208 loui
878 2157 991 2223 triplex.
1011 2159 1142 2208 rrrusicunr
1162 2165 1289 2223 equestre
1308 2175 1382 2224 gyur—

242 2229 342 2289 nieum,
362 2233 390 2276 et
408 2226 551 2292 aliquanto
569 2228 685 2293 plurium
705 2243 784 2291 quam
798 2241 870 2276 srunc
883 2233 926 2276 est
939 2241 1109 2276 coronarum.
1145 2228 1293 2276 (creabunt
1311 2227 1383 2275 onim

242 2302 271 2344 et
289 2311 370 2360 prosa
389 2297 514 2346 oratioue
534 2297 641 2346 Graece
660 2296 817 2359 Latineque
837 2311 870 2342 ac
890 2298 999 2358 practer
1018 2293 1192 2343 citharoedos
1211 2293 1382 2344 chorocitha-

241 2363 326 2412 ristae
350 2379 456 2430 quoque
481 2369 509 2412 et
532 2363 782 2430 psilocitharistae,
807 2363 835 2412 in
854 2361 944 2410 stadio
963 2377 1027 2410 uere
1046 2377 1127 2412 cursu
1151 2363 1234 2412 ctiam
1253 2363 1383 2426 uirgines.
1466 2413 1473 2420 ,

243 2430 387 2480 certamini
412 2431 553 2495 praesedit
576 2430 733 2496 crepidatus
756 2444 946 2495 purpureaque
970 2429 1086 2478 arnietus
1110 2433 1174 2494 toga
1199 2429 1383 2492 (irari-aulea,

242 2499 336 2564 eapite
356 2503 469 2562 gestans
488 2513 616 2550 coronam
634 2513 747 2548 atrreum
765 2513 825 2548 cum
844 2497 939 2560 elliqie
959 2497 1031 2546 louis
1051 2513 1084 2546 ac
1099 2497 1210 2546 luuonis
1227 2499 1383 2547 Mineruae-

243 2581 304 2630 que,
329 2566 518 2616 arlsidentibus
536 2567 613 2616 Diali
631 2567 775 2615 sacerdote
802 2571 829 2614 et
857 2563 975 2628 collegio
1000 2563 1165 2614 Flauialium
1193 2565 1254 2629 pari
1277 2565 1383 2626 habitu,

243 2633 296 2683 nisi
315 2633 385 2697 quod
405 2632 512 2683 illorum
532 2634 640 2685 coronis
658 2635 749 2683 inerat
772 2639 799 2681 et
821 2633 909 2698 ipsius
928 2634 1027 2695 trisago.
1064 2632 1226 2681 celebrabat
1245 2639 1273 2682 et
1292 2634 1319 2682 in
1338 2633 1382 2682 Al·

242 2701 315 2750 bano
345 2701 494 2764 quotannis
518 2701 702 2766 Quinquatria
724 2701 883 2758 Mineruae,
913 2701 957 2748 cui
982 2697 1128 2764 collegium
1153 2699 1325 2760 instituerat,
1351 2717 1383 2748 er

243 2783 296 2832 que
314 2773 388 2816 sorte
406 2769 483 2817 direti
507 2770 668 2832 magisterio
692 2768 870 2831 lrrrrgerentnr
893 2767 1058 2832 ederentque
1083 2767 1197 2816 cxiurius
1222 2769 1384 2818 arenatioucs

243 2841 271 2884 et
289 2836 416 2884 scenicos
435 2835 513 2886 ludos
531 2851 666 2901 superque
685 2843 821 2886 oratorum
841 2851 874 2884 uc
894 2841 1034 2900 poetarum
1055 2833 1227 2884 certamina.'
1247 2861 1279 2870 -
1298 2835 1383 2884 laido-

244 2917 288 2952 rus
312 2902 398 2966 origg.
423 2903 515 2952 xvut
541 2903 663 2952 17--262
691 2903 855 2967 ‘Gymnicus
879 2902 958 2952 ludus
982 2907 1024 2952 est
1046 2903 1205 2952 uelocitatis
1230 2919 1263 2952 ac
1285 2903 1384 2952 uirium

243 2969 340 3033 gloria.
377 2969 453 3019 cuius
471 2971 548 3021 loeus
567 2971 737 3036 gymnasium
756 2971 865 3032 dicitur,
885 2971 932 3019 ubl
951 2976 1112 3020 exercentur
1136 2970 1259 3020 athletae
1279 2977 1307 3020 et
1325 2987 1384 3020 cur·

243 3051 333 3086 sorum
356 3037 491 3088 uelocitas
514 3039 715 3104 comprobatur.
756 3037 821 3087 hinc
846 3037 963 3098 accidit,
981 3045 1010 3086 ut
1034 3039 1153 3088 omnium
1176 3054 1260 3104 prope
1285 3039 1384 3088 artirrm

243 3105 377 3154 exercitia
393 3107 537 3172 gymnasia
555 3107 693 3156 dieantur.
724 3110 807 3156 antea
820 3106 893 3154 euim
906 3105 933 3154 in
951 3105 1020 3154 loeis
1033 3111 1172 3156 certantes
1191 3106 1276 3156 cincti
1295 3111 1384 3167 erant,

243 3188 277 3222 ne
296 3171 476 3236 nudarentur3
495 3180 557 3240 post
578 3174 703 3224 relaxato
722 3173 833 3238 cingulo
851 3178 965 3238 repente
983 3179 1135 3238 prostratus
1159 3179 1187 3222 et
1211 3176 1384 3224 exauiuratus

244 3240 412 3304 estquidam
432 3257 534 3292 cursor.
570 3257 654 3306 quare
674 3257 706 3291 en
726 3241 835 3291 consilli
853 3242 964 3291 decreto
991 3247 1056 3291 tunc
1076 3242 1177 3290 archon
1197 3241 1384 3307 llippomencs

243 3313 273 3357 ut
295 3308 361 3356 nudi
384 3309 515 3375 deinceps
544 3325 637 3360 omnes
666 3309 884 3360 exercitarentur
910 3309 1043 3374 permisit.
1085 3326 1118 3357 ex
1142 3309 1189 3358 illo
1212 3311 1383 3373 pyntunsium

243 3376 360 3438 dictum,
386 3378 457 3441 quod
481 3379 594 3428 irrrrenes
618 3377 683 3426 nudi
706 3383 869 3426 exercentur
891 3377 920 3426 in
939 3393 1050 3442 eampo,
1069 3377 1115 3426 uhi
1135 3377 1194 3426 stila
1214 3383 1318 3426 tantum
1338 3393 1384 3425 rre-

243 3443 329 3493 reutla
347 3445 513 3508 operiuntur.
550 3461 652 3510 pererra
671 3445 857 3508 gymnicorum
876 3445 995 3510 quinque
1014 3444 1101 3494 saltrrs
1120 3461 1213 3494 rerrrsus
1231 3445 1319 3494 incuss
1332 3445 1383 3493 uir·

243 3516 286 3560 tns
305 3518 388 3576 atque
407 3512 532 3562 luctatio.
567 3513 639 3562 unde
664 3513 768 3572 lemnt,
798 3511 939 3576 quemdam
963 3528 1055 3576 regem
1075 3517 1116 3562 tot
1135 3513 1206 3562 lilios
1224 3513 1382 3562 adolescen-

244 3585 285 3628 tes
310 3577 457 3628 hsbeutem
480 3579 594 3630 totidem
619 3581 766 3645 generibus
790 3579 823 3628 dc
847 3595 931 3642 regno
955 3579 1066 3630 iussisse
1086 3581 1262 3630 contendere.
1298 3580 1385 3630 saltus

243 3635 332 3696 dietus
352 3647 429 3710 quasi
454 3647 549 3697 exilire
573 3649 602 3697 in
626 3647 719 3697 altum.
758 3653 800 3696 est
824 3647 896 3696 euim
922 3647 1009 3696 stultus
1034 3647 1117 3698 altius
1143 3647 1239 3698 exilire
1264 3648 1307 3698 uel
1327 3647 1383 3698 lou·

244 3714 312 3778 girus.
348 3729 442 3764 claraus
466 3731 482 3764 a
505 3715 655 3765 uelocitate
680 3729 786 3764 enarum
810 3719 935 3764 uocatur.
971 3720 1013 3764 est
1040 3716 1112 3764 enim
1136 3731 1230 3766 cursus
1254 3715 1385 3765 celeritas

243 3780 350 3846 pedum.
395 3781 485 3832 iactare
509 3783 598 3833 (lictus
621 3799 637 3831 n
660 3782 796 3832 iaciendo.
838 3781 909 3831 uude
934 3787 962 3832 et
984 3781 1160 3846 piscatorium
1184 3787 1241 3832 rete
1265 3783 1384 3834 iaculum

244 3847 352 3897 dicitur.
389 3849 451 3898 hiric
471 3849 524 3900 arti
542 3865 606 3900 risus
625 3857 667 3899 est
685 3855 795 3914 arrepto
814 3849 907 3914 lapide
926 3851 1019 3915 procul
1039 3851 1131 3912 ferire,
1151 3851 1246 3901 lrastas
1264 3850 1383 3916 prendere

242 3913 344 3966 librato
363 3918 464 3978 iacere,
484 3919 602 3983 sagittas
621 3933 686 3967 arcu
706 3917 841 3968 emittere.
877 3919 963 3968 uirtus
988 3924 1030 3968 est
1053 3917 1222 3968 immensitas
1240 3919 1337 3968 uirium
1356 3919 1384 3966 in

245 3983 339 4034 labore
358 3989 386 4034 et
404 3985 524 4050 pondere
543 3985 674 4051 corporis.
711 3985 826 4036 luctatio
846 4001 863 4034 a
880 3983 997 4035 laterum
1016 3986 1159 4051 complexu
1177 3991 1306 4050 uocatur,
1327 3985 1384 4049 qui·

246 4087 415 4096 ——·-..-.
422 4089 448 4095 -.-

328 4145 345 4198 t
362 4138 506 4217 capitolia
520 4143 544 4196 A
559 4134 573 4220 ΙΙ
587 4149 606 4204 3
622 4139 734 4200 sthmia
751 4143 775 4196 A
790 4133 803 4220 {l
818 4149 835 4200 l
850 4139 875 4197 ui
892 4147 922 4198 et
935 4143 1089 4198 delulerat:
1103 4140 1130 4198 si
1144 4149 1178 4200 ut
1197 4147 1220 4199 A
1227 4121 1249 4200 h⁸
1259 4149 1292 4198 ut
1307 4145 1331 4198 A
1338 4159 1355 4196 a
1370 4133 1382 4218 ll

246 4233 464 4299 conspurcatur
477 4228 598 4297 scripsi:
626 4233 791 4302 conpareat
805 4230 830 4281 A
850 4218 863 4304 ll
884 4231 898 4286 7
913 4235 944 4282 at
960 4225 998 4283 de
1017 4225 1086 4283 loeo
1105 4225 1255 4284 communi
1270 4229 1386 4284 srclrrar't

246 4307 302 4470 ᾖσε.
319 4309 493 4450 Sceliqzrbet
509 4307 628 4368 deloco
644 4310 794 4368 communi
812 4311 864 4366 Fr.
884 4311 986 4368 Iunias
1001 4304 1014 4390 Η
1028 4321 1046 4372 8
1061 4329 1117 4390 per
1133 4309 1267 4370 duellum
1287 4331 1340 4368 orn.
1362 4313 1385 4368 A

279 4401 296 4454 9
311 4393 401 4450 statio
1045 4409 1048 4418 ⁴
