3190 5098
601 420 603 428 ·
693 405 797 446 oarvr
821 405 871 480 ux
1271 381 1332 443 413

193 581 259 620 mus
275 557 468 618 Ambrosium
484 557 538 618 illa
553 563 628 618 uude
645 562 773 616 autemus
795 576 859 616 eum
879 560 995 630 surptus
1014 559 1158 614 madidum
1180 564 1265 628 atquc
1287 573 1334 612 ro-

194 671 306 722 ruutcm
323 681 360 720 ex
375 661 520 739 Suetonio
534 661 697 740 recepisse.
728 659 933 720 hexaemeron
951 661 1031 720 enim
1046 659 1139 720 libros
1156 657 1334 717 Ambrosius

195 784 233 824 cx
250 763 348 824 Basili
364 763 536 840 cognomini
549 781 641 844 opere
660 763 812 841 expressit
828 783 885 830 nec
906 763 963 822 nisi
984 763 1090 841 paucis
1108 761 1184 820 loeis
1203 761 1335 820 auctoris

195 866 242 925 sui
258 885 349 944 quam
365 867 430 924 fere
445 865 661 944 interpretatur
679 865 843 924 orationem
861 874 961 940 auget.
1001 865 1060 924 iam
1076 883 1148 924 vcro
1164 863 1217 922 illa
1231 883 1334 921 nams-

196 967 331 1028 tiuuoula
347 966 387 1026 de
404 987 483 1034 csse
494 969 545 1048 qui
564 966 675 1026 domini
691 984 799 1024 necem
818 965 898 1024 ultus
915 973 976 1038 est,
999 986 1089 1045 quam
1106 965 1224 1026 Giraldi
1247 963 1334 1026 Gam-

195 1071 313 1130 brensis
329 1071 502 1129 testimonio
518 1090 536 1128 a
551 1067 696 1129 Suetonio
710 1068 739 1124 in
758 1065 836 1125 libro
852 1065 891 1126 de
907 1067 1103 1128 animantium
1118 1069 1234 1128 naturis
1257 1089 1335 1128 com·
1397 1089 1405 1098 ·

196 1180 392 1232 memoratam
418 1172 513 1232 fuisse
539 1189 632 1250 snpra
658 1167 926 1248 conprobavimus,
959 1171 997 1230 ab
1022 1171 1182 1231 Ambrosio
1211 1157 1249 1230 erl
1275 1171 1335 1230 alio

196 1281 320 1333 auctore
334 1273 499 1334 Basilianis
508 1272 623 1332 inserta
635 1279 698 1345 est3
724 1271 982 1332 narratiunculam
1000 1283 1101 1333 autern
1113 1271 1253 1332 Ambresi
1265 1293 1335 1332 ean·

197 1375 266 1436 dem
289 1376 384 1434 fuisse
404 1383 495 1454 atque
518 1372 735 1432 Suetonianarn
757 1369 893 1432 eiusdem
913 1375 1030 1436 Giraldi
1053 1374 1155 1435 verbis
1176 1374 1335 1436 discimus:

197 1482 272 1538 unde
287 1486 314 1534 et
328 1481 491 1550 exemptum
507 1495 595 1534 unum
610 1477 687 1550 quod
701 1477 854 1534 Suetonius
868 1482 959 1551 tcuett
978 1482 1008 1536 in
1023 1496 1056 1535 co
1070 1481 1142 1537 libro
1159 1482 1210 1553 qut
1222 1481 1257 1537 cle
1274 1485 1337 1537 ani-

197 1584 334 1638 muutr'um
349 1583 463 1637 acturis
475 1580 640 1636 inscribitur
654 1585 682 1636 et
698 1581 865 1639 Ambrosius
879 1597 991 1656 quoque
1005 1585 1035 1638 iu
1057 1583 1252 1641 tresuenrercu
1268 1601 1338 1640 usr-

197 1692 245 1742 rut
260 1685 307 1740 bic
321 1687 495 1740 interserere
510 1699 567 1738 uon
585 1681 765 1753 superfluum
780 1687 925 1754 reputaur'.
946 1683 1041 1742 refert
1056 1681 1165 1741 deinde
1182 1683 1338 1742 historiam

198 1782 341 1844 Ambrosi
362 1781 464 1842 verbis
487 1780 552 1840 fere
574 1799 635 1838 non
656 1780 835 1856 immutatis,
858 1783 959 1844 differt
980 1793 1081 1844 autern
1102 1804 1139 1843 ea
1157 1805 1176 1844 u
1190 1783 1338 1844 similibus

197 1884 430 1947 narratiunculis
448 1903 524 1962 quas
540 1890 661 1942 veteres
676 1883 717 1942 sd
735 1887 819 1945 canis
831 1887 998 1946 sollertium
1013 1886 1232 1947 inlustrandam
1243 1887 1338 1968 adpo-

198 2007 272 2048 nere
290 1987 398 2046 solent.
430 1987 534 2065 itaque
546 1983 647 2042 omnia
661 1988 837 2048 necessario
851 2007 906 2048 nos
920 2009 955 2046 eo
973 1987 1131 2049 dueunt'ut
1147 1991 1339 2050 Ambrosium

198 2092 278 2150 hauc
290 2109 328 2150 ex
340 2087 513 2166 Tranquilli
527 2095 680 2164 pratorum
694 2085 810 2146 decimo
824 2089 1047 2170 deprompsisse
1060 2091 1283 2169 intellegamus.
1295 2100 1338 2152 at·

199 2195 251 2274 qui
268 2192 322 2252 illa
342 2189 437 2249 verba
456 2192 532 2246 unde
554 2192 682 2246 uidemus
700 2206 764 2246 cum
786 2196 903 2264 saepius
920 2197 1064 2252 madidum
1084 2203 1170 2269 atquc
1191 2201 1339 2254 rorantem

199 2314 347 2377 nusquam
367 2294 397 2352 iu
417 2291 514 2350 Basili
533 2289 664 2350 homiliis
686 2289 836 2366 leguntur.
871 2293 944 2374 quid
960 2294 1052 2370 igitur
1066 2295 1168 2354 obstat
1180 2298 1339 2377 queminus

201 2402 292 2459 etiarn
301 2397 380 2455 haec
396 2393 541 2454 Suetonio
557 2391 762 2465 vindicemus,
786 2392 824 2454 de
841 2414 900 2473 quo
916 2395 976 2454 iarn
989 2416 1049 2456 uno
1066 2397 1134 2457 loco
1147 2396 1340 2458 Ambrosium

199 2501 357 2562 Basiliaua
374 2504 537 2574 augentem
554 2493 689 2573 pendere
712 2492 866 2554 vidimus?
887 2505 979 2578 atqrm
997 2499 1099 2560 elucet
1113 2499 1264 2559 Isidorum
1285 2521 1340 2560 suo

200 2607 266 2665 iure
279 2601 336 2662 sibi
347 2600 444 2660 visum
456 2616 523 2656 esse
535 2593 737 2654 Ambrosiam
749 2596 943 2658 Suetonianis
956 2601 1142 2680 interpolare
1158 2602 1241 2683 quod
1258 2602 1340 2662 viros
1405 2599 1409 2607 ‘

201 2704 346 2784 gentilem
358 2710 388 2762 et
403 2698 587 2760 catholicum
600 2695 653 2774 (cf.
667 2700 764 2778 praef.
776 2700 808 2778 l)
820 2701 899 2761 idem
913 2712 1121 2780 argumentum
1134 2704 1249 2764 eisdem
1263 2705 1341 2766 adeo

201 2806 304 2868 verbis
317 2821 459 2866 enarrare
472 2798 631 2860 sentiebat.
650 2820 729 2880 quae
742 2823 808 2862 cum
819 2805 862 2864 ita
875 2813 987 2878 essent,
1000 2825 1060 2864 non
1074 2805 1236 2866 dubitavie
1254 2808 1341 2868 sclic-

202 2910 311 2970 liastae
329 2904 431 2966 verbis
449 2904 556 2979 fragm.
574 2895 647 2964 sta*
667 2899 742 2966 130*
762 2907 835 2968 131*
853 2905 924 2969 131*
946 2907 1019 2971 135*
1035 2929 1114 2988 quae
1127 2909 1273 2968 Suetonio
1289 2909 1340 2969 ad·

203 3013 355 3089 signarem
370 3025 546 3078 secernere,
569 3013 673 3062 cetera
689 3014 790 3064 autem
804 3026 883 3089 quae
905 3008 942 3068 sd
959 3009 1040 3070 idern
1061 3031 1158 3088 genus
1183 3022 1342 3092 excerpto-

202 3133 267 3174 rum
290 3113 458 3192 pertinent,
474 3107 637 3188 pruesagis
657 3105 731 3166 solis
752 3117 783 3166 ct
803 3109 893 3170 lunae
914 3119 946 3170 ct
970 3113 1101 3172 siderum
1117 3115 1342 3191 potentissimo·

202 3235 268 3276 rum
294 3217 415 3277 nomina
439 3222 471 3274 et
494 3217 636 3279 effectus,
670 3212 762 3275 malui
783 3213 814 3272 in
838 3216 986 3295 superiori
1012 3215 1208 3276 adnotatione
1240 3215 1343 3274 conlo·

204 3339 285 3379 care.
318 3337 444 3398 quorum
466 3319 520 3378 illa
543 3319 713 3395 fragmento
737 3316 809 3381 152*
831 3319 962 3390 subieci,
985 3318 1063 3377 haec
1078 3314 1186 3394 fragm.
1205 3315 1293 3388 W,
1311 3323 1344 3375 ut

204 3441 307 3480 eorum
340 3423 555 3500 coupurstione
579 3422 752 3482 isidoriana
771 3421 915 3479 memoria
938 3421 1139 3498 corrigeretur
1166 3427 1198 3477 et
1221 3417 1342 3500 supple·

203 3535 296 3584 retur.
342 3531 351 3559 ³

290 3627 354 3686 lam
369 3647 442 3685 vero
463 3626 671 3688 demonstrare
688 3625 761 3684 licet
776 3620 964 3684 Suetonisna
980 3623 1061 3704 apud
1079 3625 1275 3684 scholiastam
1291 3643 1344 3684 ex·

206 3739 311 3808 cerptu
347 3737 479 3788 aetutem
504 3727 614 3787 Isidori
640 3747 793 3806 superare.
834 3747 1017 3808 quamquam
1040 3728 1120 3785 enim
1146 3726 1345 3786 certissimum

205 3840 252 3891 est
262 3830 413 3889 Isidorum
423 3831 455 3888 in
470 3827 548 3888 libro
558 3828 596 3888 de
612 3837 720 3888 nature
734 3849 832 3889 rernm
850 3849 918 3888 euru
929 3849 990 3888 non
1000 3827 1113 3888 adiisse
1129 3861 1169 3874 -
1184 3849 1254 3888 nam
1264 3828 1346 3909 quod

206 3954 265 3992 uno
279 3933 346 3994 loco
363 3953 389 3994 c.
408 3939 439 3994 17
455 3931 583 3991 Aratum
600 3940 630 3990 et
641 3931 799 4011 Hyginum
817 3912 1100 3991 contendere'dicit
1120 3932 1216 3991 solem
1238 3951 1294 4011 per
1311 3951 1345 3990 se

205 4037 304 4115 ipsum
327 4038 442 4095 moveri
465 4055 526 4094 uon
548 4053 616 4092 cum
635 4033 745 4092 mundo
765 4035 842 4093 verti
862 4055 922 4094 uuo
945 4034 1012 4094 loco
1028 4044 1201 4094 manentem
1217 4053 1244 4092 e.
1261 4055 1291 4114 q.
1310 4054 1345 4106 s.,

207 4159 266 4198 non
287 4139 374 4199 Arati
393 4137 449 4196 sub
467 4137 588 4196 nomine
607 4135 795 4195 scholiastes
813 4136 978 4213 intellegit,
994 4146 1028 4195 ut
1041 4145 1129 4215 putat
1146 4135 1303 4196 Beckerus
1315 4157 1346 4215 p.

205 4241 270 4312 XI,
286 4240 341 4300 sed
354 4241 451 4320 ipsum
464 4241 591 4300 Aratum
601 4235 743 4297 Latinum
753 4237 801 4296 cui
811 4239 928 4317 Hygini
940 4240 1124 4298 astronomis
1135 4237 1280 4298 fabularis
1293 4237 1347 4297 ad·

206 4343 319 4422 scripta
337 4343 428 4402 fuerit
438 4375 480 4384 -—
490 4350 591 4400 tamen
606 4341 637 4399 in
649 4340 814 4418 originibus
829 4339 978 4412 Isidorus,
997 4359 1087 4419 quem
1102 4338 1210 4398 librum
1229 4348 1262 4398 ut
1276 4359 1346 4397 cen·

205 4443 392 4506 scribilluret
405 4444 535 4504 maxime
548 4451 706 4522 poetarum
724 4443 841 4504 scholia
858 4443 1025 4516 consuluit,
1044 4441 1109 4502 eius
1122 4449 1268 4522 excerpta
1282 4440 1347 4502 lere
