3072 5064
237 373 295 434 172
735 395 866 437 rasrvu

233 540 433 627 conpleatur.
466 540 527 606 boe
546 550 693 628 tempore
713 541 928 606 mittebantur
949 542 1072 606 circum
1094 542 1246 606 ciuitates
1267 540 1378 605 admo·

232 644 331 708 ulturi
355 651 470 708 utnon
490 641 593 708 solum
613 643 757 730 undique
772 643 829 707 sed
849 644 946 708 etiam
967 643 1008 708 ab
1025 644 1113 708 omni
1132 664 1253 728 genere
1275 644 1378 708 oroni-

231 765 296 831 que
319 753 425 808 aetate
447 754 480 810 et
500 767 581 809 sexu
598 748 839 810 conueniretur.
878 760 1040 808 nvsrnvu
1061 745 1275 831 quinquennii
1297 752 1377 808 tem·

233 869 294 934 pus
317 847 402 932 apud
427 847 609 929 Romanos,
630 847 754 912 dietum
769 854 876 910 autem
893 847 971 932 quia
986 867 1103 910 consus
1119 867 1176 932 per
1196 846 1376 932 quinquen-

232 949 321 1011 nium
344 949 377 1014 in
400 947 588 1035 republica
609 949 783 1034 agebatur,
813 947 933 1012 deinde
959 955 1033 1034 post
1053 955 1219 1033 peractum
1243 968 1399 1011 censums

233 1050 393 1116 sacrificio
415 1051 502 1116 facto
522 1051 600 1115 urbs
624 1049 729 1114 Ruina
751 1049 962 1116 lustrabatur.

234 1297 324 1342 etitem
345 1293 420 1342 cirea
440 1293 580 1343 meridiem
599 1294 722 1358 incipere
742 1308 794 1357 quo
813 1292 857 1342 die
877 1293 983 1358 signum
1003 1290 1099 1340 arietis
1122 1291 1164 1340 sol
1183 1289 1330 1339 intrauerit
1348 1293 1377 1339 et

234 1359 318 1412 fuisse
344 1361 402 1410 cius
427 1362 615 1411 conuersiouis
644 1377 744 1410 anunm
768 1360 901 1426 prodente
930 1375 960 1409 se
983 1360 1013 1408 P.
1038 1359 1147 1409 Licinio
1172 1358 1222 1408 Cn.
1247 1356 1376 1406 Cornelio

234 1429 392 1478 consulibus
415 1429 631 1478 ‹quentasirnum
651 1430 774 1493 quintum
793 1426 959 1478 decumum'
994 1427 1153 1476 Macrobius
1172 1441 1267 1475 comm.
1286 1425 1315 1473 II
1335 1423 1374 1486 11,

232 1497 340 1560 8sqq.:
363 1497 465 1546 ‘Annus
483 1511 549 1546 uero
568 1498 612 1561 qui
632 1496 784 1546 mundanus
802 1501 919 1546 uocatur
942 1496 987 1559 qui
1006 1509 1070 1543 uere
1093 1501 1205 1544 rrertens
1228 1497 1284 1551 est,
1310 1493 1377 1556 quia

233 1565 413 1614 conirersioue
432 1564 531 1630 plenae
550 1565 739 1614 uniuersitatis
759 1563 886 1624 allicitur,
906 1561 1071 1628 largissimis
1088 1562 1190 1612 seculis
1208 1559 1374 1625 explicatur:

233 1632 311 1682 cuius
329 1633 401 1681 ratio
420 1631 486 1681 talis
504 1637 554 1681 est.
592 1631 690 1682 stellae
710 1646 804 1682 omnes
823 1637 850 1680 et
873 1631 966 1680 sidera
989 1645 1060 1694 quae
1080 1629 1165 1678 Infixa
1184 1628 1262 1678 eaelo
1279 1627 1375 1678 uiden·

234 1705 284 1757 tur,
305 1714 416 1763 quorum
434 1699 571 1764 proprium
595 1705 695 1748 motum
718 1713 864 1764 numquam
886 1700 960 1750 uisus
984 1699 1117 1748 humanus
1141 1696 1243 1746 sentire
1267 1695 1311 1744 uel
1329 1694 1376 1744 de-

234 1766 404 1832 prehendere
424 1773 523 1831 potest,
543 1773 687 1816 mouentur
704 1773 797 1817 tamen
817 1773 846 1817 et
863 1771 975 1832 praeter
999 1764 1072 1815 caeli
1095 1763 1297 1814 uolubilitatem
1322 1777 1376 1828 qua

233 1849 342 1898 semper
359 1834 502 1884 trabuntur
521 1850 569 1884 suo
588 1851 695 1900 quoque
714 1850 830 1885 accessu
853 1839 908 1883 tam
928 1849 989 1884 sere
1007 1839 1199 1897 promoueutur
1222 1837 1253 1880 nt
1274 1829 1377 1880 nullius

232 1901 369 1952 hominum
388 1902 447 1952 nito
466 1909 522 1952 tsm
540 1901 624 1968 longa
642 1903 687 1962 sit,
708 1918 777 1967 quae
797 1903 992 1952 obseruatione
1006 1901 1136 1950 contiuua
1150 1900 1253 1949 laetam
1267 1897 1300 1948 de
1314 1898 1376 1948 Ioco

232 1970 472 2035 permutationem,
492 1971 520 2018 iu
539 1985 590 2034 quo
609 1985 657 2020 eas
670 1971 784 2036 primum
797 1971 915 2028 uiderat,
934 1967 1131 2034 deprehendat.
1166 1966 1297 2016 mundani
1310 1981 1376 2030 ergo

234 2039 300 2088 anni
317 2037 379 2086 linis
398 2043 449 2098 est,
469 2053 529 2086 eum
547 2037 646 2088 stellae
665 2053 760 2088 omues
778 2039 925 2102 omniaque
944 2037 1035 2086 sidera
1054 2025 1271 2100 quaerimusis
1290 2032 1377 2083 habet

198 2139 202 2146 -
233 2121 251 2154 a
269 2111 345 2154 certo
364 2105 425 2154 loeo
444 2105 479 2154 ad
498 2105 614 2156 eundem
631 2105 721 2156 Iocum
740 2107 781 2155 ita
799 2105 992 2164 remanseriut,
1012 2109 1042 2152 ut
1059 2119 1094 2152 ne
1107 2118 1162 2152 una
1181 2102 1290 2167 quidem
1303 2101 1376 2150 caeli

188 2162 198 2184 ¹
233 2171 363 2224 stellein
382 2173 438 2222 allo
462 2172 523 2223 loco
547 2174 584 2223 sit
602 2187 683 2238 quam
706 2175 735 2224 iu
760 2189 813 2238 quo
836 2174 902 2229 fuit,
927 2187 988 2222 eum
1006 2187 1100 2221 omnes
1119 2170 1193 2220 aliae
1212 2185 1246 2220 ex
1265 2185 1297 2219 eo
1315 2168 1376 2218 loeo

213 2236 325 2290 'motae
344 2247 406 2290 siunt
425 2241 459 2290 ad
479 2257 557 2307 quem
576 2255 706 2291 reuersae
725 2256 796 2291 auno
815 2255 864 2290 suo
883 2240 964 2290 linem
987 2239 1135 2290 dederunt:
1160 2239 1200 2287 ita
1223 2243 1253 2287 ut
1270 2235 1376 2286 Iumina

231 2323 348 2376 quoque¹
359 2323 419 2358 eum
439 2309 566 2359 erraticis
585 2310 703 2373 quinque
722 2310 751 2358 iu
770 2309 857 2358 isdem
875 2307 944 2357 locis
968 2313 997 2356 et
1013 2307 1138 2372 partibus
1156 2307 1213 2356 aint
1231 2307 1259 2354 in
1277 2305 1376 2370 quibus

233 2377 384 2441 incipiente
408 2377 543 2426 mundano
569 2392 640 2427 anno
663 2377 782 2426 fuerumt.
824 2377 875 2426 hoc
900 2381 991 2425 sutem
1014 2380 1044 2424 ut
1066 2374 1174 2439 physici
1196 2373 1293 2424 uolunt
1313 2377 1376 2436 post

233 2459 366 2495 annorum
385 2444 541 2508 quindecim
560 2444 647 2494 millia
662 2449 778 2510 peracta
788 2440 943 2508 contingit!
954 2469 987 2478 -
997 2442 1164 2494 Censorinus
1174 2440 1266 2490 XVIII
1284 2437 1300 2490 3
1319 2455 1374 2504 sq:

234 2511 346 2562 ‘Postea
364 2513 475 2576 cognito
494 2527 585 2562 errore
603 2511 654 2562 hoc
672 2519 780 2576 tempus
798 2511 975 2576 duplicarunt
994 2516 1021 2559 et
1040 2509 1220 2560 tetraeterida
1239 2509 1375 2558 feceruut.

233 2579 328 2630 sedet
347 2595 407 2630 eam
426 2580 498 2645 quod
516 2581 611 2644 quinto
631 2595 736 2644 quoquc
756 2595 828 2629 anuo
846 2577 955 2628 redibat
974 2576 1167 2642 pentasterida
1186 2575 1374 2626 nominabant

234 2647 279 2712 qui
298 2663 385 2697 anons
404 2661 519 2712 maguus
539 2663 571 2696 ex
591 2647 771 2712 quadriennio
795 2646 961 2697 commodior
973 2644 1048 2696 uisus
1067 2650 1109 2694 cst
1121 2659 1135 2686 ι
1155 2659 1168 2686 ι
1189 2644 1255 2694 solia
1274 2658 1375 2692 aunum

234 2720 361 2764 constare
382 2730 415 2763 er
434 2715 531 2764 diebus
555 2715 599 2764 CC
650 2715 698 2764 XV
723 2719 751 2764 et
776 2715 831 2764 diei
849 2721 928 2779 parte
948 2713 1059 2766 circiter
1077 2717 1183 2776 quarta,
1204 2726 1273 2776 quae
1292 2725 1375 2760 uuum

233 2781 261 2830 in
281 2781 487 2846 quadriennium
506 2783 577 2830 diem
631 2781 754 2832 eliceret.
792 2797 875 2846 quare
895 2795 966 2845 agon
986 2781 1058 2829 etin
1079 2779 1157 2829 Elide
1175 2779 1235 2829 Ioui
1248 2778 1375 2844 OlympIo

234 2855 262 2898 et
280 2849 383 2898 Romae
403 2848 559 2912 Capitolino
579 2849 672 2914 quinto
691 2865 796 2914 quoque
816 2865 887 2900 anno
901 2849 1031 2898 redeunte
1051 2845 1226 2898 celebratur)
1259 2845 1288 2895 12
1301 2861 1374 2912 sqq:

234 2915 296 2966 ‘Sed
315 2917 409 2966 borum
429 2917 546 2966 omnium
565 2917 771 2981 pentaeteridas
795 2917 911 2967 maxime
934 2915 1063 2966 notandis
1087 2913 1254 2980 temporibus
1273 2913 1376 2964 Graeci

233 2985 383 3034 obseruant
405 2983 432 3032 id
457 2987 500 3032 est
518 2989 679 3048 quaternum
699 2999 830 3034 annorum
849 2985 978 3034 circuitus
998 2999 1065 3048 quas
1082 2989 1185 3032 uocant
1203 2980 1375 3046 olympiadas

293 3048 366 3101 idern
391 3057 495 3115 tempus
521 3051 586 3100 anui
608 3053 702 3116 magni
725 3050 855 3102 Romanis
879 3052 931 3102 tuit
954 3051 1025 3116 quod
1048 3047 1160 3100 lustrum
1184 3047 1374 3116 adpellabant‚

188 3149 208 3171 .-
232 3119 273 3168 ita
296 3118 404 3182 quidem
427 3133 444 3168 a
468 3119 563 3168 Seruio
581 3117 672 3168 Tullio
691 3119 842 3170 institutum
861 3125 891 3168 ut
909 3119 1002 3184 quinto
1022 3134 1127 3183 quoque
1147 3133 1219 3168 suno
1239 3132 1323 3166 censu
1336 3117 1375 3166 ci·

232 3186 305 3236 nium
323 3185 420 3235 habito
438 3185 550 3236 lustrum
570 3186 741 3238 conderetur.
760 3188 808 3237 sed
826 3203 880 3237 non
898 3187 938 3236 ita
958 3203 974 3236 a
993 3187 1108 3252 posteris
1126 3191 1273 3236 seruatum.
1310 3201 1375 3234 nam

232 3267 295 3303 cum
312 3253 384 3303 inter
402 3254 516 3318 primum
535 3271 552 3304 a
570 3253 665 3304 Seruio
683 3271 748 3320 rege
767 3255 904 3304 conditum
923 3254 1035 3305 lustrum
1054 3259 1082 3303 et
1099 3253 1127 3304 id
1145 3253 1215 3319 quod
1235 3251 1270 3302 ab
1288 3253 1375 3317 impe·

247 3325 323 3372 atera
347 3321 520 3386 Vespasiano
544 3323 567 3370 V
590 3326 618 3371 et
641 3323 672 3372 Τ.
698 3323 818 3372 Caesare
843 3322 885 3372 III
909 3321 985 3372 Coss.
1011 3323 1114 3372 laetum
1138 3328 1179 3372 est
1202 3321 1268 3370 anni
1291 3319 1375 3370 iuter-

223 3337 334 3440 Iuerint
351 3387 433 3454 paulo
452 3390 540 3439 miuus
557 3389 641 3450 DCL,
660 3389 746 3441 lustra
764 3395 856 3440 tamen
874 3405 924 3455 per
942 3405 976 3438 ea
993 3397 1118 3454 tempora
1135 3404 1189 3438 non
1201 3387 1280 3454 plura
1293 3402 1375 3452 quam

232 3457 332 3506 LXXV
354 3461 418 3506 sunt
440 3458 517 3506 faeta
541 3463 568 3507 et
586 3463 683 3524 postea
700 3458 782 3523 plaue
804 3457 862 3507 lieri
881 3457 1028 3508 desierunt.
1065 3473 1156 3508 mrsus
1175 3461 1268 3506 tamen
1286 3470 1376 3506 annus

231 3523 302 3574 idem
322 3539 437 3588 magnus
456 3541 505 3589 per
523 3524 695 3590 Capitolinos
710 3541 815 3591 agonas
828 3529 942 3590 coeptus
955 3530 997 3576 cst
1009 3523 1168 3590 diligentius
1181 3522 1294 3575 seruari.
1309 3539 1373 3588 quo·

232 3607 289 3641 rum
308 3607 426 3656 agoninn
445 3593 546 3656 primus
565 3609 581 3642 a
600 3593 759 3643 Domitiano
777 3593 916 3642 institutus
941 3593 994 3642 fuit
1011 3593 1171 3642 dirodeeimo
1191 3592 1250 3640 eius
1268 3595 1296 3640 ct
1314 3589 1374 3640 Ser.

232 3659 353 3710 Cornelii
372 3659 536 3711 Dolabellae
556 3659 720 3710 consulatu!
744 3687 777 3696 -
802 3661 890 3710 Varro
908 3661 940 3710 L.
959 3661 990 3710 L.
1012 3660 1049 3709 VI
1071 3659 1111 3708 ll:
1133 3661 1269 3710 ‘Lustrum
1287 3659 1373 3708 norni-

232 3731 325 3776 ustum
345 3731 450 3792 tempus
469 3727 670 3792 quinquennale
691 3728 826 3788 eluendo,
846 3728 873 3776 id
886 3734 929 3778 est
941 3727 1086 3788 solneud03
1106 3727 1177 3792 quod
1196 3726 1289 3789 quinto
1308 3741 1374 3790 qno·

231 3809 283 3860 que
302 3809 375 3844 anno
393 3793 545 3860 uectigalis
564 3801 591 3844 et
608 3795 679 3845 ultro
698 3796 801 3845 tributa
819 3811 868 3860 per
886 3811 1015 3846 censores
1034 3795 1269 3860 persoluebautur.
1307 3793 1373 3844 See-

231 3861 284 3912 lum
304 3862 421 3926 spatium
441 3877 572 3912 annorum
592 3867 701 3912 eentum
719 3869 854 3912 uocarunt
871 3863 973 3912 dietum
988 3879 1083 3913 asena
1097 3863 1167 3928 quod
1187 3860 1373 3926 longissimum

230 3929 348 3994 spatium
366 3930 594 3980 senescendorum
613 3930 750 3980 bominum
768 3931 795 3979 id
809 3936 946 3994 putarant.
977 3931 1079 3980 Aeuom
1098 3932 1132 3980 ab
1147 3935 1239 3978 aetate
1253 3929 1374 3978 omniurn

235 4065 369 4073 --——-..-
389 4069 400 4073 -
414 4069 427 4073 -

1203 4091 1214 4116 (¹

319 4161 328 4212 l
349 4150 536 4228 compleatur
553 4153 577 4210 Β
592 4146 605 4232 ll
621 4171 657 4210 oc
676 4147 709 4208 ΒΙ
727 4146 740 4232 ΙΙ
756 4127 916 4210 mittebant
935 4151 989 4209 AB
1004 4145 1017 4230 {l
1033 4149 1202 4210 admonitor
1218 4153 1243 4206 B
1258 4143 1270 4228 Η
1288 4158 1304 4209 ἰ
1320 4151 1372 4230 no]

231 4227 283 4312 ΑΗ
299 4243 316 4298 3
337 4252 485 4294 nvsrnvn
503 4235 630 4294 lustrum
652 4240 678 4292 B
702 4231 714 4317 ll
735 4237 860 4295 lustrum
877 4245 925 4294 est
939 4241 963 4294 A
979 4235 992 4315 Η
1007 4236 1196 4316 quinquenni
1217 4230 1252 4291 B'
1269 4233 1283 4313 ll
1299 4243 1374 4294 tem·

231 4335 288 4396 pus
304 4327 352 4378 est
368 4323 394 4376 B
414 4314 427 4399 ll
448 4329 580 4380 sautem
598 4321 724 4380 lustrum
738 4317 776 4379 A²
797 4316 810 4402 ll
832 4322 924 4400 quiue
943 4318 980 4380 Β1
997 4319 1010 4403 ΙΙ
1026 4333 1042 4384 5
1064 4319 1216 4400 republica
1231 4317 1270 4378 B²
1286 4317 1299 4402 ΙΙ
1314 4329 1331 4383 6
1345 4317 1374 4380 dr

231 4401 379 4462 sacrificio
396 4405 424 4460 B
438 4399 451 4484 ss
467 4403 720 4464 inlustrabaturA
