3078 5072
627 400 669 440 DE
692 399 807 442 Possis

299 551 384 612 cum'
396 557 445 611 tot
466 548 628 610 sustineas
651 555 683 610 st
701 555 793 610 tanta
810 550 941 633 negotia
960 549 1064 632 solus,

299 671 351 712 res
377 649 474 718 Italas
500 648 600 712 armis
622 649 753 726 tuteris,
774 650 920 714 moribus
940 671 1054 734 ornes,

299 749 428 835 legibus
450 749 619 814 emendes:
639 751 673 814 in
692 749 825 834 publicu
843 751 1011 817 commoda
1028 773 1158 838 peccem
1164 749 1186 836 ,'

300 851 328 914 si
348 850 446 935 longo
467 869 615 914 sunnone
637 873 742 915 nrorer
765 861 821 915 tua
843 862 1005 938 tempora,
1026 851 1155 916 Caesar.

138 952 274 1016 aHabitu
310 953 455 1037 corporis
485 951 549 1016 fuit
577 951 687 1016 breuis
715 963 813 1038 atque
841 953 976 1035 obesus,
1008 953 1171 1040 qualiset
1197 977 1217 1017 a
1239 977 1287 1018 se-

155 1065 214 1118 met
242 1056 313 1139 ipso
344 1055 378 1116 in
405 1055 514 1117 satiris
543 1051 739 1118 describitur
764 1061 797 1116 et
818 1054 859 1118 ab
881 1054 1033 1138 Augusto
1054 1053 1116 1118 huc
1134 1055 1286 1142 epistola:

155 1153 300 1242 ‘pertulit
322 1153 365 1218 ad
386 1175 438 1216 me
464 1153 609 1240 Onysius
629 1152 776 1218 libellum
801 1164 905 1235 tuum,
936 1175 1033 1241 quem
1051 1178 1111 1240 ego
1134 1164 1169 1220 ut
1191 1179 1287 1221 excu-

155 1267 289 1338 santem,
311 1254 627 1343 quantuluscumque
650 1253 713 1336 est',
746 1255 822 1320 boni
850 1257 993 1320 consulo.
1043 1258 1150 1321 uereri
1176 1265 1286 1322 autem

153 1359 225 1421 mihi
247 1357 372 1422 uideris
394 1379 435 1420 ne
457 1358 597 1422 maiores
617 1355 719 1420 libelli
740 1358 789 1432 tui
813 1359 893 1439 sint,
918 1379 1015 1444 quam
1039 1359 1110 1443 ip'se
1139 1380 1190 1438 θὶς
1229 1359 1286 1423 sed

126 1459 210 1524 'tlibi
237 1467 363 1522 statura
393 1458 499 1540 deest,
534 1454 760 1543 corpusculum
792 1480 857 1522 non
890 1459 991 1522 deest.
1037 1460 1147 1545 itaque
1175 1460 1287 1524 licebit

152 1561 182 1623 in
205 1560 381 1623 sextariolo
410 1559 553 1639 scribas,
579 1579 642 1644 quo
664 1559 818 1623 circuitus
840 1558 1012 1624 uoluminis
1039 1561 1088 1624 tui
1114 1561 1157 1624 sit
1177 1553 1287 1642 ὀγκω-

152 1659 318 1742 ἀέστατος,
350 1661 434 1724 sicut
455 1667 505 1724 est
522 1656 695 1723 uentriculi
714 1660 783 1724 tui!
811 1660 927 1723 adres
953 1659 1108 1725 Venerius
1131 1663 1286 1748 intempe-

152 1765 269 1826 rantior
288 1761 439 1824 traditur.
470 1761 556 1848 [nam
573 1761 705 1850 specula
720 1762 754 1826 in
777 1761 925 1826 cubiculo
942 1771 1088 1826 scortuns
1105 1763 1149 1826 ita
1168 1763 1289 1827 dicitur

153 1863 301 1928 habuisse
317 1863 493 1948 dispositu,
512 1872 547 1926 ut
557 1884 760 1950 quocumque
772 1866 971 1950 respexisset
987 1862 1049 1927 sibi
1060 1867 1167 1950 imago
1182 1867 1286 1928 coitus

79 1963 83 1972 '
126 1966 349 2049 sessurum]
369 1966 454 2027 uixit
469 1964 644 2052 plurimum
663 1967 695 2027 in
716 1986 845 2028 secessu
861 1968 945 2030 ruris
964 1965 1013 2028 sui
1029 1964 1143 2029 Sabini
1161 1965 1286 2030 11111Τί-

156 2069 287 2150 burtini,
304 2067 483 2152 domusque
502 2067 572 2129 eius
590 2065 771 2130 ostenditur
787 2065 874 2129 circu
893 2066 1031 2130 'liburni
1047 2065 1201 2132 luculum.
1224 2093 1284 2134 aas

154 2176 309 2233 uenerunt
324 2170 358 2232 in
369 2189 484 2232 manus
495 2189 583 2231 meas
597 2178 628 2231 et
637 2167 721 2251 elegi
732 2167 793 2242 sub
807 2168 900 2231 titulo
913 2170 982 2232 eius
1001 2175 1032 2231 θὶ
1044 2168 1181 2256 epistola
1190 2191 1287 2255 prosa

155 2410 286 2474 ‘tugano
306 2407 413 2472 petenti
432 2408 485 2458 sibi
505 2407 609 2472 uliquid
627 2409 718 2472 operis
738 2407 860 2457 dedicari
879 2407 975 2457 scribit
987 2407 1133 2468 Horatius,
1153 2409 1214 2457 idun
1233 2409 1286 2459 lruc

154 2491 233 2541 nsque
252 2493 308 2526 non
326 2477 442 2538 secisse,
462 2491 494 2524 ne
515 2476 649 2525 iacturam
673 2475 859 2540 reipublicae
878 2476 997 2538 laceret,
1017 2475 1041 2524 si
1060 2474 1207 2525 Caesarem
1226 2493 1286 2526 sser-

154 2545 224 2594 sibus
242 2546 300 2594 suis
320 2561 337 2594 a
355 2559 383 2593 re
403 2543 512 2608 publica
531 2542 700 2594 reuocaret'

156 2697 351 2706 ——an

115 2849 120 2862 .
236 2814 245 2862 1
265 2799 396 2876 negocia
415 2800 437 2856 C
449 2793 494 2878 lli
515 2797 619 2858 tutelis
639 2801 713 2856 ACI)
727 2792 740 2878 Η
756 2807 773 2859 4
791 2817 877 2858 cesar
895 2801 923 2855 E
936 2793 948 2878 Η
965 2811 980 2860 5
995 2792 1043 2858 Ite
1063 2799 1209 2858 Horatius
1233 2799 1285 2858 ha·

154 2883 213 2944 liitu
235 2889 262 2943 Β
284 2887 440 2959 (Nunnius)
458 2877 471 2965 Η
485 2882 586 2941 breuis
603 2884 661 2941 fnit
680 2887 707 2941 Β
720 2881 734 2966 Η
751 2883 849 2941 brcnit
869 2885 991 2951 i'(‹·orr.
1008 2905 1042 2940 m.
1061 2887 1097 2958 1.)
1115 2879 1128 2966 Η
1143 2893 1159 2946 6
1175 2885 1287 2963 satyris

152 2975 215 3027 libri
226 2971 239 3048 Η
256 2976 272 3030 'l
291 2968 425 3049 Onysius
439 2971 519 3026 ΑΒΒ
537 2967 650 3026 onisius
672 2973 700 3026 Ε
713 2968 826 3026 anisius
845 2972 887 3026 aul
899 2967 1000 3026 misius
1011 2969 1033 3026 C
1044 2969 1211 3047 Dionysius
1221 2972 1287 3028 Mil·

152 3067 227 3114 retus
244 3055 407 3112 Onesimus
421 3056 557 3111 Gliiserus
571 3051 633 3134 Ηπιὶ
652 3063 847 3112 excusantem
858 3058 976 3127 scripsi:
998 3063 1031 3112 ut
1043 3064 1237 3114 accusantem
1254 3059 1287 3112 li-

151 3146 195 3198 tri
207 3148 240 3197 ut
257 3159 317 3196 non
341 3136 393 3216 (ue
414 3141 579 3212 Lambinus)
602 3157 743 3198 accusem
758 3137 937 3198 breuitatem
952 3140 1082 3196 Nunnius
1095 3157 1133 3197 ne
1146 3157 1287 3198 accusem

152 3238 180 3285 tc
195 3227 380 3282 Carantonus
393 3231 425 3282 ut
438 3242 578 3281 accusem
591 3234 621 3281 te
635 3225 782 3281 Bentleius
792 3231 826 3282 ut
836 3243 854 3281 a
864 3231 1005 3282 causante
1019 3225 1140 3280 Batinus
1154 3219 1169 3304 Η
1182 3233 1200 3286 8
1217 3242 1287 3282 con-

151 3311 261 3386 silioI)
280 3311 369 3372 (corr.
390 3329 425 3365 m.
447 3315 474 3382 2)
492 3301 722 3390 ll9sedsi'Bl}
747 3319 778 3368 111
805 3307 891 3366 deest
979 3308 1062 3392 sindo
1089 3317 1134 3365 cst
1157 3311 1288 3366 Nunnius

160 3393 163 3457 l
179 3389 365 3473 nequens]
386 3397 478 3451 lucram
493 3397 654 3451 inlustrant
678 3395 708 3450 0.
732 3395 851 3450 Iahnius
867 3395 999 3450 Bericlnc
1015 3397 1043 3449 d.
1059 3395 1154 3450 siens.
1174 3395 1236 3450 Ges.
1260 3397 1287 3450 d.

158 3468 198 3538 W.
222 3477 315 3538 VIIII
327 3483 402 3535 1⁸57
413 3498 441 3552 p.
460 3472 544 3559 21)(1Η
562 3489 588 3540 11
609 3499 667 3557 quo
684 3478 857 3536 Salmasius:
870 3497 937 3536 cum
949 3479 1077 3536 ΑΒΟΒΕ
1089 3485 1120 3534 ut
1136 3474 1179 3559 ςΗ
1195 3466 1286 3553 ὀγκω-

152 3563 284 3632 dicturos
295 3567 403 3621 eistensi.
415 3565 563 3620 Nunnius:
576 3584 776 3626 orarusuurrroc
794 3568 818 3619 A
830 3583 1031 3620 ornmnucrsrac
1043 3563 1070 3618 I)
1084 3581 1287 3620 uruwuncrarou

153 3653 394 3706 Cnnrunncruroc
412 3651 661 3705 &annunciamus
683 3651 814 3707 Nunnius
836 3641 1046 3722 oinmluiururog
1067 3650 1199 3706 Muretus
1220 3641 1234 3730 Η
1257 3656 1288 3708 ta

151 3736 282 3796 uenirias
299 3735 351 3790 ΑΒ
367 3753 515 3794 uenereas
534 3737 588 3792 ΒΕ
600 3733 741 3794 uenerias
761 3727 808 3813 ΒΗ
824 3733 1062 3812 intenperantior
1082 3735 1104 3790 0
1133 3729 1146 3813 Η
1167 3742 1201 3794 13
1217 3753 1286 3790 narn

152 3817 307 3900 speculato
326 3849 361 3861 -
382 3819 547 3879 referretur
564 3825 742 3878 secluserunt
762 3821 980 3892 Oudendorpius
995 3821 1123 3880 Rutilius.
1138 3820 1223 3874 simul
1239 3835 1287 3874 su-

149 3912 265 3980 periora
282 3903 321 3961 ad
334 3937 378 3946 —
392 3904 519 3970 truditur·
536 3909 687 3964 omittendo
709 3914 882 3962 ccrrsuerunt
900 3905 1041 3964 dacerius
1059 3906 1206 3960 Bernln'us
1221 3903 1296 3958 Les-'

150 3996 256 4066 sincium
278 3991 289 4068 Η
310 3987 437 4068 specula
455 3991 486 4049 in
507 3991 739 4061 Oudendorpius,
760 3991 940 4062 Lessinyius:
970 3989 1125 4068 speculato
1145 3990 1212 4044 tiara·
1234 3989 1292 4043 nisi

151 4082 225 4150 quod
237 4083 266 4134 in
283 4078 430 4134 Clittaruu
448 4075 517 4134 cula
527 4079 597 4150 folio
618 4080 744 4134 lacerato
759 4077 912 4146 perierunt
929 4075 1055 4151 specula
1073 4081 1135 4131 ὶοὶο
1152 4075 1290 4132 ἀὶᾶθεναε
1391 4075 1399 4084 “

151 4159 310 4242 lucanum
327 4161 371 4218 itu
389 4163 568 4234 Lassinuius:
587 4169 688 4219 scorta
702 4161 770 4216 libri
782 4162 838 4216 nisi
853 4163 930 4233 quod
945 4163 1011 4217 inA
1030 4153 1133 4218 souitu
1143 4162 1289 4230 reperitur

151 4256 285 4305 coartans
299 4248 519 4318 Oudendorpius
535 4241 547 4327 Η
564 4242 705 4316 habuisse
723 4237 768 4322 ΒΗ
795 4253 826 4304 rt
838 4243 894 4302 sibi
909 4245 1142 4315 Oudendorpius:
1156 4241 1198 4300 ibi
1214 4241 1242 4299 ei
1256 4245 1288 4298 N·

151 4335 194 4390 ὑπ’
206 4325 219 4411 Η
237 4340 269 4393 16
281 4329 465 4409 domusque·
483 4329 644 4389 tenebatur
659 4349 712 4388 aas.
735 4348 752 4397 ς
766 4325 770 4408 Η
795 4330 860 4386 eius
880 4347 932 4386 am.
950 4329 1053 4386 ΑΟΒΕ
1065 4321 1080 4407 Η
1094 4325 1206 4385 tirbuni
1218 4327 1241 4382 C
1253 4327 1289 4383 ti·

151 4414 259 4475 burtini
275 4417 304 4474 Ε
317 4409 330 4496 Η
346 4413 477 4474 loculum
492 4419 521 4472 E
535 4409 548 4496 Η
566 4423 595 4477 17
613 4425 679 4472 unte
694 4421 843 4474 uenerunt
857 4417 990 4472 lucretium
1007 4417 1107 4471 statarii
1121 4415 1152 4472 0.
1169 4413 1290 4470 lontrina
