3072 5064
523 433 565 476 nn
589 429 729 474 ιιιυνειε
753 431 861 474 nnnvn
1202 419 1265 481 209

29 601 34 610 ·
123 577 241 644 babere
263 577 419 666 globique
443 581 513 644 eius
535 601 635 644 unum
655 589 779 666 partem
796 601 868 644 ecee
882 579 1046 644 lucifluam
1069 579 1164 646 aliam
1186 603 1265 664 uqro

122 680 291 744 obscurum
314 690 348 745 et
370 678 529 767 paulatim
552 703 588 745 ee
615 681 773 746 uortendo
802 681 951 745 diuersas
973 680 1095 746 formae
1123 683 1265 752 efficere.

122 885 163 936 dio
186 886 352 936 tricensimo
371 886 470 936 exilem
490 885 562 950 lieri,
590 893 618 936 et
636 889 659 936 si
679 903 727 937 suo
746 887 848 938 lumino
867 892 998 950 uteretur,
1018 887 1099 938 huius
1118 903 1264 953 numquam

122 953 233 1019 eclipsin
251 953 351 1004 lieret)
388 955 557 1019 Augustinus
577 971 667 1004 enarr.
687 957 716 1006 in
733 957 831 1021 penlm.
850 955 875 1006 X
893 955 923 1006 3:
953 957 1046 1008 ‘Duae
1065 961 1128 1006 sunt
1146 955 1180 1006 dc
1199 957 1264 1006 luno

122 1023 265 1086 opiniones
284 1021 455 1088 probabiles.
490 1021 586 1072 burum
605 1029 697 1072 nutem
717 1039 787 1088 quae
806 1039 873 1073 uere
891 1025 936 1084 sit,
956 1029 1004 1072 urit
1021 1039 1076 1073 non
1094 1023 1203 1074 omuino
1216 1031 1265 1074 aut

123 1089 287 1140 difficillime
311 1090 432 1140 arbitror
454 1105 534 1156 posse
558 1090 696 1140 bominem
720 1093 801 1141 scire.
847 1105 907 1140 cum
932 1093 1004 1140 enim
1028 1093 1169 1156 quaeritur
1191 1092 1263 1142 unde

122 1157 209 1206 lumen
227 1157 349 1220 hubent,
370 1158 419 1208 ulii
438 1157 533 1208 cllount
551 1173 628 1208 sunm
648 1159 766 1220 habere,
787 1159 836 1210 sod
857 1159 967 1224 globum
986 1159 1045 1210 cius
1062 1159 1205 1210 dimidium
1223 1159 1264 1209 lu·

123 1241 181 1274 cero
201 1225 348 1275 dimidium
368 1231 461 1275 nrrtcm
485 1227 630 1276 obscurum
657 1241 731 1287 esse,
756 1227 819 1276 dum
843 1232 934 1276 alitem
959 1231 1084 1276 mouetur
1109 1228 1137 1276 in
1160 1227 1270 1282 circulo¹

121 1307 174 1354 cuo,
196 1293 315 1342 eandem
333 1299 440 1359 partem
453 1309 507 1358 qun
525 1293 601 1344 lucet
619 1293 754 1358 paulatim
769 1295 804 1344 ad
823 1299 911 1344 terrae
930 1297 1064 1357 conuerti,
1088 1299 1119 1344 ut
1138 1295 1227 1344 uideri
1246 1311 1263 1344 ο

121 1361 197 1412 nobis
216 1363 307 1426 possit
325 1367 354 1410 et
373 1361 435 1411 ideo
454 1363 529 1426 prius
548 1363 628 1426 quusi
647 1361 849 1412 corniculatam
868 1377 1012 1427 apparere.
1049 1373 1112 1412 num
1132 1367 1160 1412 et
1178 1365 1201 1412 οἱ
1221 1363 1262 1412 la·

122 1429 178 1476 cius
196 1429 284 1493 pilam
303 1445 336 1478 ex
356 1429 470 1478 dimidiu
489 1435 568 1496 purte
587 1430 733 1480 candidum
758 1435 786 1479 et
805 1447 837 1479 ex
856 1430 971 1480 dimidiu
984 1431 1138 1491 obscurum,
1158 1431 1182 1479 si
1201 1446 1261 1480 eam

121 1503 223 1560 purtem
248 1512 320 1560 queo
344 1497 461 1546 obscuro
485 1503 528 1547 est
550 1501 615 1546 unte
639 1497 732 1547 oculos
751 1497 869 1558 babens,
894 1497 962 1546 nihil
987 1497 1115 1548 candoris
1137 1497 1216 1547 uides
1236 1503 1263 1547 et

122 1579 178 1612 cum
203 1567 333 1629 coeperis
358 1563 435 1616 illum
454 1565 601 1615 condidam
624 1571 731 1630 purtem
750 1565 785 1616 ud
804 1565 898 1616 oculos
917 1571 1094 1628 conuertere,
1119 1566 1143 1614 ci
1165 1565 1261 1630 paulu·

122 1633 166 1680 tim
185 1632 287 1694 lucius,
308 1633 395 1697 primo
414 1648 517 1682 cornuu
537 1633 663 1683 candoris
682 1633 798 1694 uidebis,
818 1633 917 1684 deinde
936 1633 1070 1698 paulatim
1084 1635 1194 1695 crescit,
1215 1633 1261 1682 do-

122 1713 170 1748 nec
188 1705 250 1749 tote
269 1715 334 1764 pure
353 1699 475 1750 candens
493 1706 648 1766 opponatur
665 1700 761 1762 oculis,
781 1706 810 1750 et
827 1701 896 1751 nibil
914 1701 1048 1753 obscurae
1067 1699 1182 1752 ulterius
1200 1716 1262 1766 por·

122 1767 155 1816 tis
177 1767 321 1818 uidentur:
349 1768 420 1832 quod
443 1769 467 1818 si
490 1784 654 1834 perseuereo
682 1766 770 1818 u'dbuc
798 1768 934 1833 paulatim
958 1773 1132 1830 conuertere,
1162 1769 1263 1833 incipit

121 1835 277 1885 obscuritas
300 1851 436 1901 apparere
460 1840 488 1885 et
513 1837 616 1886 candor
635 1836 732 1899 minui,
761 1837 848 1886 donec
872 1837 972 1886 iterum
991 1836 1027 1886 ad
1045 1851 1148 1887 cornua
1166 1837 1263 1886 redcat

122 1907 147 1950 et
164 1907 304 1968 ροελτοοιο
322 1908 397 1952 totus
416 1904 452 1953 ub
469 1903 557 1954 oculis
576 1909 732 1965 auertutur,
752 1919 785 1954 uc
804 1919 897 1954 rursus
916 1905 1033 1955 obscura
1050 1904 1100 1954 illu
1119 1907 1182 1970 puro
1201 1903 1261 1954 solu

122 1972 205 2034 possit
223 1971 330 2021 uideri:
349 1971 420 2036 quod
438 1971 498 2022 ficri
516 1971 625 2034 dicunt,
651 1986 711 2022 curn
734 1972 826 2022 lumen
843 1971 926 2022 lunae
944 1973 1054 2022 uidetur
1073 1987 1198 2022 crescere
1217 1987 1260 2021 us·

121 2053 169 2102 quc
193 2039 230 2088 ed
254 2039 379 2103 quintum
397 2039 532 2089 decimum
555 2039 646 2089 lunum
667 2044 695 2088 et
717 2054 809 2090 rursus
829 2055 915 2105 linquo
935 2040 970 2089 nd
987 2041 1157 2090 tricesimum
1175 2039 1262 2088 minui

121 2111 148 2154 et
163 2107 255 2156 redire
276 2107 310 2156 ud
328 2121 440 2169 cornua,
459 2107 547 2158 donec
565 2109 677 2171 ponitus
696 2107 763 2156 nihil
781 2109 811 2156 in
830 2123 864 2157 eu
882 2108 952 2157 lucin
966 2113 1101 2172 apparent
1103 2141 1258 2156 ........

121 2173 168 2223 olii
187 2181 283 2226 nutem
301 2175 397 2224 dicunt
415 2191 469 2224 nou
488 2175 590 2225 linborn
614 2175 706 2224 lunum
724 2174 815 2224 lumen
839 2177 976 2240 proprium
1000 2175 1048 2224 sod
1072 2191 1089 2222 ο
1107 2173 1165 2224 εο1ο
1184 2174 1260 2224 illue-

121 2243 199 2302 λειτῇ
224 2241 275 2292 σεδ
299 2243 409 2307 qnnmlo
433 2258 493 2292 curn
518 2241 565 2292 illo
585 2247 639 2302 cot,
665 2259 726 2292 eum
748 2249 856 2308 purtem
879 2243 914 2292 nd
936 2259 986 2292 nos
1009 2242 1112 2291 habere
1135 2257 1188 2307 qun
1205 2257 1260 2292 nou

121 2309 283 2372 illustratur,
298 2317 327 2360 et
343 2310 405 2360 ideo
418 2310 486 2360 nihil
500 2311 528 2359 in
541 2327 576 2359 on
588 2311 659 2359 lucis
672 2311 768 2372 uideri3
786 2325 847 2360 cnm
860 2316 952 2359 eutem
965 2310 1062 2373 incipit
1074 2310 1108 2358 ab
1122 2309 1170 2358 illo
1184 2325 1259 2359 recc-

120 2376 190 2440 dere,
201 2377 338 2427 illustrari
349 2377 384 2426 ab
398 2393 431 2428 ec
441 2379 525 2428 etiam
534 2384 614 2443 parto
625 2393 705 2442 quum
716 2377 801 2427 lrnbet
812 2378 846 2428 nd
860 2383 961 2427 terrum
977 2383 1005 2426 ct
1017 2379 1177 2427 necessario
1190 2377 1259 2425 inci·

120 2461 182 2508 perc
193 2461 211 2496 ε
222 2445 362 2506 comibus,
373 2445 460 2496 ‹lonco
470 2446 520 2495 lint
531 2447 627 2510 quintu
636 2445 745 2495 decimu
755 2453 852 2494 contro
865 2445 959 2494 solem.
984 2451 1049 2494 tunc
1061 2445 1133 2494 enim
1143 2444 1201 2495 sole
1214 2460 1260 2493 oo-

120 2513 227 2563 cidcnte
238 2513 327 2563 oritur
335 2520 366 2562 nt
375 2514 499 2578 quinquin
511 2513 684 2563 occidentem
694 2514 779 2564 solem
792 2513 992 2574 olrscrnuucrit,
1013 2527 1074 2562 cum
1087 2528 1148 2561 eum
1162 2527 1259 2576 coepe-

120 2582 154 2630 rit
166 2597 220 2632 uon
232 2581 331 2630 uidere
341 2597 490 2631 conuersus
502 2581 536 2630 ad
548 2582 681 2631 orientem
692 2582 784 2632 lernam
798 2596 910 2646 surgere
922 2581 1027 2629 uideat.
1047 2586 1131 2644 atque
1149 2579 1212 2629 iude
1226 2595 1260 2628 ex

120 2649 175 2698 ulie
196 2655 278 2714 parte
303 2665 364 2699 cum
388 2650 414 2698 ei
438 2650 562 2715 coeperit
578 2650 777 2714 propinquare,
802 2648 878 2698 illum
896 2654 1003 2714 partem
1023 2647 1057 2697 nd
1078 2663 1127 2696 noo
1146 2661 1260 2697 conuer-

119 2725 176 2766 tere
194 2733 251 2782 qun
274 2731 329 2766 non
353 2715 520 2778 illustratur,
545 2716 632 2766 donec
656 2717 691 2766 ad
715 2731 818 2766 cornua
840 2717 939 2766 redunt
956 2721 1039 2782 utque
1062 2714 1126 2764 inde
1150 2715 1259 2765 omniuo

119 2799 171 2834 non
189 2788 342 2850 appaream
371 2785 436 2848 qnia
454 2791 520 2834 tuuc
538 2799 602 2849 pern
621 2782 670 2834 illu
688 2800 758 2849 quae
776 2783 943 2847 illustratur,
963 2798 1069 2834 sursnm
1088 2787 1131 2832 eet
1143 2783 1177 2832 ad
1197 2798 1259 2832 cuc-

120 2853 180 2914 lum,
201 2853 350 2902 udtcrrnm
362 2857 453 2902 nutem
466 2851 516 2902 illn
534 2867 615 2916 quum
633 2851 742 2902 radiare
760 2852 801 2902 eol
819 2867 872 2902 non
889 2850 998 2918 potest*
1034 2852 1160 2916 Hyginus
1178 2853 1209 2900 P.
1226 2851 1258 2900 A.

118 2920 173 2970 llll
194 2919 238 2971 ll:
277 2919 318 2970 ‘si
338 2921 410 2970 onim
438 2935 486 2970 suo
505 2919 606 2970 lumine
624 2925 762 2983 uteretur,
786 2919 854 2970 illud
877 2935 983 2986 qnoque
1007 2919 1175 2984 sequebatur
1198 2934 1259 2968 eum

118 3003 226 3054 semper
257 2988 403 3054 aequalem
436 3003 496 3038 cose
524 2993 651 3053 oportere
679 3003 731 3037 uec
754 2988 798 3037 dic
827 2989 968 3038 tricesimo
997 2991 1053 3036 tam
1082 2986 1182 3036 exilem
1211 2991 1259 3036 eut

118 3057 228 3106 omuino
255 3055 361 3105 nullum
388 3053 495 3104 uideri)
520 3082 551 3091 -
575 3054 740 3105 Plutarchus
763 3056 793 3105 P.
817 3059 847 3106 I‘.
873 3055 901 3104 lI
927 3055 973 3104 28:
1009 3049 1082 3118 Περί
1108 3053 1259 3119 φωτισμῶν

119 3117 249 3190 σελήνης.
292 3116 524 3188 Ἀναξίμανδρος,
550 3119 627 3174 ίδιον
645 3112 737 3187 αὕτὴν
761 3117 837 3202 ἔχειν
852 3122 927 3187 φῶς,
951 3112 1120 3186 οἶραιότερον
1139 3115 1172 3172 δέ
1190 3137 1258 3182 πως.

116 3180 263 3256 Ἀντιφῶν,
291 3185 357 3256 ίδίῳ
381 3185 479 3255 φέγγει
504 3185 627 3254 λα’μπειν
650 3183 703 3268 τὴν
725 3190 861 3256 σεληνην,
890 3183 922 3240 τὸ
947 3183 978 3240 δ’
1001 3181 1258 3256 ἀποκρυπτόμενον

118 3255 182 3323 περλ
200 3250 296 3323 αὐτὴν
313 3249 370 3308 ὑπὸ
387 3259 438 3323 τὴς
456 3257 614 3324 προσβολῆς
632 3273 683 3308 του
701 3248 786 3323 ἡλίου
798 3249 1013 3334 ιῖμαυροιξμδαι,
1031 3250 1194 3321 πεφυκότος
1206 3256 1258 3306 τοῦ

117 3321 304 3392 ἰσχυροτέρου
326 3319 416 3388 πυρὸς
442 3319 474 3375 τὸ
502 3316 711 3388 ιῖσθενὲοτερον
734 3317 894 3392 οἶμαυρούν·
919 3341 933 3375 ο
957 3318 993 3390 δὴ
1017 3322 1187 3390 συμβαίνειν
1208 3323 1258 3374 καί

117 3397 183 3458 περὶ
201 3389 236 3444 τιν’
255 3384 329 3444 ἄλλα
346 3385 444 3456 ἄστρα.
466 3391 562 3459 Θαλῆς
580 3390 630 3443 καὶ
648 3387 679 3444 οἴ
694 3383 744 3444 o’rr'
761 3384 859 3456 αὐτοῦ,
879 3385 935 3444 ὑπὸ
954 3391 1006 3442 τοῦ
1023 3383 1106 3457 ἡλίου
1126 3390 1258 3456 φωτίζεσ-

117 3461 170 3512 θαι
189 3457 245 3530 τὴν
262 3455 394 3527 οελὴνην.
428 3452 620 3525 Ἡράκλειτος,
640 3455 671 3511 τὸ
690 3451 760 3512 uiri
778 3455 958 3512 πεπονθέναι
977 3453 1027 3518 τὸν
1043 3447 1127 3524 ἥλιον
1139 3455 1188 3508 καὶ
1205 3452 1259 3524 τὴν

116 3523 183 3596 σελὴ
271 3528 456 3593 σκαφοειδεῖς
474 3521 529 3610 peip
555 3519 640 3587 ὄντας
664 3531 723 3588 τοῖς
746 3522 868 3595 σχήμασι
891 3521 958 3594 τοὺς
980 3517 1116 3590 ιῖστέρας,
1141 3521 1257 3591 δεχομέ-

118 3543 309 3656 τουςᾟτοὶς
326 3588 385 3646 cinti
403 3595 453 3663 τῆς
472 3595 561 3661 epotis·
578 3587 801 3662 α’ναθυμιοὶσεως
819 3586 910 3661 αὐγὰς
928 3593 1104 3660 φωτίζεσθαι
1122 3587 1193 3674 τρρός
1205 3587 1258 3660 τὴν

117 3665 295 3728 φαντασίαν·
314 3657 510 3730 λαμπρότερον
526 3657 580 3730 μὲν
597 3657 647 3715 τὸν
664 3661 760 3732 ἥλιον,
788 3656 819 3715 ἐν
836 3657 1029 3726 καθαρωτέρῳ
1047 3655 1102 3725 γὰρ
1120 3675 1183 3722 αερι
1207 3655 1257 3724 φί-

116 3733 233 3796 ρεσδαι·
257 3725 313 3798 τὴν
335 3725 368 3782 δὲ
391 3725 515 3798 σελήνην
539 3724 569 3783 ἐν
592 3727 790 3797 δολεροτέρῳ,
815 3725 864 3782 διὰ
888 3730 971 3781 τοῦτο
989 3725 1039 3779 καλ
1057 3719 1257 3792 οἷμαυροτίραν

160 3800 291 3854 [venlint.
327 3799 372 3850 25:
402 3797 475 3864 Περὶ
504 3789 603 3858 οδσιοὶς
631 3793 759 3878 σελὴνης.
800 3790 1032 3876 ᾎναξίμανδρος,
1057 3788 1162 3846 κύκλον
1181 3790 1257 3874 είνμι

130 3866 472 3920 τντοικαιδεκυπλαοίονα
495 3867 545 3936 τῆς
568 3867 634 3933 χὴς,
662 3881 755 3932 ωσπερ
783 3882 833 3917 τον
860 3864 911 3916 τοῦ
934 3857 1018 3930 ἡλίου
1040 3856 1134 3929 πλήρη
1157 3877 1256 3927 πυρος·

116 3927 263 3988 ίιιλείιτειν
281 3929 314 3986 δὲ
332 3928 405 3985 κατὰ
424 3928 475 3993 τοὶς
494 3927 667 4000 ἐπιστροφὰς
685 3933 736 3985 τοῦ
753 3933 865 4000 τροχοῦ·
884 3923 986 4000 ὅμοιον
1004 3923 1058 4008 χεὶρ
1077 3925 1153 3980 εἶναι
1166 3922 1257 3996 ἁρμα-

115 4005 181 4068 τείῳ
205 4001 300 4068 τροχρῖ
321 4001 423 4067 κοίλην
447 3997 539 4069 ἔχοντι
563 3995 616 4069 τὴν
638 3993 735 4066 ἁψῖδα
758 3998 808 4052 καί
831 3994 924 4068 πλὴρη
948 4015 1050 4062 παρος,
1076 3992 1169 4062 ἔχοντι
1187 3997 1258 4064 μίαν

115 4063 254 4138 ίιινοὴν.
290 4067 366 4126 ,libro
392 4062 475 4137 οἱντχς,
494 4065 582 4152 νέφος
601 4064 677 4121 εἷναι
695 4063 897 4136 πεπιλημένον.
935 4061 974 4118 Οἱ
991 4063 1127 4129 Στωικοί,
1154 4059 1259 4132 μικτὴν

115 4133 145 4192 ἐκ
164 4133 259 4204 πυρός
276 4135 327 4190 καί
344 4085 439 4202 cizico
475 4137 604 4200 Πλατων,
625 4130 656 4189 ἐκ
674 4131 806 4196 πλειὸνος
829 4135 880 4188 τοῦ
902 4128 1035 4202 γεώδους.
1071 4123 1258 4214 ᾈναξαρὸρας

114 4202 307 4274 Δημόκριτος,
325 4201 468 4272 στερέωμα
480 4199 641 4292 διάπυρον,
662 4200 727 4272 ἔχον
746 4197 777 4256 ἐν
796 4195 888 4269 ἑαυτῷ
906 4201 994 4254 πεδία
1012 4197 1061 4251 καί
1074 4216 1127 4266 ορη
1140 4198 1189 4252 καὶ
1202 4218 1257 4266 φα-

114 4351 140 4506 g
160 4448 181 4503 ἡ
205 4373 216 4424 l
234 4359 349 4420 babere
366 4363 510 4436 Surinpor
523 4363 563 4435 εί.
576 4363 706 4436 Breysiy.
720 4363 819 4418 Pbilol.
833 4360 915 4417 XIII
923 4377 956 4431 p.
971 4362 1041 4416 667.-
1068 4375 1126 4416 non
1145 4355 1260 4416 habero

142 4469 160 4506 υ
184 4451 213 4503 le

147 4559 275 4598 ετιιτοιιι
295 4561 357 4596 nur..
1016 4543 1050 4602 ll
