3072 5064
525 411 566 456 nn
589 409 728 456 unsvers
751 409 859 456 nanus
1196 389 1259 460 tet

122 581 222 647 neque
244 559 391 625 inuidiae
419 573 474 627 aut
500 563 638 626 iniuriae
666 561 803 626 alicuius
832 571 958 648 poterat
979 561 1162 627 obiectione
1183 583 1257 626 eua-

123 683 232 743 cuare,
263 665 386 728 crimen
415 661 537 728 diutius
556 651 706 750 nequiuit
729 662 891 729 refellere.
938 666 1048 750 itaque
1074 663 1161 750 quod
1187 673 1257 726 erat

124 762 306 846 difficilius,
327 763 483 830 ultionem
506 775 696 854 persecutus
718 775 776 848 est,
801 767 879 849 quia
899 765 1122 830 defensionem
1144 787 1253 851 praes-

123 875 188 932 tare
208 887 276 932 non
294 868 411 953 potuit.

105 1091 116 1130 s
205 1067 308 1134 Canis
330 1070 516 1158 Aegyptius
539 1069 654 1136 lambit
676 1080 708 1135 et
729 1071 824 1157 fugit.
1269 1059 1338 1132 l63

203 1290 365 1338 ussurus
389 1274 542 1360 galbeoli.
589 1273 656 1340 hae·
682 1277 847 1359 genitores
880 1297 956 1339 suos
984 1275 1163 1340 recondunt
1191 1277 1255 1339 iam
1274 1265 1339 1338 {64

124 1449 192 1496 mino
211 1448 371 1512 accepimus
390 1449 599 1513 confectumque
618 1447 709 1512 plagis
728 1463 745 1496 a
761 1463 873 1514 corpore
892 1463 946 1498 non
965 1450 1113 1500 recessisse
1131 1448 1258 1500 uolucres

125 1517 241 1565 etseras
265 1515 433 1580 abigentem.
471 1517 506 1565 ab
531 1516 586 1566 allo
604 1517 633 1564 in
651 1515 735 1580 Epiro
754 1517 878 1581 agnitum
902 1519 930 1566 iu
955 1523 1092 1568 conuentu
1115 1531 1257 1582 percusso·

125 1599 175 1632 rem
193 1584 299 1633 domini
321 1583 481 1648 laniatuque
506 1589 534 1632 et
556 1583 659 1634 latratu
678 1591 805 1633 coactum
823 1586 906 1634 fateri
924 1583 1035 1636 scelus.‘
1061 1602 1084 1635 e.
1104 1603 1129 1652 q.
1149 1602 1170 1636 s.
1206 1587 1256 1635 Isi·

125 1651 198 1701 dorus
223 1653 310 1718 origg.
330 1653 384 1702 XII
401 1652 430 1714 ⁶2,
456 1652 489 1700 25
507 1667 561 1716 sq.:
585 1651 680 1702 ‘Canis
704 1669 802 1702 nomen
821 1655 949 1702 Latiuum
968 1653 1104 1704 Graecum
1127 1653 1258 1718 etymolo-

126 1721 192 1783 giam
211 1719 322 1769 uidetur
339 1719 451 1769 babere.
488 1719 595 1769 Graece
620 1721 692 1770 enim
710 1714 787 1770 κύων
809 1723 921 1784 dicitur,
949 1721 1016 1772 licet
1035 1723 1143 1786 quidum
1162 1738 1223 1771 eum
1242 1737 1259 1772 a

127 1803 220 1837 canore
239 1787 359 1838 latratus
379 1787 547 1854 appellatum
566 1789 732 1849 existiment,
754 1805 785 1838 eo
799 1790 869 1854 quod
882 1791 1005 1840 insonet:
1024 1791 1094 1840 unde
1107 1795 1135 1838 et
1147 1807 1257 1840 canere.

127 1855 187 1906 nihil
207 1861 301 1904 antem
320 1857 451 1921 sagacius
470 1857 594 1905 canibus.
630 1856 691 1920 plus
710 1859 782 1906 cutm
801 1873 897 1907 sensus
917 1859 1017 1907 ceteris
1031 1857 1196 1907 animalibus
1210 1858 1257 1908 ha·

127 1923 191 1973 bcut
235 1939 353 1989 namque
377 1925 429 1974 soli
452 1939 502 1974 sua
527 1925 637 1974 nomina
660 1933 873 1990 recognoscunts
898 1925 1020 1976 dominos
1044 1942 1107 1975 arros
1130 1926 1258 1991 diligunt,

126 1991 288 2041 dominorum
311 1997 388 2042 tecta
410 1993 576 2042 defendunt:
605 2009 653 2058 pro
678 1993 793 2043 dominis
818 1994 874 2044 suis
892 2009 921 2043 sc
940 1995 1021 2044 morti
1039 1995 1189 2044 obiiciunt:
1211 2001 1279 2044 no-'

125 2057 237 2109 luntarie
257 2059 293 2110 ad
309 2061 441 2126 praedam
455 2075 516 2110 cnm
534 2061 643 2110 domino
662 2075 710 2110 suo
730 2069 854 2110 currunt:
874 2077 972 2126 corpus
990 2062 1092 2111 domiui
1111 2063 1154 2110 sul
1173 2063 1258 2112 etism

126 2135 252 2178 mortuum
270 2144 326 2178 non
349 2127 515 2192 relinquunt.
555 2144 667 2194 quorum
690 2136 825 2193 postremo
844 2135 943 2180 natura
962 2135 1016 2190 est,
1042 2137 1119 2179 entra
1136 2129 1259 2180 homines

129 2211 183 2246 esse
202 2211 258 2245 non
275 2213 365 2262 posse.
402 2197 432 2245 in
450 2197 565 2246 canibus
583 2197 636 2246 duo
654 2203 730 2246 sunt:
755 2203 802 2247 aut
821 2198 952 2247 fortitudo
972 2203 1019 2246 arrt
1037 2196 1191 2248 velocitas)

205 2261 254 2318 163
267 2265 431 2314 Guilietmus
444 2265 560 2329 Capella
577 2265 610 2314 de
621 2265 731 2313 dnlctta
745 2266 772 2314 in
782 2267 886 2315 Lucan.
904 2265 971 2314 VIII
983 2263 1033 2314 tot
1046 2281 1060 2314 e
1080 2266 1138 2314 cod.
1149 2266 1259 2315 Vratis·

127 2329 173 2382 lat.
188 2335 224 2382 ct.
239 2332 399 2383 Schneider.
412 2349 502 2398 progr.
515 2332 627 2382 Vratisl.
643 2332 721 2382 1823:
736 2331 834 2398 Belua]
847 2331 1028 2394 ‘corcodilus3
1043 2332 1154 2383 canis’
1208 2335 1258 2382 fu-

127 2401 183 2462 rit,
198 2401 268 2451 dicit
282 2400 446 2450 Suetonius)
460 2427 493 2435 —-
506 2400 637 2450 helianus
650 2401 683 2450 de
698 2407 797 2450 natura
813 2401 972 2450 animalium
985 2401 1022 2450 Vl
1035 2401 1080 2452 53:
1097 2395 1135 2452 Ol
1145 2396 1200 2467 μὲν
1211 2390 1259 2451 ἅλ-

127 2467 165 2516 lor
180 2463 265 2527 κύνες
283 2465 332 2518 καί
350 2459 426 2518 ἕλεῖν
443 2465 492 2530 καί
510 2459 677 2534 οίνιχνεῦοαι
693 2463 727 2518 τὰ
741 2469 834 2535 θηρία
848 2483 879 2519 σο
905 2469 943 2532 οί,
957 2463 986 2518 οἷ
998 2462 1030 2518 δὲ
1044 2461 1192 2534 Αἰγύπτιοι
1206 2485 1259 2536 φυ-

127 2528 371 2598 pertendemu-
384 2531 418 2586 τὰ
432 2535 503 2602 γοῦν
515 2529 545 2587 ίν
558 2536 596 2602 τῷ
614 2535 709 2604 Νείλῳ
722 2531 855 2596 δεδιότας
890 2552 932 2602 γει
944 2527 1115 2602 uiuacitatis
1127 2531 1159 2587 τὸ
1172 2536 1259 2602 δίψος

127 2607 208 2680 πιεῖν,
226 2597 320 2672 ἡσυχῆ
339 2599 371 2654 δὲ
389 2601 438 2680 καί
453 2595 481 2663 ἐς
493 2597 580 2684 κόρον
598 2608 677 2680 πιεῖν
694 2598 726 2656 τὸ
745 2600 809 2665 δέος
828 2596 863 2656 οὔ
875 2608 1032 2684 σνγχιορεῖ.,
1045 2602 1094 2655 καὶ
1108 2600 1157 2682 διὰ
1170 2603 1259 2655 ταῦτα

707 2669 714 2686 1

126 2685 157 2719 ον
174 2671 308 2723 πίνουσιν
321 2664 528 2738 ἔπικυψαντες,
552 2689 590 2732 ως
613 2689 651 2723 αν
672 2690 691 2739 μ
736 2691 761 2723 τι
788 2673 843 2724 τῶν
861 2674 995 2724 κατιοθεν
1013 2689 1179 2738 avenaceus
1197 2667 1260 2724 εἶτα

126 2729 280 2804 ἐξαρπάσαι
300 2731 420 2800 αὐτούς·
439 2731 546 2792 οὐκοῦν
563 2734 617 2808 τὴν
633 2691 799 2820 μίνδίθην
816 2737 1012 2808 παραθέουσι,
1032 2735 1168 2792 λάπτουσι
1182 2736 1214 2793 δὲ
1226 2743 1262 2808 τῇ

126 2801 235 2875 ultrices,
253 2801 438 2874 ἁρπάζοντες,
457 2801 495 2868 ὥς
507 2798 545 2859 ἂν
564 2805 640 2860 eleros
653 2827 704 2874 τις,
722 2827 739 2876 η
759 2807 807 2860 καὶ
853 2805 859 2822 ³
876 2809 933 2861 Δία
951 2804 1118 2869 κλέπτοντες
1129 2804 1160 2860 τὸ
1172 2803 1258 2876 πόμα.

127 2875 228 2926 Plinius
246 2879 278 2927 N.
297 2877 333 2926 II.
353 2877 419 2927 VIII
439 2877 500 2926 148:
526 2879 647 2927 ‘Certum
667 2886 709 2928 est
727 2881 804 2929 iusta
816 2879 850 2928 Ni
864 2895 906 2928 um
921 2895 1027 2928 amnem
1041 2881 1176 2930 currentis
1194 2879 1260 2928 lam·

126 2943 211 3062 pgreh
231 2961 265 2995 ne
291 2945 488 3062 plrocodilorum
513 2945 642 2996 auiditati
665 2949 840 2998 occasionem
866 2946 1038 3013 praebeant)
1082 2947 1224 2998 Phaedrus
1249 2949 1258 2996 l

127 3043 140 3058 .
175 3029 190 3062 e
213 3015 292 3063 ‚Ore
316 3032 338 3063 .:

494 3081 585 3132 Canes
604 3087 632 3132 et
650 3083 791 3133 corcodili.

325 3149 449 3210 Consilia
468 3153 514 3216 qui
532 3151 599 3200 daut
616 3167 703 3216 praua
723 3153 813 3201 cautis
830 3151 996 3214 bominibus,

325 3227 353 3268 et
371 3219 488 3283 perdunt
505 3235 616 3284 operam
635 3225 663 3269 et
681 3219 839 3270 deridentur
856 3221 979 3286 turpiter.

325 3286 416 3337 Canes
434 3293 575 3338 curreutes
592 3288 688 3337 bibere
706 3289 735 3337 in
753 3287 815 3338 Nilo
833 3289 951 3351 flumine,

325 3369 343 3404 a
361 3355 507 3405 corcodilis
525 3370 559 3406 ne
578 3357 736 3421 rapiantur,
755 3357 885 3406 traditum
905 3363 955 3406 est.

325 3423 410 3488 igitur
429 3438 489 3474 cum
509 3439 621 3474 currens
640 3424 734 3474 bibere
752 3425 891 3489 coepisset
910 3425 997 3488 canis,

327 3492 367 3540 sic
387 3492 556 3542 corcodilus:
581 3492 734 3556 quamlibet
752 3493 842 3542 lambe
862 3492 927 3555 otio,

326 3560 438 3624 †pota‚
458 3560 574 3610 accede:
598 3559 656 3610 noli
675 3562 786 3623 timere,
811 3559 907 3610 scdulo

326 3628 381 3690 ait3
406 3634 435 3677 at
452 3627 511 3677 noli
528 3629 621 3678 uereri
638 3627 734 3694 inquit.
772 3633 802 3677 at
820 3627 882 3678 ille:

326 3696 449 3746 lacerem
466 3696 588 3759 hercule,

324 3764 379 3813 nisi
398 3779 458 3814 esso
477 3765 576 3814 scirem
595 3765 687 3814 carnis
706 3769 733 3813 te
752 3763 880 3828 cupidum
899 3779 985 3813 meae.

207 3828 258 3884 ldl
282 3831 373 3882 Sabol.
399 3833 478 3882 Beru.
505 3849 596 3898 georg.
620 3831 677 3882 1111
704 3832 747 3880 lt:
775 3827 911 3898 Meropes]
937 3827 1108 3896 ‘galbeoli
1132 3836 1163 3880 ut
1183 3837 1263 3896 putat

122 3897 307 3966 TranquiIlus.
344 3899 406 3950 hae
431 3902 609 3965 genitores
707 3899 888 3961 nidificat,
914 3905 945 3948 ut
969 3901 997 3948 in
1020 3899 1090 3948 libro
1114 3900 1146 3952 X.
1171 3905 1262 3950 osteu-

122 3966 212 4018 ditnr.'
250 3965 373 4019 Isidorus
397 3971 484 4034 origg.
503 3969 604 4030 x117,
625 3968 669 4018 34:
696 3968 831 4033 ‘Meropes
850 3975 878 4016 et
897 3967 1005 4018 eosdem
1025 3967 1131 4032 g'aulos,
1151 3969 1197 4032 qui
1214 3983 1262 4032 pe·

123 4043 221 4096 rentes
233 4051 298 4086 snos
317 4037 466 4087 recondere
486 4043 569 4102 atque
585 4037 658 4086 alere
672 4033 818 4086 dicuntur.’
854 4036 959 4086 Probus
971 4035 989 4083 l.
1009 4051 1047 4084 c.:
1073 4035 1263 4101 ‘bleropesqne

122 4103 252 4170 aliaeque
271 4105 407 4156 uolucres.
443 4105 570 4170 Meropes
594 4105 721 4154 dicuutur
744 4121 809 4154 aues
833 4119 900 4168 quas
924 4105 952 4153 in
970 4103 1054 4154 Italia
1080 4111 1183 4154 nocant
1200 4104 1263 4154 bar·

123 4169 217 4236 beros,
245 4188 359 4238 quarum
375 4188 427 4224 nox
447 4174 512 4254 quia
530 4172 672 4238 multiplex
691 4173 767 4237 capit
784 4173 961 4237 partitionem
980 4173 1055 4222 uocis
1074 4187 1198 4237 meropes
1216 4187 1263 4237 sp-

122 4239 263 4304 pellantur
285 4257 387 4306 graece
409 4237 466 4292 cirre
490 4240 540 4292 rod
562 4255 644 4306 μερισ
666 4239 702 4290 ori
724 4257 804 4306 quam
828 4239 929 4290 Graeci
955 4245 1070 4299 uocant,
1099 4255 1148 4290 nos
1172 4245 1263 4290 antam

122 4310 302 4372 partitionem
321 4312 411 4374 uocis,
437 4325 517 4374 qnam
536 4309 619 4360 iidem
675 4325 693 4358 α
711 4309 807 4358 dicunt
832 4306 1083 4374 praenecantes!
1119 4307 1263 4374 PhiIargy·

206 4461 223 4512 5
243 4447 375 4528 egiptins
391 4453 454 4507 cod.
470 4443 484 4530 ll
499 4447 577 4524 fugit
593 4450 731 4506 Horisius:
757 4447 838 4524 sugit
852 4451 914 4506 cod.

155 4563 279 4601 ssnroru
299 4565 360 4599 sen.
1033 4547 1068 4608 17
