3078 5072
604 409 647 452 or.
670 409 786 452 nosris
1204 453 1207 462 ,
1225 390 1265 452 67

128 635 192 674 sare
213 617 278 674 fuit.
310 613 392 694 quod
415 633 512 694 aequo
533 614 632 671 animo
651 629 712 670 ιιοιι
735 611 836 670 ferens
860 612 1009 689 Virgilius
1036 611 1145 671 iisdem
1166 613 1266 672 ualuis

129 701 223 760 allisit
248 708 358 781 quater
385 698 443 757 hoe
464 699 660 777 principium:
698 697 759 754 ‘sic
779 717 837 754 uos
856 717 915 755 non
938 696 1055 756 uobis'
1091 698 1266 776 postulabat

129 787 280 863 Augustus
299 792 334 842 ut
349 785 381 842 hi
404 803 511 842 uersus
534 782 766 860 complerentur.
796 781 877 861 quod
896 803 962 840 curn
982 781 1094 840 fnrstra
1108 782 1201 863 aliqui
1216 804 1265 841 co·

128 871 186 928 nati
196 879 317 942 essent,
335 867 481 946 Virgilius
496 869 672 948 praeposito
689 866 817 926 disticho
831 868 876 926 sic
891 865 1062 925 subiunxit:
1115 913 1119 920 .

326 972 382 1030 hos
396 989 453 1046 ego
469 968 639 1028 uersiculos
655 967 728 1028 t'eci:
745 967 813 1028 tulit
824 968 902 1027 alter
912 967 1052 1028 honores.

370 1056 414 1114 sic
432 1073 488 1113 nos
506 1075 567 1113 non
583 1053 669 1114 uobis
689 1053 851 1112 nidificatis
868 1073 951 1114 aues.

370 1139 414 1199 sic
434 1159 489 1198 uos
507 1159 567 1198 non
583 1137 670 1198 uobis
684 1137 802 1197 uellera
817 1139 902 1196 fertis
917 1158 1000 1198 oues.

370 1226 413 1284 sic
431 1243 485 1282 uos
503 1243 564 1283 non
579 1223 666 1283 uobis
683 1223 865 1282 mellificatis
884 1243 970 1302 apes.

371 1310 416 1368 sie
433 1319 488 1367 'uos
504 1329 565 1367 non
580 1308 770 1368 uobis-fertis
785 1317 887 1367 aratra
901 1308 1005 1370 boues.

129 1433 183 1494 quo
201 1413 324 1490 cognito
341 1409 527 1510 aliquamdiu
545 1409 707 1490 Bathyllus
723 1409 837 1469 Rornae
861 1407 965 1468 fabula
983 1411 1054 1486 fuit,
1087 1411 1172 1469 Maro
1192 1430 1265 1470 uero

129 1497 295 1556 exaltatior
313 1517 380 1555 curn
395 1498 420 1554 is
431 1495 595 1576 aliquando
611 1495 764 1554 Ennium'
757 1515 788 1552 ιιι
803 1515 891 1554 manu
906 1495 1033 1554 haberet
1047 1505 1266 1575 rogareturque

128 1583 268 1663 quidnam
288 1583 419 1653 faceret,
438 1581 595 1660 respondit
609 1599 643 1640 se
664 1599 768 1639 aurum
788 1579 933 1658 colligere
955 1579 1041 1640 det
1013 1589 1041 1638 st
1043 1600 1146 1640 ercore
1164 1581 1265 1639 Ennii.

128 1667 216 1726 babet
242 1668 322 1725 eninr
341 1677 432 1746 poeta
453 1666 506 1726 ille
523 1668 661 1744 egregias
678 1664 844 1724 sententias
865 1664 919 1723 sub
940 1657 1042 1724 uerbis
1059 1687 1120 1724 non
1142 1664 1266 1723 multum

128 1753 250 1812 ornatis.
288 1753 488 1828 interroganti
502 1751 642 1829 Augusto
660 1771 719 1831 quo
739 1756 829 1828 pacto
847 1750 953 1809 ciuitas
969 1750 1100 1809 feliciter
1117 1749 1266 1828 guberna·

127 1837 249 1910 retur,
258 1858 284 1896 οι
275 1836 528 1916 'prudentiores'
532 1881 539 1910 ,
563 1834 703 1917 inquit,
711 1843 862 1893 temonem
876 1835 1027 1894 tenuerint
1044 1844 1074 1893 et
1094 1834 1165 1894 boni
1180 1833 1266 1892 malis

128 1930 363 2001 praeponantur:
379 1924 482 2002 itaque
495 1923 598 2002 optimi
611 1941 680 1980 suos
691 1919 825 1978 babeant
836 1920 976 1994 honores,
992 1920 1066 1978 nulli
1078 1929 1178 1980 tamen
1194 1919 1266 1978 alio·
1335 1959 1338 1964 ·

128 2027 189 2065 rum
203 2008 308 2066 iniusti
323 2006 489 2086 quidquam
503 2007 577 2068 fiat?
595 2007 807 2078 atMecoenas,
825 2003 935 2086 ‘quid',
952 2007 1058 2086 inquit,
1071 2003 1201 2082 ‘Virgili
1219 2023 1266 2062 sa·

128 2093 263 2153 tistatem
277 2093 392 2150 homini
405 2111 464 2150 non
480 2091 605 2150 affert?’
618 2090 761 2149 ‘omnium
772 2091 894 2162 rerum',
908 2090 1073 2169 respondit,
1086 2091 1151 2148 ‘aut
1163 2089 1266 2148 simili·
1285 2145 1287 2150 .

129 2177 198 2236 tudo
210 2187 264 2237 aut
280 2176 442 2236 multitudo
455 2176 641 2236 stomachum
657 2176 730 2236 facit
742 2184 864 2253 praeter
875 2175 1070 2253 intelligere!
1088 2176 1160 2234 item
1175 2175 1267 2232 inter·
1304 2217 1311 2226 .

129 2263 261 2340 rogauit:
290 2261 369 2342 ‘quo
383 2269 472 2341 paeto
490 2262 558 2341 quis
576 2261 667 2320 altam
688 2259 870 2340 felicemque
890 2259 954 2319 cius
974 2264 1125 2319 fortunam
1143 2275 1267 2318 seruarc

129 2347 265 2425 potest?'
284 2347 332 2406 eui
345 2347 447 2405 Maro:
470 2346 508 2404 ‘si
524 2355 668 2426 quantum
684 2344 796 2404 honore
814 2364 850 2404 ac
863 2344 974 2406 diuitiis
987 2345 1053 2403 aliis
1065 2344 1268 2424 praestantior

129 2433 180 2502 sit,
200 2441 286 2491 tanto
303 2429 486 2491 liberalitate
500 2440 530 2490 et
540 2432 655 2490 iustitia
671 2429 746 2489 alios
761 2447 904 2510 superare
920 2429 1060 2488 nitatur.'
1078 2429 1185 2488 solitus
1204 2434 1270 2488 erat

130 2515 244 2590 dicere,
260 2515 375 2576 nullam
391 2515 531 2575 uirtutem
544 2515 775 2574 commodiorem
790 2514 903 2572 homini
915 2533 983 2573 esse
993 2514 1139 2594 patientia
1155 2533 1191 2572 ac
1202 2511 1269 2572 nnl-
1291 2544 1294 2561 ι

129 2602 185 2659 lam
205 2621 347 2682 asperam
372 2600 448 2660 adeo
479 2622 546 2661 esse
568 2601 734 2672 fortunam,
762 2620 853 2680 quam
872 2599 1037 2679 prudenter
1056 2598 1202 2680 patienda
1222 2599 1269 2658 uir

129 2687 211 2748 fortis
224 2707 287 2747 non
307 2688 420 2746 uincet.
450 2706 539 2766 quam
555 2686 736 2745 sententiam
761 2686 791 2745 in
809 2685 912 2765 quinto
928 2683 1084 2774 Aeneidos
1100 2684 1242 2744 inseruit:

210 2817 284 2866 nate
300 2804 376 2878 dea,
395 2825 454 2885 quo
473 2806 537 2864 iata
554 2805 677 2862 trahunt
694 2804 913 2885 retralruntque
927 2823 1099 2883 sequamur,

204 2889 360 2972 ,quidquid
377 2893 447 2962 crit,
464 2888 637 2968 superanda
651 2889 747 2948 omnis
763 2891 885 2948 fortuna
901 2888 1027 2948 serendo
1046 2898 1102 2949 est:

88 2977 111 3040 b
129 3013 193 3052 cum
209 2989 335 3072 qnidan'r
351 2993 415 3051 eius
431 2992 546 3050 amicus
560 2989 713 3051 Cornificii
730 2991 842 3050 insum
863 2989 1026 3049 maledicta
1045 2999 1076 3050 et
1097 2989 1269 3049 inimicitias

129 3077 184 3136 sibi
200 3075 372 3136 enarraret:
397 3077 506 3155 ‘quam
521 3085 611 3155 putas
622 3079 646 3148 ',
663 3075 774 3156 inquit,
792 3075 880 3134 ‘esse
897 3075 1021 3134 huiusce
1033 3074 1269 3157 nraleuolcntiae
1306 3139 1311 3149 ,

130 3163 273 3221 eausam?
295 3181 365 3220 nam
379 3181 478 3241 neque
492 3181 625 3259 unquam
640 3159 833 3220 Cornificium
850 3159 962 3219 offendi
979 3169 1008 3218 et
1025 3181 1093 3220 eum
1110 3181 1185 3219 ιιιιιο.
1205 3163 1267 3230 an’,

129 3248 238 3328 iuquit,
257 3245 399 3306 ‘Hesiodi
415 3247 585 3305 sententiae
605 3267 664 3305 non
682 3243 868 3304 meministi?
897 3245 1020 3304 abiait:

280 3359 331 3422 aul
348 3384 492 3462 κεραμευς
507 3368 632 3440 κεραμεῖ
642 3362 734 3422 κοτέει
750 3385 800 3422 και
792 3360 928 3423 τέκτονι
945 3358 1055 3421 τέκτων

280 3446 330 3507 aul
345 3439 460 3526 πτωχὸς
474 3469 581 3530 moggo
570 3446 726 3525 φθονέει
741 3470 791 3507 και
783 3438 905 3519 ἀοιδὸς
921 3436 1025 3529 ἀοιδῷ,

129 3572 328 3631 architectum
345 3569 511 3629 architecto
526 3569 663 3629 rnuidere
684 3579 715 3628 et
734 3577 854 3648 poetam
875 3576 947 3647 poet
948 3587 995 3626 ae.
1028 3566 1065 3626 de
1086 3566 1201 3638 malis',
1225 3566 1270 3624 in-

129 3659 208 3738 quit,
236 3653 397 3715 ‘Graecus
416 3653 468 3714 ille
485 3653 646 3714 intellexit.
685 3674 756 3712 narn
777 3653 847 3712 boni
863 3651 1042 3712 eruditiores
1063 3661 1175 3710 amant.
1215 3650 1270 3709 aed

129 3763 238 3820 magna
253 3759 321 3799 curu
336 3759 406 3798 mea
420 3738 510 3798 laude
530 3747 561 3796 et
575 3740 674 3816 gloria
693 3739 856 3798 uindictam
874 3738 904 3796 iu
923 3757 1013 3796 manu
1028 3737 1137 3796 habeo.
1157 3734 1269 3794 maiore

130 3829 208 3886 enirn
229 3845 301 3885 cura
318 3825 420 3883 uirtuti
436 3822 590 3883 intendam
610 3833 701 3905 atquc
718 3844 776 3903 quo
797 3823 965 3901 elegantior
979 3843 1035 3900 ego
1055 3823 1140 3894 fiam,
1163 3841 1199 3880 eo
1217 3839 1265 3878 uc·

130 3913 298 3970 lrementius
312 3909 428 3968 inuidia
444 3911 621 3987 rumpetur.’
647 3918 713 3968 erat
731 3909 872 3986 Augusto
890 3907 1048 3967 familiaris
1063 3906 1188 3966 Filistus
1206 3905 1270 3984 qui-

130 3999 198 4057 dam
215 4005 317 4055 orator
334 4003 366 4052 et
377 3994 494 4073 poesim
505 3994 697 4054 mediocriter
714 3993 838 4066 doctus,
855 4013 903 4052 cur
895 3992 1075 4070 'multiplex
1092 3991 1270 4070 nariumque

129 4081 282 4160 ingenium
300 4087 383 4151 erat,
406 4079 457 4159 qui
478 4080 609 4138 omniurn
631 4079 732 4136 omnia
749 4077 832 4136 dicta
850 4076 1074 4156 reprehendere
1093 4075 1270 4146 conabatur,

128 4189 187 4226 ιιοιι
201 4175 236 4224 ut
250 4183 356 4224 uerum
371 4163 579 4240 drgnosccret
602 4162 683 4245 quod
699 4163 841 4222 Socrates
858 4163 961 4221 facere
977 4161 1149 4232 consueuit,
1171 4159 1226 4219 sed
1240 4167 1273 4217 ut

130 4251 275 4312 eruditior
291 4247 456 4308 uideretur.
486 4248 536 4308 hic
552 4248 727 4325 Virgilium,
742 4247 925 4327 ubicumque
947 4246 1110 4305 conuenire
1132 4205 1270 4318 dabatur,

128 4333 301 4396 maledictis
326 4331 502 4413 salibusque
528 4333 668 4393 uersabat.
708 4352 802 4411 quare
825 4332 876 4392 ille
894 4351 988 4410 saepe
1010 4339 1062 4388 aut
1090 4329 1271 4390 tacibundus

129 4417 308 4482 discedebat
322 4425 375 4478 ant
391 4417 522 4478 suffusus
541 4409 658 4499 pudore
675 4416 807 4476 tacebat.
844 4436 949 4476 uerum
971 4435 1039 4492 cum
1059 4415 1208 4494 Augusto
1219 4434 1271 4474 aa·

1039 4513 1083 4579 5*
