3064 5064
219 309 277 374 118
588 333 630 372 na
653 333 740 374 vrnrs
763 333 976 376 rurtvsrnmvs

218 601 320 666 usque
353 579 397 642 ad
432 580 600 644 infamiam
616 581 712 664 ‘oris3
753 582 903 670 dictoque
930 603 996 648 non
1031 582 1171 646 infaceto
1205 589 1348 646 notatum

217 681 327 745 ferunt
338 681 518 764 cuiusdam,
534 685 599 768 qui,
615 683 717 768 (cum)
731 705 803 747 eum
816 685 846 747 in
860 683 956 748 turba
969 683 1113 748 osculum
1128 683 1191 748 sibi
1204 686 1351 768 ingeren-

216 796 282 846 tem
295 805 489 870 quamquam
506 785 673 870 refugiens
693 783 840 850 deuitare
857 809 920 850 non
937 795 1061 873 posset,
1078 787 1142 856 ‘uis
1157 793 1216 866 tu’‚
1234 786 1349 871 inquit,

218 884 401 968 magister,
422 887 571 972 quotiens
595 885 807 950 haesitantem
831 887 971 975 aliquem
995 887 1103 967 uides,
1127 885 1372 970 abligurirel’s

167 999 207 1058 24
303 1003 340 1050 Μ.
369 1003 540 1050 vetustius
570 1003 703 1052 raosvs
731 987 884 1075 Berytius
915 989 971 1053 diu
1001 992 1215 1073 centuriatum
1245 989 1349 1073 petiit,

219 1085 322 1153 donec
354 1089 462 1153 taedio
494 1087 536 1152 ad
569 1089 677 1154 studia
702 1112 736 1154 se
765 1090 911 1155 contulit.
965 1093 1088 1175 legerat
1119 1091 1150 1152 in
1182 1090 1351 1176 prouincia

150 1195 153 1203 ⁴
218 1189 373 1274 quosdam
397 1199 525 1260 ueteres
546 1190 673 1256 libellos
694 1192 779 1279 apud
802 1194 1068 1277 grammatistam,
1088 1191 1224 1256 durante
1243 1189 1350 1253 adhuc
1382 1193 1388 1206 '

217 1289 265 1354 ibi
290 1293 495 1378 antiquorum
524 1295 679 1358 memoria
707 1295 844 1359 necdum
876 1283 1007 1359 omnino
1031 1292 1152 1357 abolita
1174 1292 1258 1357 sicut
1285 1290 1349 1355 Ro·

217 1411 299 1455 rnae.
350 1393 408 1457 hos
437 1415 509 1456 cum
539 1394 727 1480 diligentius
759 1405 921 1483 repeteret
950 1405 1047 1482 atque
1078 1395 1160 1458 alios
1196 1393 1351 1478 deinceps
1363 1413 1387 1453 iu

217 1515 414 1576 cognoscere
437 1506 583 1582 cuperet,
615 1497 764 1584 quamuis
793 1519 904 1561 omnes
926 1497 1087 1562 contemni
1110 1498 1276 1581 magisque
1295 1493 1351 1558 ob-

217 1593 349 1682 probrio
376 1595 561 1680 legentibus
590 1621 686 1685 quam
716 1598 839 1683 gloriae
859 1607 890 1662 et
911 1597 1030 1662 fructui
1055 1621 1127 1662 esse
1148 1595 1352 1661 animaduer-

217 1703 309 1777 teret,
333 1695 434 1761 niliilo
451 1698 558 1762 minus
580 1700 612 1761 in
629 1701 794 1786 proposito
811 1702 943 1784 mansit3
965 1700 1131 1789 multaque
1153 1697 1353 1784 exemplaria

218 1807 386 1862 contracta
409 1799 581 1863 emendare
603 1822 642 1863 ac
670 1801 871 1886 distinguere
894 1810 926 1866 et
956 1801 1112 1866 adnotare
1137 1799 1265 1864 curauit
1290 1797 1352 1862 soli

218 2003 289 2054 alias
307 2007 488 2084 grammatica
501 2011 559 2055 arto
573 2004 685 2068 celebri,
704 2007 733 2058 in
751 2007 828 2057 hisce
841 2009 890 2058 XX
906 2010 985 2058 annis
997 2012 1119 2058 mercato
1132 2021 1177 2056 rus
1189 2021 1224 2056 uc
1236 2007 1263 2056 M
1276 2019 1352 2054 num-

134 2133 136 2144 Ι
219 2088 289 2122 mum
308 2089 336 2123 m
355 2073 449 2124 eodem
467 2075 638 2124 Nouteutano
657 2075 763 2126 desumi
782 2075 883 2140 lapidis
899 2077 934 2126 ab
947 2076 1014 2126 urbe
1027 2074 1205 2126 deuerticulo.
1243 2079 1286 2124 est
1304 2088 1351 2122 au-

219 2145 272 2190 tem
291 2155 485 2206 usquequaque
509 2148 574 2191 nota
596 2141 691 2210 uilitas
713 2144 812 2192 mercis
836 2161 884 2208 pcr
902 2144 994 2194 omnia
1012 2143 1180 2202 suburbana,
1201 2141 1241 2191 ibi
1258 2147 1352 2190 tauron

218 2223 352 2270 maxume,
372 2210 499 2274 quoniam
518 2215 546 2260 et
563 2210 692 2275 neglecta
711 2211 886 2276 indiligentia
904 2212 1018 2277 praedia
1036 2215 1199 2276 parauerat,
1219 2225 1251 2259 ae
1270 2224 1304 2258 ne
1324 2209 1353 2257 in

218 2278 350 2342 pessumis
369 2277 477 2342 quidem
496 2277 675 2342 elegantioris
693 2278 752 2328 soli.
788 2279 858 2329 llaec
871 2281 1017 2346 adgressus
1036 2279 1162 2329 excolere
1177 2293 1231 2327 non
1248 2278 1353 2326 uirtute

219 2345 303 2393 animi
321 2345 370 2394 sed
388 2346 513 2395 uanitate
532 2347 626 2410 prime,
647 2361 717 2411 quae
735 2352 802 2396 nota
821 2349 888 2397 mire
907 2349 935 2397 in
954 2365 986 2398 eo
1005 2349 1071 2410 luit,
1092 2345 1240 2412 pastinatis
1258 2345 1292 2393 de
1310 2345 1352 2393 in-

217 2417 296 2476 tegro
319 2413 409 2463 uineis
428 2429 494 2463 cura
513 2413 649 2475 Stheneli,
674 2414 736 2462 dum
760 2414 911 2479 agricolam
929 2416 1065 2475 imitatur,
1091 2415 1125 2464 ad
1148 2414 1194 2462 nix
1218 2411 1353 2462 credibile

218 2480 377 2531 miraculum
395 2481 529 2546 perduxit,
552 2482 626 2530 intra
643 2485 770 2531 octauum
788 2497 888 2532 aaumu
906 2484 1002 2534 ccccii
1015 2497 1152 2532 nummum
1169 2481 1285 2546 emptori
1305 2479 1352 2529 ad-

218 2549 294 2599 ‹licta
306 2549 443 2614 pendente
458 2549 606 2598 uindemia.
643 2551 817 2614 cucurritque
836 2562 915 2602 nemo
933 2567 986 2600 non
1005 2551 1038 2600 ad
1056 2549 1222 2615 spectandas
1239 2563 1353 2598 unarum

219 2617 246 2664 in
266 2616 308 2665 iria
326 2617 416 2666 uineis
434 2623 536 2675 strues,
561 2617 662 2666 litteris
681 2618 740 2666 eius
764 2618 923 2681 altioribus,
948 2624 1045 2668 eontra
1064 2618 1090 2667 id
1109 2618 1188 2682 pigra
1205 2616 1353 2666 uicinitate

178 2711 184 2722 ι
218 2684 272 2734 sibi
290 2685 498 2748 patrocinante,
523 2685 670 2734 nouissime
695 2685 808 2736 Annaeo
826 2689 947 2747 Seneca,
972 2687 1096 2752 principe
1115 2691 1171 2734 tum
1190 2683 1353 2734 eruditionis
1380 2723 1386 2734 .

220 2768 252 2801 ac
275 2752 429 2816 potentiae,
455 2767 524 2816 quac
548 2757 683 2816 postremo
706 2753 792 2802 nimia
815 2755 868 2804 suit
890 2769 972 2818 super
989 2755 1091 2818 ipsum,
1116 2752 1233 2802 minume
1256 2752 1352 2815 utique

219 2821 348 2869 miratore
366 2819 497 2879 inanium,
517 2825 595 2870 tanto
613 2819 709 2884 praedi
728 2821 786 2870 eius
805 2836 896 2872 amore
915 2827 997 2887 capto
1015 2827 1117 2870 utnon
1135 2819 1250 2883 puderet
1263 2820 1353 2868 inuiso

219 2887 290 2936 alias
309 2892 338 2936 et
355 2893 526 2936 ostentaturo
545 2887 653 2938 tradere
675 2887 794 2952 palmam
819 2905 894 2951 eam,
919 2890 1018 2954 emptis
1041 2887 1244 2954 quadriplicato
1263 2887 1353 2937 rrineis

218 2954 273 3004 illis
291 2954 364 3003 intra
381 2955 522 3004 decumum
542 2955 601 3004 fere
620 2969 702 3004 curae
722 2971 835 3018 anuum;
858 2955 942 3022 digua
967 2973 1051 3022 opera
1074 2971 1144 3022 quse
1168 2956 1196 3004 in
1215 2955 1353 3004 Caecubis

218 3023 374 3086 Setinisque
398 3023 473 3086 agris
495 3022 652 3088 proliceret,
683 3023 791 3088 quando
815 3031 843 3074 et
864 3031 960 3088 postea
983 3041 1066 3090 saepe
1090 3039 1200 3074 numero
1224 3029 1354 3086 septenos

219 3090 312 3207 paleas
332 3091 444 3180 pinguls
467 3091 563 3155 iugera
585 3090 636 3140 hoc
665 3100 707 3140 cst
736 3091 879 3156 arnplmras
904 3099 1035 3142 centenas
1060 3091 1251 3157 quadragenas
1271 3090 1354 3140 musti

238 3158 328 3208 edere.

302 3225 388 3291 tlsqq.
407 3226 589 3289 Hieronymus
607 3225 650 3274 Ol.
669 3224 757 3289 208,l
776 3227 812 3288 (a.
829 3229 904 3290 totl:
927 3229 1039 3278 ‘Probus
1052 3227 1182 3291 Berytius
1200 3224 1352 3276 emditissi-

219 3309 278 3344 miss
295 3295 534 3359 grammaticorum
548 3293 650 3344 Romae
664 3295 824 3360 agnoscitur
842 3295 889 3360 (In
912 3313 958 3361 nep.
978 3297 1018 3346 B:
1037 3295 1108 3346 alter
1125 3291 1350 3360 grammaticus).'

306 3483 463 3572 ledidisse
480 3487 502 3543 G
517 3478 530 3565 ΙΙ
545 3483 713 3561 adlataque
730 3485 788 3542 Nl:
805 3483 884 3544 dieto
903 3503 1024 3565 quoque
1040 3486 1135 3544 l'LGO
1149 3478 1163 3563 ΙΙ
1179 3495 1196 3547 3
1213 3484 1264 3564 qui
1286 3503 1355 3540 cnm

220 3589 287 3628 eum
307 3574 427 3643 scripsi:
452 3569 503 3650 qui
523 3589 590 3629 eum
619 3568 714 3626 VNGI
737 3569 789 3648 qui
813 3589 879 3628 cum
902 3573 923 3628 0
946 3589 999 3630 om.
1016 3572 1038 3627 L
1053 3564 1066 3650 ΙΙ
1081 3581 1098 3630 4
1114 3589 1287 3650 quanquam
1305 3571 1354 3626 GO

220 3651 231 3734 l
250 3656 364 3714 euitare
381 3656 402 3712 Ι
418 3649 431 3735 ΙΙ
451 3655 601 3734 5quoties
618 3649 667 3734 (ΞΗ
682 3652 881 3713 haesitantem
901 3657 1020 3728 scripsi:
1038 3653 1232 3714 festinantem
1249 3656 1316 3712 libri
1339 3649 1353 3734 ll

218 3805 391 3887 ablygurire
417 3809 440 3864 l⁷
455 3801 468 3888 ll
482 3815 499 3869 6
514 3807 635 3866 Marcus
651 3811 674 3865 L
689 3802 702 3886 ΙΙ
718 3807 860 3887 Berytius
879 3809 925 3865 VG
944 3806 1075 3865 Beritius
1095 3763 1246 3865 lbcritus
1263 3808 1282 3864 1
1293 3807 1353 3865 Be-

218 3892 301 3950 rities
314 3895 343 3950 N
352 3891 463 3952 bertius
482 3895 504 3950 0
520 3887 533 3974 ΙΙ
548 3894 747 3950 centuriatum
765 3895 782 3950 1
796 3893 960 3950 centuriam
977 3893 1006 3950 N
1017 3883 1030 3972 ll
1045 3899 1060 3952 7
1075 3891 1158 3951 tedio
1177 3895 1199 3950 L
1214 3889 1316 3950 toedio
1330 3897 1353 3950 G

220 4039 232 4126 q
245 4045 396 4121 Legereat
407 4046 427 4103 Ι
438 4039 451 4125 ll
466 4053 483 4108 8
495 4053 567 4124 aput
580 4046 599 4102 1
610 4039 623 4124 ll
637 4053 654 4107 9
667 4044 746 4102 omni
757 4047 785 4102 Ν
797 4039 810 4124 ll
829 4057 860 4107 10
872 4063 938 4103 cum
951 4064 1004 4102 om.
1019 4045 1041 4102 0
1056 4039 1069 4123 ll
1086 3990 1236 4122 digentius
1247 4046 1266 4102 1
1276 4039 1290 4124 Η
1304 4063 1353 4102 re·

219 4149 327 4206 cepere
347 4133 369 4188 0
388 4121 403 4211 ll
425 4141 452 4191 11
472 4149 574 4188 omnes
598 4133 697 4188 VLNO
717 4149 757 4188 se
774 4134 809 4224 AG
826 4131 867 4202 (in
885 4149 939 4204 mp.
954 4149 1031 4188 man.
1046 4135 1071 4186 2.
1094 4131 1223 4222 Apmnrs)
1244 4131 1317 4188 sel
1340 4123 1352 4212 ll

218 4237 378 4318 obprobrio
417 4241 518 4300 VNGO
543 4239 702 4319 obpropria
724 4243 744 4299 Ι
765 4239 956 4326 ορρτοδὶοχὶ
980 4235 993 4322 ΙΙ
1017 4237 1047 4302 ll
1070 4237 1272 4318 dilegentibus
1294 4243 1314 4299 1
1340 4239 1352 4324 ll

218 4343 347 4402 fructum
362 4343 382 4400 I
392 4336 406 4424 ΙΙ
423 4352 455 4404 13
465 4339 576 4404 nichilo
596 4343 638 4399 l'I
648 4337 662 4424 ll
681 4351 712 4405 tt
723 4332 808 4415 )⁸cta
819 4344 837 4400 Ι
848 4335 862 4424 {l
878 4341 1024 4403 adnotear
1041 4346 1088 4404 VO
1101 4353 1247 4402 annotare
1261 4345 1359 4402 aas!
