3072 5064
248 369 309 434 264
418 383 649 426 SVPPLEMBNTA
673 383 763 424 ussat
786 381 827 422 DE
850 355 1217 424 sslsssrlvusdsvsts

248 535 372 600 improba
395 534 541 586 ferocitate
565 533 636 584 alios
658 537 857 600 persequantur
879 531 926 596 (em
943 530 1060 582 Ambrae.
1084 533 1101 580 l.
1118 529 1164 594 e).
1201 547 1218 582 a
1239 530 1330 582 colore
1354 533 1385 582 ιιι

248 603 370 662 umbrae,
389 603 454 668 quia
473 601 562 652 colore
580 601 693 652 umbrae
711 607 788 662 sunt,
813 607 841 650 et
859 606 974 650 auratae
993 601 1057 665 quia
1075 600 1215 665 incapite
1234 601 1293 650 auri
1312 601 1384 650 eolo·

248 687 306 722 rem
324 670 440 722 habent:
465 677 494 720 et
515 671 588 720 uarii
611 684 627 720 a
645 671 799 731 uarietate,
823 685 888 734 quos
907 668 989 734 uulgo
1008 673 1112 718 tructas
1129 675 1221 718 uocat
1258 683 1274 718 ι
1296 667 1385 734 ligure

249 745 279 790 nt
297 740 380 802 orbis,
399 740 464 804 quia
482 738 613 788 rotundus
632 743 674 788 est
692 743 818 803 totusque
837 738 866 786 in
884 738 977 802 capita
997 741 1105 786 constat
1122 742 1152 785 nt
1170 737 1246 786 solea
1257 736 1329 801 quod
1347 737 1386 786 eit

249 807 337 859 instar
366 806 609 858 calciamentorum
632 806 723 856 soleis.
772 822 788 856 a
811 821 878 855 sexu
899 811 930 854 ιιι
952 804 1090 855 musculus
1113 806 1183 870 quod
1207 807 1243 854 sit
1265 804 1384 854 balenae

249 875 400 926 musculus:
425 875 485 926 eins
510 875 582 925 enim
606 875 681 926 coitu
705 876 850 940 concipere
873 873 943 924 haec
961 872 1054 923 bellua
1072 871 1238 938 perhibetur.
1273 873 1338 922 hinc
1358 877 1386 922 et

249 943 366 995 musculi
385 941 566 1002 cochlearum,
592 958 703 1008 qnorum
721 943 795 992 lacte
814 942 974 1006 concipiunt
992 939 1120 992 ostreae)
1158 940 1203 991 ll:
1223 941 1385 1006 ‘Delphines

170 1007 177 1018 '
249 1017 352 1063 certum
371 1011 475 1061 habent
492 1011 664 1073 uocabulum,
684 1011 754 1076 quod
772 1025 854 1062 noces
872 1010 1011 1060 bominum
1029 1015 1179 1074 sequantur
1196 1009 1241 1058 uel
1259 1009 1329 1074 quod
1349 1007 1385 1058 ad

249 1079 436 1145 symphoniam
459 1081 594 1144 gregatim
617 1080 793 1130 conueniant.
834 1078 902 1128 nihil
930 1080 958 1128 iu
981 1079 1051 1127 mari
1074 1077 1197 1128 uelocius
1221 1077 1295 1126 istisr
1321 1093 1385 1126 nam

249 1148 408 1215 plerumque
431 1147 563 1198 salientes
587 1163 673 1198 naues
700 1145 880 1198 transuolant.
921 1145 1031 1211 quande
1053 1152 1145 1196 autem
1169 1145 1334 1211 praeludunt
1356 1145 1387 1195 in

249 1217 377 1267 fluctibus
400 1222 428 1266 et
450 1216 582 1266 undarum
606 1231 635 1265 se
659 1215 775 1264 molibus
797 1215 870 1264 saltu
893 1215 1040 1279 praecipiti
1070 1215 1175 1277 ferrrnt,
1204 1218 1386 1278 tempestates

249 1283 408 1350 significare
430 1284 570 1334 uidentur:
599 1283 628 1334 hi
650 1285 759 1349 proprie
777 1285 896 1333 simones
913 1283 1097 1343 nominantur.
1132 1283 1166 1344 cs.
1187 1283 1280 1347 fragm.
1305 1275 1385 1332 152*.

250 1359 293 1402 est
316 1357 344 1402 et
367 1351 525 1418 delphinum
549 1368 634 1416 genus
658 1353 687 1401 in
710 1351 772 1401 Nilo
795 1351 874 1400 dorso
897 1356 1015 1412 serrato,
1044 1351 1088 1414 qui
1116 1349 1266 1401 crocodilos
1288 1355 1388 1399 tenera

249 1421 387 1471 uentrium
405 1425 534 1470 secantes
553 1418 730 1470 interimunt’
766 1420 811 1468 ⁶22:
832 1419 967 1484 ‘Pagrum
988 1434 1066 1482 quem
1081 1417 1181 1472 Graeci
1199 1411 1387 1482 qdpposideo

249 1493 418 1553 nuncupant,
437 1488 507 1553 qnod
526 1489 607 1538 duros
625 1488 721 1538 dentes
738 1486 844 1538 habeat
862 1488 902 1536 ita
920 1492 949 1536 ut
962 1486 1059 1536 ostreis
1071 1486 1099 1534 in
1112 1488 1181 1536 mari
1194 1485 1302 1536 alatur)
1338 1484 1387 1534 nbi

250 1555 372 1606 Grialius
384 1557 510 1606 adnotat:
529 1555 617 1606 Gloss.
626 1548 735 1620 φάγρος
748 1547 834 1620 ἰχθύς
846 1555 983 1604 dentatus.
1007 1552 1040 1604 48
1050 1569 1124 1619 sqq:
1144 1553 1281 1604 ‘Conchae
1300 1558 1328 1602 et
1341 1569 1388 1602 co·

250 1623 346 1674 cbleee
357 1624 410 1674 hac
423 1639 456 1673 ex
468 1639 553 1674 causa
564 1631 691 1682 uocatae,
702 1625 767 1689 qnia
776 1623 922 1674 deficiente
932 1622 998 1672 luna
1008 1627 1143 1672 canantur
1153 1622 1179 1671 id
1194 1627 1236 1672 eat
1248 1635 1387 1671 euacuan·

249 1698 302 1741 tur.
332 1694 450 1741 omnium
467 1694 541 1742 enirn
558 1691 712 1742 clausorum
728 1692 812 1741 meris
830 1690 990 1740 animalium
1014 1697 1095 1754 atque
1115 1690 1280 1740 concharum
1297 1689 1387 1738 incre·

250 1765 341 1810 mento
357 1759 439 1809 lunae
457 1758 578 1808 membra
596 1764 758 1823 turgescunt
775 1759 887 1808 defectu
906 1765 1075 1808 euacuantur
1093 1758 1140 1820 (rs.
1160 1759 1307 1808 Ambrosius
1324 1758 1385 1807 tere.

250 1827 318 1876 IIII
330 1831 351 1886 7,
366 1827 420 1887 29).
445 1826 511 1876 luna
521 1827 594 1877 enim
607 1843 667 1877 curn
679 1828 708 1877 iu
719 1833 865 1891 augmento
878 1827 969 1886 fuerit,
982 1831 1067 1890 auget
1078 1825 1229 1886 humorem
1246 1841 1306 1875 cum
1320 1840 1387 1874 uero

250 1895 279 1944 in
297 1895 436 1945 deiectum
453 1896 571 1957 uenerit,
589 1895 716 1945 humores
734 1897 903 1945 minuuntur:
922 1893 975 1944 hoc
988 1895 1059 1944 enim
1072 1893 1179 1958 physici
1197 1894 1297 1943 ιιιιιιιιι.
1322 1908 1387 1942 con·

251 1961 321 2013 chae
344 1969 436 2012 autem
454 1963 558 2028 primae
577 1964 721 2027 positionis
739 1980 848 2024 nomen,
869 1962 1000 2012 cochleae
1020 1977 1083 2012 uero
1102 1978 1150 2027 per
1168 1962 1387 2020 diminutionem,

251 2031 330 2095 quasi
348 2029 510 2081 conchulae.
552 2031 717 2082 concharum
735 2032 822 2086 multa
840 2045 943 2096 genera
960 2039 1036 2093 sunt,
1056 2031 1128 2080 iuter
1146 2045 1214 2094 quas
1233 2035 1261 2079 et
1278 2043 1388 2094 marga-

250 2099 385 2159 ritiferae,
407 2115 475 2164 quae
495 2098 572 2150 eeloe
590 2099 726 2160 dicuntur,
745 2101 775 2149 in
794 2114 907 2164 quarum
926 2113 1008 2148 earne
1027 2099 1162 2163 pretiosus
1181 2096 1304 2148 calculus
1322 2095 1389 2146 soli·

250 2166 340 2216 detur.
376 2167 410 2216 de
429 2167 527 2231 quibus
545 2168 657 2217 tradunt
674 2167 696 2216 ii
714 2169 759 2232 qui
778 2167 816 2216 de
836 2167 1061 2216 animantium
1086 2165 1220 2215 naturis
1239 2166 1389 2229 scripse·

251 2239 342 2294 runt,
367 2235 438 2299 quod
455 2241 589 2286 nocturno
606 2241 728 2302 tempore
746 2235 841 2285 littora
859 2239 1002 2299 appetunt,
1022 2239 1050 2283 et
1068 2249 1101 2284 ex
1114 2234 1230 2284 caelesti
1243 2249 1303 2284 rore
1315 2248 1388 2282 mar·

251 2303 370 2368 garitum
387 2305 555 2368 concipiunt,
575 2304 647 2354 unde
666 2308 694 2352 et
712 2304 789 2356 eeloe
807 2301 1000 2352 nominantur!
1035 2301 1068 2352 58
1086 2317 1140 2366 sq:
1166 2301 1220 2351 ‘Ex
1239 2302 1274 2351 iis
1292 2301 1389 2364 (ranis)

251 2371 386 2436 quaedam
404 2373 551 2434 aquaticae
569 2372 710 2436 dicuntur,
734 2370 869 2437 quaedam
892 2371 1043 2436 palustres,
1067 2370 1202 2436 quaedam
1220 2369 1334 2419 rubetae
1353 2369 1389 2418 oh

251 2437 279 2488 id
297 2440 362 2504 quia
381 2440 408 2488 in
432 2441 562 2504 uepribus
584 2441 682 2490 uiuunt
710 2439 870 2504 grandiores
894 2443 1066 2498 cunctarum,
1086 2438 1160 2487 aliae
1180 2437 1323 2487 calamites
1340 2451 1390 2486 uo·

252 2513 362 2566 cantur,
388 2508 515 2572 quoniam
538 2509 610 2558 inter
634 2508 782 2558 arundines
805 2507 974 2572 fruticesque
993 2507 1103 2568 uiuunt,
1121 2506 1250 2566 minimae
1269 2505 1389 2555 omnium

252 2579 280 2625 et
297 2575 493 2636 uiridissimus,
517 2581 609 2626 mutae
633 2581 660 2626 et
678 2576 738 2626 sine
761 2591 830 2625 uoce
849 2580 920 2624 sunt.
956 2574 1104 2639 agredulae
1123 2589 1208 2623 ranae
1232 2587 1335 2638 paruae
1359 2572 1390 2622 in

251 2644 327 2692 sicco
346 2643 390 2692 uel
410 2644 485 2708 agris
497 2649 644 2704 morantes,
663 2643 735 2695 unde
750 2649 777 2693 et
789 2647 974 2707 nuncupatae.
1002 2648 1106 2708 negant
1119 2641 1229 2706 quidam
1246 2655 1330 2691 cenes
1347 2639 1389 2690 la-

211 2766 213 2776 ,
251 2715 334 2770 trare,
355 2711 562 2774 quibusinoffa
580 2727 648 2761 rana
666 2713 732 2762 uina
751 2709 930 2760 fueritdata.’
961 2708 1079 2775 dOsqq.:
1100 2710 1230 2774 ‘Spongia
1250 2708 1388 2774 elingere

251 2778 280 2828 id
298 2783 341 2827 est
358 2779 478 2828 nitidare
498 2785 526 2827 et
545 2785 688 2844 extergere
707 2780 791 2830 dicta.
822 2779 965 2828 Afranius:
984 2779 1094 2828 Accede
1113 2779 1148 2828 ad
1166 2783 1204 2840 te,
1221 2783 1252 2827 ut
1264 2777 1317 2827 tibi
1330 2793 1389 2826 cer·

250 2845 341 2894 uicem
365 2843 466 2910 fingam
483 2845 586 2908 linteo,
610 2847 637 2896 id
663 2852 705 2896 est
728 2852 877 2910 extergam.
913 2845 1029 2896 Cicero:
1049 2845 1241 2910 Effingebatur
1263 2845 1389 2910 spongiis

251 2913 380 2977 sanguis,
409 2913 436 2962 id
468 2917 509 2962 est
537 2915 733 2980 extergebatur
762 2913 808 2978 (rs.
838 2916 942 2965 Seruius
971 2915 1037 2964 Aen.
1064 2913 1145 2964 VIII
1166 2913 1238 2976 634).
1285 2913 1388 2962 aninral

252 2985 344 3030 autem
363 2995 423 3030 esse
442 2981 555 3032 docetur
573 2997 668 3033 cruore
687 2983 849 3032 inhaerente
873 2983 967 3048 petris.
994 2981 1066 3031 unde
1086 2987 1114 3032 et
1131 2981 1193 3030 dum
1207 2981 1388 3040 abscinditur,

252 3049 413 3113 sanguinem
432 3049 556 3100 remittit.
592 3066 656 3100 nam
679 3051 735 3100 alia
759 3057 823 3100 sunt
846 3051 971 3100 uiuentia
995 3051 1023 3100 in
1042 3051 1121 3114 aquis
1140 3057 1168 3100 et
1185 3049 1343 3100 discurrunt
1360 3053 1391 3098 ut

250 3116 351 3181 pisces,
372 3115 445 3166 aliae
464 3123 540 3168 stant
557 3117 627 3168 fixae
647 3125 676 3168 ut
693 3123 800 3168 ostreae
820 3119 912 3168 echini
938 3119 1081 3184 spongiae.
1118 3133 1150 3168 ex
1173 3117 1216 3168 his
1238 3117 1309 3167 alies
1333 3132 1389 3191 prs·

251 3199 295 3234 res
313 3184 383 3246 dici,
410 3201 443 3234 eo
461 3185 532 3251 quod
555 3187 634 3236 tenni
652 3193 715 3237 sunt
734 3186 825 3236 fistula
844 3187 1052 3252 spissioresque,
1073 3187 1143 3236 alias
1163 3187 1294 3244 seminas,
1318 3200 1389 3250 quae

251 3252 401 3302 maioribus
421 3253 518 3303 tistulis
536 3261 600 3304 eunt
619 3269 651 3306 ec
670 3256 818 3320 perpetuis,
839 3255 909 3305 elias
927 3255 1064 3314 duriores,
1089 3269 1156 3318 quos
1174 3253 1275 3304 Graeci
1295 3253 1389 3318 appel·

250 3320 310 3370 lant
328 3313 449 3386 τράγους
468 3327 496 3370 et
513 3337 562 3372 nos
579 3322 704 3373 hircosas
722 3323 815 3374 dicere
833 3339 975 3388 possumus
993 3323 1027 3373 ob
1047 3323 1225 3387 asperitatem
1243 3323 1295 3371 sui.
1323 3321 1389 3371 mol·

250 3388 383 3439 lissimum
402 3405 489 3456 genus
512 3406 606 3440 aarum
624 3391 749 3456 penicilli
767 3397 910 3450 uocantur,
932 3407 963 3440 eo
982 3391 1052 3454 quod
1072 3397 1154 3456 aptae
1168 3392 1223 3440 sint
1241 3389 1276 3440 ad
1295 3389 1389 3440 oeulo-

249 3473 309 3508 rum
326 3463 446 3509 tumores
470 3463 498 3508 et
517 3459 552 3509 ad
577 3460 758 3525 extergendas
776 3459 956 3524 lippitudines
974 3459 1064 3508 utiles.
1102 3458 1237 3508 candidae
1255 3459 1389 3524 spongias

252 3541 318 3576 cura
336 3525 418 3588 fiunt;
441 3543 493 3592 per,
513 3533 649 3576 aestatem
673 3529 744 3577 enim
769 3527 802 3576 ad
827 3528 911 3577 solem
934 3532 1091 3577 sternuntur
1114 3533 1141 3576 et
1164 3528 1236 3576 sicut
1258 3541 1322 3576 cere
1341 3542 1389 3590 pn-

250 3594 315 3644 nica
338 3593 484 3644 candorem
507 3593 623 3644 bibunt)
665 3593 711 3646 63:
741 3595 915 3646 ‘Animalium
939 3596 1057 3644 omnium
1081 3595 1109 3644 in
1133 3595 1212 3660 aquis
1234 3595 1390 3644 uiuentium

251 3663 361 3712 nomina
379 3661 509 3712 ch1111
526 3663 633 3714 Plinius
652 3663 705 3723 ait,
725 3663 815 3713 diuisa
834 3663 862 3712 iu
880 3663 1027 3727 generibus
1050 3662 1202 3722 belluarum
1221 3663 1390 3728 serpentium

251 3731 431 3780 communium
454 3736 546 3781 terrae
570 3737 597 3780 et
621 3747 724 3796 aquae,
754 3728 912 3782 cancrorum
937 3730 1103 3781 concharum
1126 3731 1292 3782 locustarum
1314 3730 1389 3796 pelo·

250 3797 336 3848 ridum
360 3799 518 3864 polyporum
535 3799 672 3848 solearum
689 3799 854 3849 lacertorum
873 3805 901 3849 ct
922 3799 1077 3863 lulliginum
1101 3804 1128 3849 et
1149 3799 1192 3848 his
1211 3799 1328 3861 similia,
1356 3815 1391 3848 ex

251 3865 348 3930 quibus
367 3866 454 3918 multa
472 3866 588 3930 quodam
606 3872 722 3918 naturae
741 3867 886 3917 intellectu
905 3872 1054 3932 temporum
1072 3883 1181 3917 snorum
1198 3867 1322 3917 ordinem
1341 3883 1391 3932 ag-

251 3939 375 3996 noscunt,
395 3934 530 3999 quaedem
548 3951 614 3984 uero
632 3936 735 3984 insuia
753 3935 821 3984 locis
840 3936 900 3986 sine
919 3937 1071 3984 mutatione
1091 3933 1246 4002 negantur.¹
1281 3933 1326 3984 διε
1348 3935 1391 3984 ‘In

250 4001 372 4067 piscibus
396 4007 487 4052 autem
511 4003 622 4053 seminis
645 4003 718 4053 aliae
742 4005 934 4054 commixtione
964 4003 1080 4054 maseuli
1107 4004 1267 4068 concipiunt
1290 4008 1320 4053 et
1340 4019 1389 4068 pa·

250 4069 324 4118 riunt
336 4067 456 4132 catulos,
477 4069 550 4120 aliae
563 4077 666 4137 ponunt
679 4087 732 4122 oua
749 4072 808 4122 sine
826 4071 941 4122 masculi
954 4072 1146 4122 commixtione
1159 4077 1297 4136 suscepta,
1317 4087 1391 4136 quae

251 4136 323 4188 idem
346 4137 493 4202 insequens
517 4139 560 4188 sui
585 4139 697 4188 seminis
722 4139 797 4190 iactu
814 4140 970 4204 perfundit,
995 4147 1023 4190 et
1041 4155 1111 4206 quae
1129 4139 1182 4190 hoc
1199 4154 1311 4188 munere
1330 4139 1390 4190 ius·

250 4205 306 4254 rint
324 4205 433 4268 afflata,
456 4205 526 4256 frunt
547 4206 733 4272 generabilia,
758 4223 828 4272 qnae
851 4223 917 4258 nero
934 4208 1047 4273 pertusa
1070 4223 1123 4257 non
1142 4207 1259 4266 luerint,
1282 4207 1390 4258 sterilia

251 4279 431 4338 perseuerant
457 4280 505 4323 aot
527 4272 707 4340 putrescunt’
748 4275 772 4324 7.
794 4275 849 4326 ‘De
869 4275 990 4326 auibus.l
1029 4273 1073 4325 19:
1099 4277 1218 4326 ‘Ferunt
1235 4276 1263 4324 in
1281 4275 1378 4341 Hyper

252 4339 342 4390 boreis
355 4342 478 4406 partibus
496 4343 720 4408 praecinentibus
731 4343 897 4395 citharoedis
909 4343 998 4394 olores
1014 4343 1143 4409 plurimos
1161 4342 1291 4394 aduolare
1311 4348 1390 4409 apte-

252 4423 304 4474 que
321 4408 464 4460 admodum
481 4411 635 4462 concinere.
672 4411 762 4464 olorcs
779 4417 869 4464 autem
885 4411 1000 4464 latinum
1016 4427 1115 4464 nomen
1131 4417 1185 4464 estr
1208 4426 1272 4462 nem
1287 4426 1390 4480 graece
