3138 5100
271 353 332 418 488
686 374 718 415 ιι
734 373 832 415 ιιιιιι
847 372 993 414 renarra

271 529 303 588 in
325 528 394 608 plue
417 528 527 606 viginti
550 526 699 606 exemplis
720 547 783 586 nou
806 525 931 605 repperi
957 525 1017 584 uiui
1039 525 1176 605 quinque
1197 523 1313 584 ordinis
1335 545 1407 584 eon·

270 619 370 705 trarii,
403 631 429 690 si
454 629 544 690 modo
571 628 609 688 ab
635 649 763 689 unorum
789 631 914 687 ciuilium
943 631 1078 687 bellorum
1117 625 1186 707 (vel
1207 631 1301 685 ciuilia
1324 623 1414 704 aelli),

271 735 428 794 mentione
448 733 627 804 recesseris,
652 733 684 790 in
712 752 771 811 quo
798 750 912 808 genere
939 731 1003 790 eolo
1025 731 1139 790 totiena
1160 731 1241 803 fere,
1265 729 1407 809 quotiens

271 835 430 914 praecedit
443 813 650 912 adieclivum,
659 832 742 893 idem
757 829 1002 912 postponitur*).

354 937 429 1014 Peg.
445 936 503 1010 28,
518 936 545 996 8.
558 946 585 995 et
600 943 686 994 uulua
705 941 743 996 ait
757 945 784 994 el
798 943 940 1004 mortuus,
962 955 1018 1014 pro
1041 955 1077 994 eo
1097 933 1182 1014 quod
1204 933 1279 994 inde
1300 931 1339 992 ab
1353 933 1408 992 al·

272 1037 346 1098 dina
361 1040 503 1118 vulgatur
517 1047 602 1098 natur
615 1043 651 1097 sit
662 1047 689 1096 et
705 1049 848 1112 mortuus,
866 1037 989 1096 dubium
1004 1038 1057 1096 vix
1073 1045 1119 1096 eet
1134 1037 1208 1116 quin
1224 1039 1306 1094 recte
1323 1055 1408 1096 erna-

272 1151 320 1200 tur
335 1161 352 1200 e
368 1139 512 1200 librorum
528 1143 677 1220 scriptura
697 1151 783 1200 nalal
796 1151 838 1200 eal
854 1151 881 1199 el
895 1149 1039 1200 mortuus:
1058 1137 1110 1198 ubi
1125 1139 1251 1217 elapsae
1266 1137 1305 1196 ab
1319 1138 1407 1222 initio

272 1252 299 1301 et
314 1244 497 1322 particulae,
523 1264 612 1324 quam
634 1245 820 1324 geminatam
842 1243 970 1322 requirit
989 1240 1226 1320 argumentandi
1240 1239 1407 1313 evidentia,

272 1349 339 1426 ipse
355 1346 481 1404 vitiosus
497 1356 540 1404 eat
554 1345 738 1406 indicativus
754 1345 868 1405 indicio
885 1353 941 1404 est.

356 1447 392 1508 V.
408 1447 464 1520 10,
486 1447 537 1506 ubi
553 1467 675 1527 prorsus
691 1449 866 1510 necessaria
882 1457 931 1506 aul
951 1445 1116 1526 particula,
1139 1446 1191 1526 qui
1211 1446 1289 1506 tueri
1311 1447 1410 1502 Numi·

272 1557 317 1610 alis
332 1559 360 1609 el
379 1553 507 1609 Gaetulia
521 1551 650 1610 Rothiue
666 1571 697 1628 p.
717 1557 763 1613 lll
779 1551 928 1629 potuerit,
945 1567 1037 1626 aegre
1052 1549 1227 1627 intellegas.

357 1651 477 1712 Ibidem
492 1650 624 1731 prodita,
638 1653 670 1710 iu
686 1651 771 1712 libris
788 1651 883 1711 verba
903 1655 943 1710 ad
961 1655 1061 1710 ducem
1081 1671 1231 1710 romanum
1255 1654 1411 1726 peruenire

269 1760 414 1830 poluisse,
436 1756 468 1813 iu
491 1753 598 1832 quibus
620 1755 758 1833 ineptum
775 1763 821 1814 est
836 1754 944 1814 ducem
964 1753 1154 1833 potissimum
1175 1754 1410 1826 commemorari,

174 1875 177 1883 ’
275 1859 332 1916 etsi
362 1855 402 1915 ud
432 1875 539 1916 sanam
568 1855 762 1935 eandemque
791 1857 866 1916 eatis
898 1858 1057 1935 eleganter
1086 1858 1197 1915 elatam
1227 1857 1413 1914 sententiam

275 1959 454 2037 Schopenus
481 1957 563 2036 apud
584 1959 821 2018 Fleckeisenum
847 1959 946 2038 praef.
969 1959 1041 2018 Ter.
1068 1978 1099 2038 p.
1123 1969 1144 2014 v
1171 1959 1216 2017 sio
1239 1959 1412 2017 revocavit:

274 2065 381 2120 adduci
394 2061 514 2119 Romam
534 2064 627 2134 ibique
641 2064 759 2118 euenire
777 2065 919 2134 potuisse,
944 2074 1045 2119 tamen
1070 2080 1121 2120 cur
1139 2059 1222 2138 baud
1243 2059 1346 2140 paullo
1368 2060 1411 2118 le·

273 2163 391 2252 uiorem
407 2161 512 2222 Iacobi
529 2162 678 2223 Gronovii
695 2163 943 2222 emendationem
964 2181 1143 2242 spernamus
1165 2156 1253 2221 atrium
1273 2163 1304 2220 h.
1320 2181 1347 2220 e.
1362 2165 1413 2220 ela·

274 2270 379 2324 minam
395 2287 450 2344 pro
466 2269 566 2324 ducem
583 2265 777 2344 reponentie,
800 2283 937 2325 caussam
957 2285 1021 2324 non
1044 2263 1148 2324 video.
1191 2266 1267 2325 Esto
1288 2271 1321 2324 ut
1342 2283 1413 2344 pro·

274 2369 372 2448 prium
395 2351 448 2426 ait'
461 2366 518 2427 ‘de
540 2367 637 2426 serris
658 2367 855 2426 vaenalibue'
877 2371 984 2426 adduci
1003 2366 1145 2426 verbum:
1172 2376 1204 2425 at
1228 2387 1288 2426 nec
1313 2367 1413 2426 minua

275 2469 398 2549 proprie
425 2470 476 2528 vel
501 2468 673 2528 hereditate
700 2469 751 2526 vel
778 2470 934 2547 emptione
960 2489 1009 2529 ree
1034 2469 1193 2548 quaelibet
1216 2467 1257 2527 ad
1280 2469 1415 2549 aliquem

272 2573 428 2644 peruenire
445 2569 568 2644 dicitur,
593 2591 650 2630 nec
667 2571 790 2630 omuino
807 2573 998 2651 proprietate
1013 2569 1175 2630 verborum
1198 2591 1274 2650 opus
1295 2579 1341 2630 eet
1361 2569 1414 2630 ubi

275 2673 353 2732 nibil
378 2673 436 2732 nisi
463 2672 522 2732 hbe
548 2674 660 2750 agitur,
687 2681 720 2732 ut
747 2693 810 2732 non
837 2673 977 2752 intellegi
1000 2671 1173 2731 declaretur
1201 2670 1351 2752 quomodo
1375 2671 1414 2730 ab

275 2775 359 2834 alas
376 2781 481 2852 captus
498 2783 591 2852 poeta
606 2794 711 2834 servus
727 2776 792 2834 fieri
806 2777 937 2836 Romani
951 2775 1083 2834 hominis
1099 2775 1242 2854 potuerit.
1272 2768 1415 2834 Ceterum

275 2880 374 2934 aiacem
390 2895 463 2935 vere
476 2876 603 2936 Rothius
620 2876 698 2935 dixit
713 2878 773 2935 iam
789 2877 827 2936 ab
844 2897 880 2937 eo
897 2879 1007 2938 lectum
1023 2877 1075 2956 qui
1090 2877 1316 2956 epigrammatis
1330 2875 1415 2956 apud

275 2979 482 3038 Burmannum
505 2989 545 3050 ιι,
562 2985 627 3051 tro,
649 2977 732 3058 apud
748 2979 908 3057 Meyerum
927 2989 994 3052 845,
1015 2979 1098 3038 lrunc
1118 2997 1240 3038 versum
1262 2979 1336 3036 iecit
1357 2980 1416 3036 Ro-

276 3083 367 3138 niuniu
391 3082 509 3139 dacibus
535 3081 634 3138 bellica
655 3085 772 3154 praetia
794 3081 850 3155 sui.
896 3081 988 3142 Vnde
1017 3099 1132 3139 rursum
1161 3081 1225 3139 vita
1250 3081 1415 3138 Petrarcae

277 3183 416 3262 proiecta
384 3183 606 3242 inhumanis
628 3186 748 3240 dacione
767 3193 882 3258 captum
900 3181 982 3242 dicit.
1026 3180 1141 3240 Contra
1164 3181 1319 3260 Schopeui
1342 3202 1416 3240 con-

276 3286 410 3396 iecturqe
426 3285 532 3344 favere
547 3285 611 3344 vita
627 3285 764 3372 Siccouie
779 3285 947 3345 Polentoni
964 3283 1103 3362 (Parerg.
1120 3283 1223 3342 Plaut
1239 3304 1271 3362 p.
1288 3280 1351 3360 635)
1369 3283 1416 3342 vi·

278 3359 445 3461 demini,
437 3408 469 3446 ιιι
486 3407 547 3468 qua
563 3395 608 3446 eet
620 3405 698 3460 puer
712 3367 815 3461 captus
829 3391 899 3447 bello
914 3396 941 3446 el
956 3387 1076 3445 Romam
1091 3389 1210 3453 duatus,
1232 3385 1292 3444 nial
1283 3384 1361 3444 'illa
1376 3403 1417 3444 ex

359 3571 383 3634 ¹⁸)
403 3575 528 3638 Quinque
547 3589 617 3638 quae
638 3575 726 3624 exemi
745 3573 870 3638 exempla
882 3573 952 3622 haec
965 3575 1042 3622 sunt:
1061 3571 1148 3620 hellam
1161 3569 1268 3620 Sieielum
1286 3570 1353 3632 hug.
1370 3567 1412 3628 16,

277 3657 408 3710 Siciliense
427 3657 472 3720 70,
499 3659 662 3722 Philippense
681 3658 749 3722 Aug.
769 3657 811 3707 29.
837 3657 899 3709 Tib.
919 3657 949 3719 3,
978 3657 1137 3706 Vitelliorum
1155 3655 1233 3705 Dour.
1254 3655 1277 3704 1.
1314 3654 1418 3703 Contra

278 3759 347 3807 quae
366 3759 466 3806 magna
485 3743 630 3792 multitudo
648 3740 746 3791 talium
763 3741 852 3792 valet:
874 3743 965 3791 Gallici
981 3743 1110 3806 ciuilisque
1128 3739 1187 3788 belli
1204 3744 1232 3788 et
1252 3740 1343 3788 Gallici
1359 3739 1420 3789 helii

276 3826 327 3878 Iul.
346 3827 390 3888 36,
413 3829 514 3879 Gallieie
532 3827 603 3878 bellic
620 3825 666 3888 69,
686 3827 847 3891 Philippum
866 3825 952 3876 belhem
969 3825 1039 3888 Aug.
1061 3823 1101 3887 13,
1122 3824 1284 3888 Philippense
1302 3829 1327 3872 el
1344 3822 1420 3872 Sicu-

277 3917 324 3962 lam
342 3913 364 3962 l.
383 3914 420 3962 ib.
440 3913 481 3974 22,
504 3912 626 3962 Cimbrico
645 3911 809 3976 Marsicoque
827 3909 850 3960 b.
871 3909 907 3960 ib.
921 3909 962 3970 23,
982 3910 1122 3959 alutinensi
1139 3907 1162 3958 b.
1181 3908 1218 3958 ib.
1232 3907 1274 3970 84,
1294 3907 1327 3957 de
1345 3907 1419 3958 rhet.

279 3996 302 4060 l,
324 3998 473 4048 Cantabrica
491 3997 514 4047 l.
532 3996 601 4062 lug.
620 3994 667 4056 83,
688 3995 866 4046 Alexandrino
891 3995 914 4044 h.
933 3993 994 4044 Tib.
1013 3993 1043 4055 4,
1069 3993 1197 4044 liaelieruu
1214 3993 1421 4057 Vindelicumque

278 4080 343 4144 all,
364 4081 538 4132 Mithridatico
557 4081 580 4130 3.
599 4079 639 4142 37,
661 4081 808 4130 Germanico
827 4079 849 4130 h.
869 4079 975 4140 Nemi,
999 4079 1137 4128 Viriathini
1153 4079 1176 4127 l.
1197 4075 1328 4138 Gilua,
1346 4075 1420 4126 Sam-

248 4161 253 4174 '
277 4165 387 4216 uilicib.
406 4165 461 4214 Vll.
479 4163 552 4214 1.-
573 4165 661 4215 Cluilia
679 4165 745 4214 bella
762 4163 807 4214 rel
825 4165 897 4214 ciuile
916 4163 1002 4213 helima
1019 4161 1107 4212 habes
1125 4161 1176 4211 Iul.
1196 4160 1236 4213 36,
1254 4161 1296 4209 42.
1314 4157 1356 4209 68
1374 4157 1418 4212 83

277 4249 325 4312 86,
344 4249 413 4314 Aug.
432 4247 478 4310 83,
500 4249 597 4299 Claud.
617 4247 662 4310 13,
680 4249 743 4299 Ner.
761 4249 791 4310 2,
810 4247 892 4313 Veep.
912 4247 941 4307 7,
966 4249 1044 4298 Dom.
1063 4244 1111 4307 16,
1135 4247 1167 4296 de
1187 4245 1256 4295 rhet.
1278 4244 1306 4294 1.
1329 4243 1418 4294 helima

278 4336 350 4384 daile
367 4333 412 4383 vel
435 4333 500 4384 hallu
517 4335 601 4382 uitalia
623 4333 674 4382 lul.
692 4331 735 4382 27.
754 4331 795 4383 30.
813 4331 854 4382 34.
874 4329 919 4394 73,
939 4331 1008 4396 Aug.
1026 4329 1051 4380 e.
1070 4329 1113 4380 23.
1132 4329 1173 4381 32.
1192 4329 1239 4392 46,
1253 4313 1355 4378 Claud.
1376 4327 1417 4392 13,

278 4419 360 4482 Veap.
376 4418 411 4466 l.
420 4417 459 4480 12,
478 4419 556 4468 Dum.
574 4415 649 4468 6.-
668 4416 794 4467 Ceterum
813 4415 955 4466 finitimum
974 4429 1061 4482 genua
1078 4415 1161 4481 tetigi
1180 4413 1258 4479 adp.
1277 4411 1318 4474 31,
1339 4409 1379 4462 13.
