3072 5064
320 361 555 432 svrrnirussrs
580 389 669 432 nrum
690 389 733 432 nn
757 389 964 432 ssruoumvn
988 389 1128 432 usrvsrs
1234 373 1296 438 263

149 545 249 592 nstsrc
271 541 366 592 tnnics
388 544 560 592 senectutem
584 540 721 606 deponere
744 546 826 606 utque
849 541 879 590 in
896 543 1038 591 iuuentam
1055 539 1146 590 redire
1167 537 1293 606 perbibe-

152 615 244 660 soror.
282 610 396 659 tunicse
419 614 576 674 serpentum
599 609 716 658 exnuiss
743 614 948 674 nuncupantur,
981 623 1014 659 eo
1037 608 1108 674 quod
1130 609 1164 657 iis
1188 605 1296 671 quando

151 685 307 729 senescunt
334 691 397 727 sess
425 682 540 740 exuunt,
570 677 669 742 quibus
696 678 770 728 exuti
793 677 822 726 in
844 678 985 727 iuuentem
1006 677 1128 728 redeunt.
1169 675 1297 724 dicuntur

155 750 252 796 sutem
270 746 388 796 exuuise
407 751 436 796 et
452 745 591 808 indnuise,
612 746 677 810 quie
688 749 823 795 exuuntur
835 749 864 795 et
875 743 1041 796 induuntur.'
1073 743 1097 794 5.
1123 743 1178 792 ‘De
1196 743 1295 792 uermi-

154 812 228 864 bns)
262 812 289 863 l:
309 813 425 864 ‘Vermis
443 818 486 864 sst
503 813 615 875 snimsl,
636 813 706 878 qnod
723 813 882 879 plerumque
901 813 935 864 do
951 828 1034 863 cerne
1046 811 1091 862 uel
1105 811 1138 860 de
1155 811 1231 876 ligno
1250 809 1295 862 uel

151 881 188 932 de
207 897 376 946 quecumque
399 898 428 932 rs
452 886 562 933 terrens
583 883 644 932 sine
667 880 723 930 ullo
747 882 894 932 concubitu
912 882 1048 948 gignitur,
1073 880 1143 930 licet
1160 893 1295 930 nonnum·

153 965 237 1016 quom
255 956 283 1000 st
305 950 338 999 de
362 949 422 1002 ouis
441 955 590 1002 nascentur
607 955 638 1000 ut
661 951 778 1015 scorpio.
814 955 877 1000 sunt
903 955 994 1002 sutem
1011 963 1118 1000 uermes
1138 951 1185 996 out
1202 951 1294 998 terroe
1366 1005 1373 1022 ·

151 1024 203 1068 snt
220 1033 310 1084 squas
329 1022 377 1068 sut
396 1019 469 1068 seris
486 1024 535 1068 cut
552 1018 676 1068 carnium
696 1023 743 1068 out
761 1017 896 1068 frondium
915 1023 963 1068 sut
984 1017 1119 1081 lignorum
1145 1019 1192 1064 sut
1209 1016 1294 1064 uesti-

150 1085 330 1138 mentorumst
376 1086 406 1135 2:
435 1085 557 1137 ‘brunes
579 1087 680 1136 uermis
708 1087 781 1136 acris
800 1086 835 1136 sb
864 1088 937 1136 seris
965 1085 1131 1136 nutrimento
1155 1083 1294 1148 cognomi·

150 1161 237 1217 nsts,
267 1169 338 1219 quse
367 1154 466 1219 exiguo
490 1171 603 1220 corpore
630 1154 714 1219 longo
737 1153 784 1204 fila
812 1154 933 1204 deducit:
971 1160 999 1204 et
1027 1152 1102 1202 telus
1126 1167 1232 1216 semper
1253 1152 1294 1200 iu·

151 1227 234 1274 tento
263 1237 409 1288 numquam
440 1223 542 1272 desinit
570 1221 713 1284 laborare,
744 1227 902 1288 perpetuum
932 1222 1070 1272 sustinens
1099 1221 1128 1270 in
1156 1233 1206 1269 suo
1235 1225 1294 1268 orte

152 1289 362 1356 suspendium’
410 1288 441 1340 3:
478 1291 668 1355 ‘Sanguisugs
696 1291 797 1340 uermis
826 1291 958 1356 sqnutilis
988 1289 1063 1339 dicta
1093 1289 1157 1352 quis
1185 1287 1296 1352 sangui·

153 1375 220 1410 nem
253 1360 335 1425 sugit.
377 1359 536 1424 potentibus
567 1359 640 1409 enim
669 1359 829 1420 insidietur,
866 1374 980 1424 cumque
1015 1355 1139 1407 illabitur
1167 1355 1295 1404 faucibus

149 1426 198 1477 nel
227 1427 267 1478 ibi
291 1428 400 1492 uspiam
427 1427 617 1489 adhaerescit,
647 1427 809 1493 sanguinem
836 1426 941 1476 haurit:
973 1431 1000 1476 et
1030 1440 1090 1474 cum
1116 1424 1201 1474 nimio
1234 1437 1293 1473 cru·

150 1511 200 1546 ore
230 1494 385 1556 msduerit,
420 1495 449 1545 id
478 1497 580 1546 euomit
609 1496 679 1560 quod
709 1495 819 1558 hausit,
854 1499 885 1544 ut
920 1493 1103 1544 recentiorem
1132 1493 1221 1542 denuc
1250 1507 1294 1541 su·-

150 1561 222 1628 gst.'
264 1563 293 1612 4:
319 1563 448 1628 ‘Scorpio
536 1561 639 1614 snimsl
663 1568 797 1613 armatum
820 1563 933 1625 oculeo,
962 1567 990 1612 et
1013 1577 1046 1610 ex
1070 1575 1103 1610 co
1127 1575 1227 1626 graece
1245 1575 1292 1610 uo·

149 1637 254 1694 cotum,
272 1631 343 1695 quod
360 1632 449 1682 cundo
466 1631 533 1698 figet
550 1635 578 1680 ot
598 1635 712 1681 srcusto
729 1631 842 1682 uulnere
860 1646 968 1680 ueneno
986 1627 1129 1680 diffundat.
1154 1629 1295 1694 proprium

151 1704 249 1749 sutem
269 1703 312 1749 est
329 1700 481 1764 scorpioni,
505 1699 576 1766 quod
592 1714 689 1750 munus
706 1699 826 1764 palmum
848 1715 903 1748 non
922 1695 1023 1750 ferist'
1059 1697 1090 1746 5:
1110 1695 1294 1746 ‘Cantharids

151 1768 258 1818 nemis
280 1772 421 1830 terrenus,
449 1769 495 1832 qui
517 1767 635 1818 hnmano
658 1767 766 1832 corpori
789 1767 885 1818 statim
907 1773 937 1818 ut
959 1765 1043 1817 fucrit
1066 1764 1222 1830 applicatus
1250 1766 1293 1814 sui

154 1835 303 1887 sdnstions
321 1836 432 1886 uesicas
455 1835 543 1886 efficit
559 1835 658 1901 plenos
675 1833 805 1886 humore)
840 1835 869 1885 d:
894 1835 1034 1900 ‘Multipes
1052 1834 1153 1882 uermis
1170 1839 1294 1882 terrenus

151 1920 186 1954 ex
205 1903 382 1954 multitudine
409 1902 507 1968 pedum
531 1909 660 1964 uocatus,
688 1905 734 1968 qni
758 1907 901 1957 contectus
925 1905 953 1953 in
976 1902 1087 1969 globum
1106 1902 1293 1968 complicatur.

151 1973 281 2022 nascitur
297 1971 348 2021 snb
367 1973 453 2036 petris
471 1987 505 2021 ex
523 1971 633 2022 humore
653 1977 680 2021 et
697 1970 790 2021 terrc.’
825 1971 853 2020 7:
873 1973 982 2022 ‘Limen
999 1970 1099 2021 uermis
1118 1970 1177 2018 limi
1195 1970 1293 2030 dictus,

153 2039 227 2106 qnod
245 2041 275 2088 in
293 2039 359 2089 limo
377 2040 423 2089 nel
441 2041 475 2090 de
493 2039 558 2089 limo
577 2045 717 2102 nuscetur,
736 2040 808 2090 unde
827 2045 856 2090 et
873 2040 998 2090 sordidus
1016 2053 1123 2103 semper
1142 2043 1169 2087 et
1182 2037 1293 2086 immun·

149 2110 201 2158 dns
218 2105 356 2158 hebetur!
396 2106 425 2156 8:
450 2108 582 2171 ‘Bombyx
606 2107 742 2172 frondium
764 2109 881 2169 nemis,
901 2123 934 2160 ex
953 2109 1030 2158 cuius
1049 2110 1161 2156 textura
1179 2106 1291 2168 bomby-

150 2176 242 2226 cinum
262 2175 414 2226 conficitur.
449 2175 605 2242 appelletur
623 2182 714 2226 sutem
733 2175 784 2226 hoc
802 2177 910 2226 nomine
930 2177 965 2225 sb
985 2191 1017 2226 eo
1041 2173 1112 2238 quod
1131 2179 1289 2234 euucuctur,

153 2245 218 2294 dum
233 2243 282 2293 fils
294 2249 412 2309 generat
429 2248 458 2292 et
476 2259 525 2294 aer
542 2244 617 2293 solus
634 2245 663 2292 in
682 2259 714 2294 eo
733 2242 895 2293 remanent!
923 2243 952 2293 9:
972 2243 1072 2292 ‘limen
1085 2241 1220 2290 frondium
1233 2255 1294 2290 ner-

153 2314 204 2362 mis
222 2313 253 2360 in
271 2310 392 2362 cleribus
410 2311 455 2361 uel
473 2313 602 2376 psmpino
619 2312 757 2374 inuoluto,
783 2313 817 2361 ub
841 2311 977 2362 erodendo
995 2311 1086 2370 dicto,
1113 2309 1147 2358 de
1166 2323 1220 2373 qus
1238 2324 1293 2358 me-

152 2381 234 2430 minit
255 2379 385 2430 Plautus:
413 2380 541 2429 Imitatus
566 2395 684 2444 nequam
707 2379 824 2430 bestium
848 2386 876 2430 et
903 2378 1058 2430 maleficum
1086 2376 1239 2426 inuolutum
1265 2377 1293 2426 in

150 2448 283 2514 pampino
296 2445 398 2508 (cistell.
417 2447 485 2496 IIII
498 2450 521 2505 6,
535 2450 589 2510 62).
608 2447 733 2513 implicat
744 2463 773 2496 se
788 2448 882 2498 eudem
895 2463 948 2498 nec
961 2445 1074 2497 sduolst
1086 2449 1116 2494 ut
1128 2445 1243 2506 locuste,
1263 2449 1294 2492 ut

151 2517 205 2566 huc
224 2515 347 2580 illucque
366 2515 522 2566 discurrens
541 2515 691 2580 semipasta
710 2515 845 2575 dimittam
869 2515 919 2566 sed
936 2520 1079 2582 permonet
1096 2513 1225 2577 perituris
1238 2513 1293 2562 frn-

151 2585 233 2649 gibns
247 2591 276 2633 et
293 2583 373 2633 tsrdo
390 2583 471 2648 lspsu
489 2583 630 2648 pigrisque
648 2585 782 2635 morsibus
801 2585 933 2634 uniuerso
953 2579 1107 2634 consumit)
1146 2579 1189 2630 10:
1208 2581 1292 2630 Tere·

154 2653 241 2703 dones
261 2651 362 2701 Graeci
385 2656 488 2702 uocant
509 2651 644 2716 lignorum
666 2665 788 2710 uermes,
818 2651 888 2717 quod
911 2653 1024 2702 terendo
1049 2651 1139 2700 edant.
1176 2649 1225 2698 hos
1242 2663 1292 2699 nos

155 2721 281 2770 termites
299 2719 433 2770 dicimus’
472 2717 515 2768 ll:
536 2719 635 2769 ‘Tinea
652 2721 876 2770 uestimentorum
889 2721 997 2781 normis,
1017 2721 1092 2770 dictu
1111 2718 1181 2782 qnod
1198 2723 1293 2766 tenent

152 2797 180 2838 et
193 2805 227 2838 eo
239 2802 328 2852 nsque
338 2787 473 2848 insideat,
492 2787 581 2852 quoad
596 2788 699 2838 crodst.
721 2787 785 2839 inde
795 2789 921 2854 pertinax
933 2789 1034 2839 dicitur
1052 2803 1084 2838 eo
1103 2786 1173 2852 quod
1185 2787 1214 2834 in
1228 2801 1293 2835 ssu·

149 2857 211 2907 dem
224 2871 283 2905 rom
296 2853 446 2906 identidem
456 2854 575 2920 urgent)
602 2855 632 2903 12
643 2871 714 2925 sqq.:
738 2857 858 2905 ‘vermes
871 2858 1007 2906 carnium:
1025 2855 1211 2907 hemicranius
1222 2853 1289 2904 lum-

149 2925 244 2976 bricus
257 2923 404 2974 sscsridse
424 2924 494 2973 costi
512 2921 632 2988 pediculi
649 2923 756 2989 pulices
775 2924 870 2974 lendes
883 2930 986 2974 termus
1000 2926 1104 2975 ricinus
1116 2923 1179 2973 usis
1193 2924 1289 2972 cimex.

148 2992 338 3042 hemicranius
355 2992 457 3042 normis
471 2991 572 3056 cupitis
590 2997 714 3042 uocatur.
751 2992 899 3042 lumbricus
916 2994 1016 3044 ucrmis
1029 2993 1222 3044 intestinorum
1234 2991 1292 3040 dic-

149 3065 194 3110 tos
213 3061 294 3125 qussi
312 3058 443 3121 lubricus,
462 3060 527 3124 quis
544 3057 647 3109 labitur
665 3059 710 3110 nel
729 3061 799 3125 quod
817 3062 846 3110 in
864 3061 963 3111 lumbis
976 3063 1021 3111 sit.
1036 3099 1042 3110 .
1055 3097 1080 3110 ..
1100 3059 1220 3126 pediculi
1232 3075 1293 3108 uer-

150 3145 208 3180 mes
228 3129 301 3178 cutis
325 3143 342 3177 s
364 3127 480 3193 pedibus
509 3127 587 3178 dicti.
624 3128 695 3178 unde
721 3134 749 3178 et
771 3127 925 3193 pediculosi
943 3130 1080 3192 dicuntur,
1101 3129 1198 3194 quibus
1216 3127 1292 3193 podi-

150 3196 207 3247 cnli
226 3197 255 3246 in
274 3209 388 3260 corpore
407 3195 599 3246 efferuescunt.
630 3195 736 3261 pulices
748 3211 813 3246 uero
825 3197 918 3246 uocati
932 3199 1002 3262 qnod
1022 3215 1055 3247 ex
1073 3197 1185 3263 puluere
1204 3195 1293 3260 magis

149 3266 317 3314 nutriuntur.
415 3269 518 3313 tarmus
542 3265 643 3314 normis
662 3269 705 3314 est
722 3264 802 3314 lardi.
833 3266 936 3315 ricinus
959 3266 1059 3314 rrsrmis
1078 3271 1121 3316 cst
1144 3265 1221 3314 cenis
1245 3279 1291 3313 uo·

150 3340 230 3382 cetus
249 3347 283 3382 eo
302 3332 374 3396 quod
392 3332 489 3382 hoeret
512 3332 540 3381 io
564 3333 675 3382 curibus
692 3347 798 3382 canum.
834 3324 911 3382 udos
931 3335 1003 3384 enim
1022 3349 1123 3398 graece
1143 3333 1221 3382 cenis
1241 3337 1290 3380 est.

148 3403 211 3451 usis
234 3401 337 3450 normis
355 3405 398 3449 est
415 3400 506 3464 porci,
527 3399 669 3466 appollstu
688 3401 753 3464 quis
771 3400 834 3450 urit.
870 3417 935 3452 num
952 3403 1000 3451 ubi
1019 3401 1202 3461 momorderit,
1222 3399 1292 3448 adeo

148 3468 225 3520 locus
244 3468 337 3530 ardet,
360 3473 391 3518 ut
412 3468 507 3517 stetim
524 3469 564 3517 ibi
590 3469 702 3518 uesicae
721 3468 797 3518 flunt.
834 3469 922 3518 cimex
945 3471 978 3520 dc
1002 3469 1182 3518 similitudine
1201 3469 1291 3516 cuius-

147 3537 210 3587 dsm
228 3537 332 3586 herbae
355 3540 485 3596 uocatus,
514 3537 592 3586 cuius
615 3536 731 3586 fetorem
754 3535 859 3586 hebet'
902 3535 946 3586 18:
968 3537 1090 3601 ‘Proprie
1115 3541 1207 3584 cutem
1229 3549 1290 3584 uer·

151 3607 202 3655 mis
220 3607 250 3654 in
274 3619 357 3654 carne
381 3604 455 3669 putri
479 3605 601 3654 nescitur
624 3605 700 3654 tinec
718 3605 746 3654 in
764 3605 938 3654 uestimentis
957 3619 1039 3654 eruce
1057 3606 1085 3654 in
1104 3604 1178 3652 olore
1196 3603 1291 3652 teredo

149 3673 179 3722 in
196 3673 274 3739 ligno
296 3677 401 3722 termus
425 3673 454 3721 in
478 3671 574 3722 lardo)
613 3671 656 3722 19:
681 3673 803 3722 ‘Vermis
822 3689 875 3722 non
893 3678 924 3721 ut
941 3687 1054 3736 serpens
1080 3671 1184 3736 apertis
1202 3672 1290 3736 possi·

150 3741 200 3790 bns
223 3741 271 3791 uel
293 3755 495 3806 squammarum
514 3739 619 3791 nisibus
638 3741 725 3805 repit,
750 3742 886 3805 quianon
906 3745 948 3790 ost
973 3741 1013 3790 illi
1033 3741 1129 3804 spinae
1148 3739 1238 3804 rigor,
1261 3745 1292 3788 ut

152 3809 278 3871 colubro,
306 3808 357 3859 sed
383 3810 413 3858 in
436 3809 569 3858 directum
598 3807 754 3874 corpusculi
777 3809 818 3857 sui
843 3814 935 3874 purtcs
962 3809 1099 3874 gradatim
1127 3807 1291 3873 porrigendo

150 3882 319 3936 contrectes,
338 3876 525 3927 contrahendo
537 3883 687 3942 porrectus,
707 3883 806 3928 motum
826 3877 954 3942 explicat,
975 3877 1070 3942 sicque
1090 3876 1212 3941 agitatus
1230 3892 1292 3942 per·

149 3942 273 3996 labitur)
308 3945 334 3994 d.
359 3945 416 3996 ‘Do
439 3943 581 4010 piscihus)
616 3947 644 3996 4:
671 3945 806 3995 ‘Piscium
829 3960 894 3995 nero
918 3949 1015 4010 postea
1038 3943 1173 4010 paulatim
1197 3945 1291 4010 cogni·

151 4013 187 4062 tis
204 4013 355 4080 generibus
371 4014 484 4063 nomino
503 4014 631 4063 instituto
649 4019 712 4062 sunt
731 4019 779 4062 srrt
797 4029 830 4062 cx
848 4013 1028 4064 similitudine
1047 4013 1217 4064 terrestrium
1231 4015 1290 4062 sni·

153 4081 277 4140 molium,
305 4088 354 4132 ent
377 4097 410 4130 ex
433 4083 526 4146 specie
549 4082 662 4148 propris
680 4082 739 4132 siue
758 4081 878 4131 moribus
896 4097 945 4132 seu
965 4081 1053 4132 coloro
1072 4080 1117 4130 nel
1136 4080 1223 4147 fignrs
1242 4087 1291 4130 sut

153 4148 235 4200 sexu!
274 4149 310 4200 cf.
337 4149 461 4200 Ambros.
485 4149 547 4199 hex.
569 4151 632 4200 V2.
668 4149 697 4199 5:
726 4149 783 4199 ‘Ex
805 4150 983 4200 similitudine
1007 4149 1176 4199 terrestrium
1199 4155 1229 4199 ut
1247 4165 1290 4199 rs·

153 4231 203 4268 nse
224 4217 320 4268 leones
344 4223 372 4266 et
394 4217 474 4266 uituli
498 4224 526 4269 et
550 4219 621 4285 nigri
640 4217 762 4268 merulae
787 4224 815 4268 et
837 4219 903 4284 psni
926 4219 1034 4268 diuerso
1054 4216 1154 4280 colore,
1173 4217 1244 4268 collo
1263 4223 1291 4268 et

154 4283 229 4336 dorso
248 4287 320 4351 picti
343 4289 372 4335 et
395 4285 467 4335 turdi
486 4285 623 4338 slbousrii
642 4291 670 4336 et
688 4292 783 4336 cetero
801 4301 873 4350 qrrse
897 4287 949 4335 sibi
968 4290 1044 4336 iuxta
1063 4287 1171 4350 species
1189 4291 1289 4336 terres-

154 4355 231 4406 trium
255 4352 419 4404 animalium
437 4355 549 4405 nomios
572 4355 758 4406 uindicarent.
800 4369 834 4404 ex
855 4355 976 4405 moribus
994 4354 1172 4416 terrestrium,
1195 4360 1226 4403 nt
1243 4371 1289 4404 cs·

155 4435 200 4474 nes
218 4423 247 4472 in
266 4421 337 4472 msri
356 4436 372 4471 s
390 4423 507 4473 terrenis
525 4425 641 4474 csnibns
658 4424 821 4488 nuncupati,
846 4423 915 4489 quod
928 4423 1076 4486 mordeant,
1092 4428 1121 4474 et
1131 4423 1198 4490 lupi,
1218 4425 1288 4491 quod
