3190 5098
710 433 815 477 onear
836 435 847 476 r
1288 417 1351 480 42³

205 607 309 668 neque
321 587 411 648 aliter
423 585 603 648 Suetonium
616 585 654 647 de
664 583 784 648 Seneca
797 586 828 646 in
837 587 901 646 vita
913 587 979 648 eius
991 585 1144 646 iudicasse
1154 585 1257 648 verbis
1272 605 1351 668 quae

206 690 237 750 in
257 689 380 750 Nerone
395 679 420 748 ι’.
438 697 472 751 52
489 697 595 750 extant
608 689 773 749 iudicatur:
797 711 815 748 a
829 691 988 764 cognitione
1000 699 1127 748 ueterum
1141 699 1288 748 oratorum
1301 691 1350 748 Se·

207 809 279 850 uero
285 801 464 867 praereptor
476 789 632 869 (avertit),
648 811 703 866 qao
714 795 820 850 diutius
828 797 856 850 iu
868 795 1057 851 admiratione
1069 797 1116 852 sui
1129 797 1275 851 detineret.
1298 811 1350 852 ve·

166 919 177 936 ¹
207 903 288 956 teres
301 905 402 954 autem
411 902 561 968 oratores,
572 901 606 953 ut
615 895 788 954 sententiae
802 911 900 954 nexus
911 893 1053 968 ostendit,
1066 892 1246 955 Ciceronem
1257 896 1351 954 uomi-
1380 906 1386 919 “

206 999 394 1078 nateiusque
403 995 559 1076 aequales.
574 1015 664 1076 quem
676 995 1351 1077 huiusmodiverborumusumapteconponas
1463 989 1467 1004 '

208 1119 278 1160 eum
301 1099 393 1158 simili
412 1100 442 1158 iu
460 1097 554 1158 Probi
572 1101 636 1158 vita
654 1099 822 1172 sententia,
842 1117 933 1180 quam
950 1119 1042 1178 snpra
1060 1121 1088 1179 p.
1108 1109 1159 1162 395
1177 1097 1351 1161 inlustravi-

208 1221 282 1262 mus.
317 1221 410 1281 aquo
430 1221 492 1262 non
508 1199 651 1275 dissidet,
671 1199 750 1281 quod
768 1203 1044 1282 antiquissimorum
1063 1209 1220 1281 poetarum
1239 1221 1349 1262 memo·

206 1304 300 1377 riam,
322 1323 401 1384 quae
419 1323 486 1364 cum
500 1304 632 1364 Neronis
648 1311 749 1364 aetate
764 1306 885 1364 omnino
903 1303 1018 1364 abolita
1035 1311 1129 1376 esset,
1153 1324 1172 1363 a
1186 1303 1287 1364 Probo
1301 1323 1349 1366 re·

207 1407 353 1466 suscitata
369 1415 450 1480 erat,
465 1405 609 1485 religiose
624 1406 663 1466 ad
675 1413 813 1486 posteros
827 1425 997 1488 propagare
1013 1403 1138 1466 studuit.
1168 1425 1229 1486 qua
1239 1427 1272 1466 re
1288 1425 1350 1466 non

207 1508 305 1586 magis
320 1509 471 1568 aratione
483 1527 539 1568 sua
554 1507 699 1582 descivit,
715 1529 806 1589 quam
819 1509 881 1570 dur
895 1517 926 1570 et
936 1515 1043 1569 auctor
1055 1508 1121 1569 eius
1133 1507 1351 1586 Quintilianus,

208 1612 261 1691 qni
282 1609 360 1670 libro
384 1610 502 1670 decimo
524 1620 632 1691 poetas
655 1621 810 1672 vetustate
831 1631 936 1672 sacros
951 1591 1229 1690 silantiopremere
1243 1611 1350 1672 noluit
1431 1591 1434 1604 ⁵

294 1713 404 1772 Restat
417 1722 451 1774 ot
465 1712 571 1791 paucis
592 1715 803 1794 quaestionem
822 1714 860 1775 de
880 1712 1069 1788 auctoribus,
1092 1695 1169 1793 duos
1187 1711 1351 1772 Suetonius

210 1816 376 1889 consuluit,
388 1815 554 1876 absolvam.
573 1813 719 1876 Varronis
730 1817 896 1896 praecipue
908 1817 1021 1897 copiis,
1034 1815 1066 1876 iu
1077 1813 1125 1874 his
1137 1813 1216 1874 libro
1227 1811 1266 1874 de
1277 1833 1349 1894 poc·

209 1919 263 1990 tis,
280 1935 369 1977 usam
390 1935 458 1976 esse
473 1917 667 1978 Bitschelius
682 1937 800 1998 parerg.
816 1919 915 1979 Plaut
932 1937 961 1997 p.
978 1927 1030 1982 tlt
1048 1916 1170 1976 monuit.
1202 1917 1298 1976 veluti
1314 1934 1351 1975 ea

209 2039 289 2099 quae
315 2019 353 2080 de
374 2019 477 2080 Plauti
499 2020 564 2078 vita
590 2021 669 2100 apud
690 2021 909 2102 Hieronymum
935 2028 1117 2101 supersunt
1140 2019 1261 2098 (fragm.
1283 2019 1351 2096 7²⁸),

208 2122 387 2182 manifestus
402 2141 470 2180 curu
485 2121 632 2182 Varronis
649 2125 821 2182 testimonio
837 2141 855 2181 a
872 2121 976 2182 Gellio
992 2121 1084 2194 1113,
1101 2131 1134 2182 lt
1146 2119 1265 2198 prolato
1281 2139 1352 2179 con·

209 2243 317 2284 sensus
341 2223 412 2284 huic
434 2222 539 2283 deberi
563 2223 685 2283 evincit.
718 2243 777 2284 uec
795 2225 923 2284 recessit
941 2243 959 2282 a
976 2221 1209 2300 diligentissimo
1226 2223 1351 2282 investi·

210 2335 316 2404 gatera
334 2325 524 2405 antiquitatis
540 2327 571 2385 in
587 2345 666 2386 auno
683 2325 786 2386 mortis
800 2327 901 2385 Naevi
918 2323 1129 2386 constituendo
1142 2323 1264 2402 (fragm.
1278 2324 1351 2402 6²⁸³),

211 2428 249 2487 oi.
267 2425 377 2488 Cicero
389 2429 471 2487 Brut.
491 2439 540 2500 15,
560 2439 604 2492 60.
631 2448 689 2488 nea
706 2427 841 2489 eiusdem
856 2426 1002 2487 indicium
1018 2425 1056 2486 de
1068 2427 1196 2486 Terenti
1211 2425 1352 2506 adelphis

210 2531 241 2590 iu
265 2533 331 2590 vita
351 2539 461 2609 poetae
493 2532 666 2610 praeteriit,
694 2533 742 2590 oui
766 2531 858 2591 etiam
879 2530 1059 2590 lectissimas
1086 2527 1296 2588 adnotationes
1321 2529 1352 2586 in

212 2631 319 2692 eadem
335 2632 450 2712 positas
470 2633 604 2713 inprimis
625 2641 772 2713 excerpta
788 2653 826 2692 aa
849 2631 936 2692 libris
956 2631 1056 2691 Licini
1073 2632 1163 2691 Porci
1183 2640 1214 2690 et
1229 2629 1353 2690 Volcati

211 2733 344 2811 Sedigiti
360 2731 399 2793 de
414 2736 530 2814 poetis,
546 2735 599 2814 qui
613 2735 753 2796 versibus
769 2735 931 2812 conscripti
946 2743 1048 2808 erant,
1065 2731 1266 2794 vindicandas
1284 2751 1353 2792 esse

212 2834 411 2915 probabiliter
418 2836 605 2897 Ritschelius
618 2838 750 2897 coniecit
760 2837 780 2898 l.
790 2857 814 2898 c.
821 2857 853 2918 p.
860 2845 920 2899 Μ
934 2857 1041 2896 verum
1052 2856 1112 2896 non
1124 2834 1220 2896 solam
1229 2834 1269 2894 de
1280 2853 1353 2914 poe-

211 2939 250 2997 tis
262 2947 293 2997 et
303 2938 452 3016 poematia
462 2941 636 3000 memoriam
648 2939 869 3000 Varroniauam
884 2949 1005 2999 secutus
1015 2937 1151 2998 videtur:
1163 2937 1208 2998 sic
1223 2956 1261 2996 ea
1273 2955 1353 3016 quae

210 3039 251 3100 de
264 3040 374 3100 Servio
385 3039 494 3100 clodio
505 3043 703 3119 grammatico
717 3063 745 3124 p.
761 3051 824 3117 10⁶2,
836 3051 927 3122 tsqq.
941 3040 1048 3115 tradit,
1064 3039 1211 3101 Varronis
1225 3039 1286 3099 lide
1297 3039 1353 3098 niti

213 3141 364 3202 Plinienis
375 3161 405 3201 n.
422 3141 449 3200 h.
467 3143 562 3204 XXV
574 3153 608 3206 ιι
622 3145 727 3205 verbis
739 3143 891 3204 docemur.
920 3143 1031 3204 deinde
1050 3151 1169 3202 ceteros
1183 3141 1354 3202 inlustrium

213 3245 345 3304 virorum
356 3245 520 3325 scriptores
532 3245 686 3318 adhibuit,
703 3265 827 3326 quornm
846 3245 884 3306 de
897 3247 1043 3306 memoria
1053 3247 1132 3305 vitas
1148 3261 1219 3303 suas
1231 3244 1353 3301 eonein·

212 3357 310 3406 naret.
329 3347 459 3408 Santrae
470 3349 648 3409 testimoniis
661 3349 691 3408 in
702 3349 899 3408 vitaTerenti
912 3357 942 3408 et
955 3347 1040 3408 Curti
1047 3345 1156 3406 Niciae
1166 3343 1353 3424 grammatici

212 3451 322 3527 utitur;
346 3451 475 3530 Nepotis
492 3471 565 3512 vero
582 3451 793 3510 auctoritatem
807 3451 836 3509 in
855 3449 962 3510 eadem
977 3449 1043 3507 vita
1054 3448 1183 3507 Terenti
1198 3453 1230 3506 et
1243 3447 1275 3506 iu
1291 3447 1355 3505 vita

213 3551 361 3612 Voltacili
377 3553 458 3612 Ploti
479 3553 609 3613 rhetoris
624 3561 757 3632 usurpat.
791 3552 903 3632 quihus
921 3549 1094 3612 auctoribus
1110 3546 1355 3610 adnumerandus

214 3665 262 3714 eat
284 3655 428 3736 Hyginus
451 3653 490 3715 de
512 3654 689 3715 inlustribus
709 3655 797 3726 viris,
821 3655 878 3714 etsi
901 3655 932 3713 in
953 3653 1094 3734 reliquiis
1113 3651 1224 3712 nostris
1244 3669 1354 3711 nomen

215 3759 281 3817 eius
303 3777 363 3816 non
387 3766 540 3837 conparet.
578 3768 699 3839 praeter
720 3758 815 3817 libros
836 3775 911 3816 vero
933 3755 971 3816 de
995 3757 1059 3815 vite
1081 3754 1252 3814 inlustrium
1274 3753 1354 3814 viro·

215 3880 280 3920 rum
295 3861 479 3942 Tranquillo
501 3860 540 3919 ad
562 3881 668 3948 manus
689 3860 811 3920 fuerunt
831 3859 931 3934 vitae,
953 3877 1029 3940 quaa
1049 3857 1238 3936 grammatici
1262 3859 1293 3918 in
1306 3855 1355 3916 his

214 3961 333 4022 Probus
344 3963 589 4041 hypomnematis
602 3963 664 4024 suis
676 3971 863 4043 anteponere
875 3961 1023 4022 solebant.
1046 3961 1095 4020 cui
1106 3961 1237 4020 vitarum
1247 3958 1354 4037 generi

214 4063 374 4124 reddenda
387 4073 461 4144 puto
475 4065 590 4126 Asconi
603 4065 732 4126 Pediaui
747 4066 876 4144 scripta,
891 4063 1022 4144 quaeda
1038 4065 1102 4123 vita
1117 4061 1244 4122 Sallusti
1259 4070 1291 4121 et
1305 4061 1355 4121 Oi·
1399 4079 1404 4090 ·

217 4167 334 4228 ceronio
356 4165 450 4227 dedit.
487 4167 552 4226 veri
574 4169 654 4226 enim
675 4165 773 4227 simile
799 4175 845 4226 est
865 4185 903 4226 ea
925 4165 1146 4225 commentariis
1170 4161 1253 4223 illius
1267 4183 1355 4242 prae·

142 4273 147 4284 '
216 4271 308 4330 missa
337 4271 442 4330 fuisse.
484 4279 636 4350 postremo
663 4267 872 4330 Fenestellam
900 4269 1037 4342 nomino,
1067 4267 1152 4328 ouius
1179 4267 1210 4326 in
1238 4267 1354 4326 annali·

216 4371 272 4434 bus
291 4393 330 4434 ne
348 4373 518 4434 litterarum
538 4372 660 4454 quidem
681 4372 857 4432 memoriam
877 4369 1124 4452 praetermissam
1143 4389 1210 4430 esse
1226 4389 1287 4430 non
1303 4363 1355 4430 oh·

217 4495 303 4536 scura
320 4475 550 4548 eisiudieatur,
571 4494 650 4557 quae
665 4473 703 4536 de
722 4476 785 4536 vita
799 4475 926 4536 Terenti
943 4473 981 4534 ab
999 4493 1035 4539 eo
1052 4472 1164 4534 hadita
1180 4472 1274 4534 fuisse
1290 4471 1356 4553 ipse
