3162 5058
527 419 703 462 vsaaoavrr
726 419 965 462 nrrrnanumsu
1255 405 1318 470 ²83

178 589 238 632 nco
260 567 452 653 refugerunt
472 569 645 654 quominus
670 578 842 654 utramque
869 589 937 632 rem
959 577 1097 654 utroque
1120 569 1248 634 nomine
1271 568 1317 634 di·

180 669 296 734 serint.

263 803 380 851 ovans
414 797 446 852 et
477 803 705 854 ‘rnrvurflssu
737 787 798 853 hoe
831 787 956 870 differt,
995 787 1082 876 quod
1117 789 1319 875 triumphans

179 889 349 976 quadrigis
382 889 513 954 uehitur
550 899 582 954 et
609 899 782 954 coronatus
810 888 923 954 laurea
954 911 1074 956 corona
1109 889 1319 977 subsequitur

158 1011 344 1078 epompam3
375 994 432 1077 qui
452 1001 560 1055 autem
577 999 670 1074 ouat,
700 1003 757 1055 aut
784 991 920 1078 †super
940 1013 1058 1078 equum
1081 991 1239 1078 tripudiat
1263 1003 1320 1057 aut

178 1092 294 1156 mirtea
320 1113 439 1158 corona
469 1096 595 1157 cinctus
617 1115 768 1180 pompam
789 1093 965 1180 praecedit.

263 1225 381 1276 onnus
411 1227 566 1276 evucros
593 1221 625 1276 et
652 1218 860 1294 vurvnusos]
894 1233 1005 1276 omnes
1036 1233 1172 1298 quorum
1199 1215 1320 1278 mentio

178 1321 243 1390 θείς
267 1315 376 1378 cuncti
397 1313 453 1400 qui
468 1313 588 1400 ubique
605 1323 696 1397 sunt3
719 1315 864 1378 universi
877 1323 1040 1399 tamquam
1057 1315 1091 1378 in
1105 1335 1206 1377 unum
1223 1315 1320 1380 uersi.

264 1447 381 1496 onnus
398 1433 570 1518 (uocaus)
588 1439 905 1515 etPuucAR1Jorarc
925 1431 1045 1496 dicitur
1067 1453 1163 1520 quem
1181 1435 1246 1496 oris
1269 1455 1319 1496 ra·

144 1533 224 1597 rotio
246 1531 354 1614 ducit,
379 1537 488 1620 etqui
510 1543 582 1600 orat
603 1535 700 1599 etiam
723 1544 873 1620 precatur
896 1543 932 1598 ut
956 1541 1088 1598 ‘exorat
1109 1541 1260 1622 paeem';
1286 1545 1322 1600 at

178 1637 233 1721 qui
254 1645 350 1720 rogat
368 1657 432 1698 non
453 1637 566 1722 utique
586 1643 667 1718 orat,
689 1636 746 1699 sed
771 1635 974 1722 deprecatur,
996 1636 1195 1722 quodetiam
1220 1637 1319 1724 impe-

178 1737 233 1801 riti
256 1735 298 1802 ad
321 1736 564 1824 deprecandum
587 1736 799 1802 descendunt.

265 1872 362 1920 ouuu
386 1868 418 1921 et
433 1861 566 1940 Torvus]
587 1878 681 1920 omne
698 1857 944 1922 uniuersitatem
961 1855 1135 1943 significat,
1152 1865 1253 1922 totum
1272 1879 1321 1922 so·

177 1955 352 2022 liditatem.

177 2190 269 2239 oleam
294 2195 322 2239 et
345 2190 445 2242 oliuam
470 2206 518 2257 pro
541 2192 632 2242 fructu
655 2207 739 2260 saepe
758 2198 915 2258 posuerunt.
952 2193 1001 2242 sed
1019 2193 1185 2242 consuetudo
1205 2191 1324 2242 obtinuit

177 2255 282 2306 oliuam
301 2259 419 2309 fructum
437 2259 543 2320 dicere,
569 2275 621 2309 nee
640 2267 731 2324 uetat,
753 2263 894 2326 quominus
914 2267 941 2310 ct
957 2261 1063 2310 arboris
1083 2266 1110 2309 et
1128 2261 1232 2309 fruetus
1251 2261 1322 2310 idern

177 2341 279 2375 nornen
298 2325 353 2375 ait.’
394 2325 505 2382 Seruius
523 2343 616 2394 georg.
643 2327 733 2379 1163:
760 2329 913 2378 ‘saueolca
932 2333 974 2378 ost
994 2329 1074 2378 arbor
1092 2329 1165 2392 ipsa,
1185 2327 1256 2377 unde
1276 2327 1321 2377 de·

178 2394 282 2442 rimatio
301 2399 343 2444 est
362 2393 465 2456 oleum
489 2395 561 2446 oiiua
585 2412 650 2445 uero
674 2397 778 2446 inactus
803 2398 861 2462 ipse
884 2396 955 2446 unde
979 2394 1080 2445 cliuum
1104 2395 1212 2444 dieitur.
1254 2393 1322 2458 logi·

178 2476 238 2510 mus
257 2467 350 2512 tamen
369 2462 470 2512 oliuam
489 2470 516 2513 et
535 2464 567 2512 de
588 2465 701 2526 arbore,
725 2469 767 2514 ut:
793 2465 956 2514 Incumbens
975 2464 1056 2513 tereti
1074 2463 1182 2512 Damon
1201 2463 1241 2512 sic
1261 2479 1322 2512 coc·

178 2531 222 2596 pit
241 2528 352 2579 oliuae!
389 2531 501 2581 Flavius
520 2531 611 2598 Caper
630 2532 662 2581 de
682 2532 880 2598 orthographia
898 2549 924 2598 p.
941 2531 1007 2582 2242
1026 2533 1061 2582 P:
1083 2529 1163 2581 ‘Olea
1176 2529 1257 2580 arbor
1271 2535 1323 2594 est,

179 2596 256 2648 oliua
276 2599 358 2658 fctus,
379 2598 467 2648 oleum
486 2597 594 2664 liquor)

267 2681 369 2731 Omnes
388 2689 502 2732 cunctos
522 2689 548 2733 at
566 2683 754 2750 uniuersoa]G
774 2702 800 2750 p.
819 2683 853 2735 93
872 2702 897 2734 n.
918 2683 964 2736 53:
990 2683 1101 2734 ‘Omnes
1120 2699 1230 2749 quorum
1250 2699 1323 2734 men·

178 2751 219 2800 tio
238 2755 293 2808 est,
320 2751 411 2800 cuncti
435 2751 479 2815 qui
498 2751 598 2816 ubique
617 2759 694 2814 sunt,
718 2753 839 2803 uniuersi
857 2753 901 2818 qui
920 2754 948 2802 in
966 2767 1019 2802 uno
1037 2752 1098 2802 loco
1116 2749 1209 2802 uersi!
1245 2751 1276 2802 F.
1296 2767 1322 2818 p.

178 2817 246 2870 358:
279 2817 391 2868 ‘Omnes
409 2817 510 2868 utillum
530 2819 640 2884 exeipit,
661 2828 690 2870 ut
709 2836 802 2872 omnes
821 2820 957 2882 homines,
978 2821 1018 2870 ita
1037 2829 1065 2870 ct
1083 2835 1136 2869 res.
1161 2820 1252 2870 cuncti
1270 2821 1322 2870 ita·

179 2902 233 2950 que
253 2886 281 2935 in
299 2900 477 2950 personarum
501 2903 611 2938 numero
634 2889 821 2950 nominantur,
841 2890 931 2953 prisco
951 2889 1017 2938 dicti
1036 2888 1129 2938 uerbo.
1157 2889 1277 2938 uniuersi
1296 2889 1325 2938 iu

178 2969 264 3004 unam
281 2954 448 3003 sententiam
468 2957 593 3006 conuersi
612 2955 721 3006 dicendi
740 2957 803 3022 quid
822 2957 880 3006 siue
900 2955 1041 3008 faciendi?

267 3037 353 3088 Orare
368 3051 384 3082 a
406 3045 435 3090 et
449 3037 566 3107 precari]
584 3041 607 3088 G
621 3058 646 3105 p.
665 3040 699 3090 92
712 3057 738 3091 n,
752 3041 797 3092 43:
818 3041 914 3091 ‘Orare
928 3041 1027 3090 dicitur
1045 3041 1172 3106 quoniam
1185 3043 1239 3091 oris
1252 3043 1325 3093 ratio

177 3107 294 3168 dicitur,
320 3113 348 3154 et
366 3111 412 3175 qui
436 3115 497 3158 orat
515 3109 599 3158 ctiam
617 3116 758 3173 precatur,
788 3110 833 3174 qui
857 3115 937 3176 rogat
959 3109 1136 3174 deprecatum
1157 3125 1213 3158 non
1231 3111 1324 3174 utique

178 3176 227 3240 qui
247 3181 376 3240 precatur
394 3182 465 3236 orat,
485 3177 548 3240 quia
567 3177 651 3226 etiam
669 3177 789 3241 imperiti
808 3177 843 3227 ad
861 3191 957 3241 preces
970 3175 1157 3228 descendunt!
1188 3177 1213 3225 H
1232 3193 1258 3242 p.
1281 3175 1324 3226 ru:

179 3242 280 3292 ‘Orare
297 3245 352 3307 oris
373 3247 443 3296 ratio
462 3249 506 3294 est
524 3249 551 3294 et
570 3245 615 3308 qui
634 3249 695 3294 orat
713 3245 796 3294 etiam
815 3250 956 3310 precatur:
984 3249 1013 3294 at
1031 3245 1076 3308 qui
1094 3251 1174 3308 rogat
1192 3244 1323 3308 depreca-

178 3319 238 3372 tur,
260 3317 288 3360 et
306 3311 353 3377 qui
371 3319 442 3374 orat,
461 3312 544 3362 etiam
563 3312 683 3377 imperiti
702 3313 736 3362 ad
755 3329 852 3377 preces
871 3312 1058 3363 descendunt)

268 3395 354 3446 Omne
374 3408 402 3448 et
419 3395 516 3461 totum]
536 3397 561 3446 G
578 3413 604 3460 p.
623 3394 668 3445 103
687 3411 712 3445 n.
732 3394 796 3445 206:
821 3397 919 3446 ‘Omne
930 3397 1126 3446 numerositate
1146 3399 1264 3456 constat,
1284 3399 1324 3444 to·

177 3471 237 3514 urm
251 3464 286 3514 ad
298 3469 394 3530 partes
406 3463 524 3514 dicitur.’
549 3463 638 3513 1402:
653 3463 750 3514 ‘Omne
765 3465 798 3513 ad
813 3463 1011 3513 multitudinem
1023 3469 1051 3514 et
1065 3465 1099 3512 ad
1112 3479 1251 3513 numerum
1264 3477 1326 3528 per-

177 3533 266 3582 tinet:
285 3532 474 3582 adnumerum
491 3537 520 3581 ut
537 3545 630 3581 omnes
648 3532 779 3590 heminae,
798 3532 832 3581 ad
848 3532 1047 3581 multitudinem
1065 3535 1094 3579 nt
1112 3532 1200 3580 omnis
1216 3529 1326 3580 familia

178 3601 271 3651 omnis
282 3601 420 3650 exercitus
433 3615 512 3650 omne
522 3615 607 3664 pocus
616 3600 739 3649 dicimus.
754 3605 839 3648 totum
849 3615 914 3649 nero
925 3600 959 3648 ad
969 3599 1185 3664 magnitudinem
1195 3598 1325 3664 pertinet,

177 3675 212 3718 ut
229 3673 316 3717 toturn
336 3683 433 3734 eorpus
452 3673 511 3718 tota
530 3675 603 3717 terra
622 3673 707 3716 totum
727 3667 840 3716 coelum.
878 3681 943 3731 ergo
967 3672 1039 3716 totus
1063 3666 1142 3716 homo
1166 3667 1189 3714 si
1214 3667 1247 3715 ad
1267 3679 1325 3714 cor·

177 3751 232 3802 pus
250 3737 417 3797 reseramus,
442 3735 639 3796 omnishomo,
663 3736 685 3784 si
705 3735 738 3784 de
757 3735 900 3784 uniuersis.
932 3733 1045 3798 proinde
1064 3749 1144 3783 omne
1162 3735 1190 3782 iu
1209 3733 1325 3783 diuersis

177 3803 308 3870 partibus
330 3805 453 3870 ponitur,
478 3809 565 3854 totum
590 3807 681 3854 autem
704 3803 763 3851 sine
786 3803 911 3867 partibus
935 3801 1018 3851 debet
1042 3799 1122 3851 esse)
1145 3827 1180 3837 -
1214 3801 1326 3851 Servius

177 3873 250 3922 Aen.
265 3871 278 3921 1
293 3869 354 3920 las:
375 3873 465 3921 ‘Inter
476 3877 562 3921 totum
576 3877 603 3920 ct
621 3885 699 3921 omne
718 3870 768 3920 hoc
784 3871 912 3930 interest,
933 3870 1003 3934 quod
1019 3875 1105 3919 totum
1118 3869 1233 3918 dicimus
1246 3869 1326 3917 unius

179 3941 307 4004 eorporis
325 3939 531 4003 plenitudinem,
552 3955 631 3988 omne
650 3939 683 3988 do
702 3938 838 3988 uniuersis
851 3938 975 3998 dicimus,
994 3941 1118 4003 utputa:
1137 3937 1236 3986 Totum
1250 3935 1325 3986 audi·

179 4007 281 4058 torium
300 4007 386 4058 habet
409 4007 600 4068 scholasticos,
620 4006 671 4056 hoc
691 4011 745 4056 est:
765 4004 874 4071 plenum
894 4011 936 4056 est
955 4005 1119 4056 auditorium
1136 4004 1326 4065 scholastiein

269 4203 281 4254 l
297 4193 477 4272 refugerunt
491 4198 612 4268 scripsi:
637 4193 751 4270 refugit
766 4193 799 4250 M
815 4187 829 4274 Η
849 4204 865 4254 5
883 4201 975 4252 ouata
990 4193 1026 4244 ‘Y'
1043 4193 1077 4249 M
1089 4186 1102 4273 ΙΙ
1118 4209 1249 4272 aequum
1265 4192 1298 4248 M
1311 4185 1324 4272 ΙΙ

179 4285 198 4340 6
213 4279 380 4355 praecedet
398 4280 432 4336 M
443 4273 457 4359 Η
471 4289 488 4342 9
502 4299 610 4356 rogare
629 4283 728 4338 addidi
741 4277 755 4358 Η
769 4299 860 4358 quem
877 4281 999 4350 scripsi:
1025 4295 1116 4356 quam
1135 4279 1169 4334 M
1184 4277 1327 4356 quoniam

180 4359 348 4508 &31:122qu
362 4375 394 4424 10
411 4366 461 4444 qui
480 4374 546 4423 orat
568 4365 704 4422 Horisius:
726 4385 785 4445 quo
808 4371 853 4422 rat
871 4359 930 4442 ΜΗ
945 4370 978 4420 ut
995 4363 1133 4422 Rotdius:
1154 4369 1206 4424 aut
1219 4362 1254 4420 M
1266 4356 1279 4444 ΙΙ
1295 4369 1328 4426 13
