<?xml version="1.0" encoding="UTF-8"?>
<!DOCTYPE html PUBLIC "-//W3C//DTD XHTML 1.0 Transitional//EN"
    "http://www.w3.org/TR/xhtml1/DTD/xhtml1-transitional.dtd">
<html xmlns="http://www.w3.org/1999/xhtml" xml:lang="en" lang="en">
 <head>
  <title>
</title>
<meta http-equiv="Content-Type" content="text/html;charset=utf-8" />
  <meta name='ocr-system' content='tesseract 3.04.00' />
  <meta name='ocr-capabilities' content='ocr_page ocr_carea ocr_par ocr_line ocrx_word'/>
</head>
<body>
  <div class='ocr_page' id='page_1' title='image "./csvetonitranqvi01ritsgoog_0442.png"; bbox 0 0 3190 5098; ppageno 0'>
   <div class='ocr_carea' id='block_1_1' title="bbox 704 385 1341 454">
    <p class='ocr_par' dir='ltr' id='par_1_1' title="bbox 704 385 1341 454">
     <span class='ocr_line' id='line_1_1' title="bbox 704 385 1341 454; baseline -0.013 0"><span class='ocrx_word' id='word_1_1' title='bbox 704 409 809 454; x_wconf 80' lang='lat' dir='ltr'>orrvr</span> <span class='ocrx_word' id='word_1_2' title='bbox 831 409 844 450; x_wconf 87' lang='lat'>1</span> <span class='ocrx_word' id='word_1_3' title='bbox 1283 385 1341 446; x_wconf 81' lang='lat' dir='ltr'>tlt</span> 
     </span>
    </p>
   </div>
   <div class='ocr_carea' id='block_1_2' title="bbox 118 555 1434 3086">
    <p class='ocr_par' dir='ltr' id='par_1_2' title="bbox 203 555 1346 1152">
     <span class='ocr_line' id='line_1_2' title="bbox 204 555 1345 643; baseline -0.006 -21"><span class='ocrx_word' id='word_1_4' title='bbox 204 583 296 643; x_wconf 88' lang='lat' dir='ltr'>quarn</span> <span class='ocrx_word' id='word_1_5' title='bbox 318 561 437 622; x_wconf 83' lang='lat' dir='ltr'>Fuldae</span> <span class='ocrx_word' id='word_1_6' title='bbox 460 579 489 621; x_wconf 86' lang='lat' dir='ltr'>a.</span> <span class='ocrx_word' id='word_1_7' title='bbox 510 571 561 624; x_wconf 80' lang='grc'>865</span> <span class='ocrx_word' id='word_1_8' title='bbox 584 561 770 622; x_wconf 83' lang='lat' dir='ltr'>Ruodolt&#39;um</span> <span class='ocrx_word' id='word_1_9' title='bbox 799 559 930 621; x_wconf 89' lang='lat' dir='ltr'>eundem</span> <span class='ocrx_word' id='word_1_10' title='bbox 956 557 1140 618; x_wconf 73' lang='lat' dir='ltr'><strong>Germaniae</strong></span> <span class='ocrx_word' id='word_1_11' title='bbox 1161 555 1269 616; x_wconf 85' lang='lat' dir='ltr'>librum</span> <span class='ocrx_word' id='word_1_12' title='bbox 1291 555 1345 616; x_wconf 90' lang='lat' dir='ltr'>ad·</span> 
     </span>
     <span class='ocr_line' id='line_1_3' title="bbox 204 659 1345 743; baseline -0.006 -19"><span class='ocrx_word' id='word_1_13' title='bbox 204 665 356 737; x_wconf 78' lang='lat' dir='ltr'>lribuisse,</span> <span class='ocrx_word' id='word_1_14' title='bbox 387 661 426 722; x_wconf 87' lang='lat' dir='ltr'>de</span> <span class='ocrx_word' id='word_1_15' title='bbox 459 683 517 743; x_wconf 88' lang='lat' dir='ltr'>quo</span> <span class='ocrx_word' id='word_1_16' title='bbox 544 663 708 724; x_wconf 87' lang='lat' dir='ltr'>monachus</span> <span class='ocrx_word' id='word_1_17' title='bbox 736 662 790 723; x_wconf 90' lang='lat' dir='ltr'>ille</span> <span class='ocrx_word' id='word_1_18' title='bbox 821 659 1051 720; x_wconf 84' lang='lat' dir='ltr'>Hersleldensis</span> <span class='ocrx_word' id='word_1_19' title='bbox 1080 679 1108 720; x_wconf 87' lang='lat' dir='ltr'>a.</span> <span class='ocrx_word' id='word_1_20' title='bbox 1135 667 1201 723; x_wconf 71' lang='lat'>1425</span> <span class='ocrx_word' id='word_1_21' title='bbox 1226 659 1345 737; x_wconf 87' lang='lat' dir='ltr'>Poggie</span> 
     </span>
     <span class='ocr_line' id='line_1_4' title="bbox 205 759 1346 846; baseline -0.006 -19"><span class='ocrx_word' id='word_1_22' title='bbox 205 773 383 838; x_wconf 74' lang='lat' dir='ltr'>nmrarerat</span> <span class='ocrx_word' id='word_1_23' title='bbox 397 783 549 846; x_wconf 88' lang='lat' dir='ltr'>quemque</span> <span class='ocrx_word' id='word_1_24' title='bbox 560 773 668 845; x_wconf 89' lang='lat' dir='ltr'>postea</span> <span class='ocrx_word' id='word_1_25' title='bbox 680 765 762 842; x_wconf 73' lang='lat' dir='ltr'>circi</span> <span class='ocrx_word' id='word_1_26' title='bbox 775 785 802 823; x_wconf 87' lang='lat' dir='ltr'>a.</span> <span class='ocrx_word' id='word_1_27' title='bbox 817 769 884 828; x_wconf 73' lang='lat'>1457</span> <span class='ocrx_word' id='word_1_28' title='bbox 898 761 1028 822; x_wconf 87' lang='lat' dir='ltr'>Henoch</span> <span class='ocrx_word' id='word_1_29' title='bbox 1042 759 1215 822; x_wconf 76' lang='lat' dir='ltr'><strong>Asculum</strong></span> <span class='ocrx_word' id='word_1_30' title='bbox 1226 779 1346 821; x_wconf 87' lang='lat' dir='ltr'>rumore</span> 
     </span>
     <span class='ocr_line' id='line_1_5' title="bbox 203 861 1344 945; baseline -0.002 -21"><span class='ocrx_word' id='word_1_31' title='bbox 203 865 257 928; x_wconf 92' lang='lat' dir='ltr'>illo</span> <span class='ocrx_word' id='word_1_32' title='bbox 273 865 407 928; x_wconf 76' lang='lat' dir='ltr'>uitellos·</span> <span class='ocrx_word' id='word_1_33' title='bbox 422 865 531 927; x_wconf 86' lang='lat' dir='ltr'>duetus</span> <span class='ocrx_word' id='word_1_34' title='bbox 547 867 576 925; x_wconf 92' lang='lat' dir='ltr'>in</span> <span class='ocrx_word' id='word_1_35' title='bbox 588 864 754 926; x_wconf 76' lang='lat' dir='ltr'>Germania</span> <span class='ocrx_word' id='word_1_36' title='bbox 769 863 912 945; x_wconf 89' lang='lat' dir='ltr'>repperit.</span> <span class='ocrx_word' id='word_1_37' title='bbox 937 861 1018 944; x_wconf 87' lang='lat' dir='ltr'>quod</span> <span class='ocrx_word' id='word_1_38' title='bbox 1037 883 1103 923; x_wconf 89' lang='lat' dir='ltr'>eum</span> <span class='ocrx_word' id='word_1_39' title='bbox 1122 863 1258 922; x_wconf 84' lang='lat' dir='ltr'>Ritterue</span> <span class='ocrx_word' id='word_1_40' title='bbox 1275 883 1344 922; x_wconf 92' lang='lat' dir='ltr'>con·</span> 
     </span>
     <span class='ocr_line' id='line_1_6' title="bbox 204 963 1345 1048; baseline -0.004 -20"><span class='ocrx_word' id='word_1_41' title='bbox 204 968 322 1028; x_wconf 89' lang='lat' dir='ltr'>iectura</span> <span class='ocrx_word' id='word_1_42' title='bbox 338 967 504 1028; x_wconf 83' lang='lat' dir='ltr'>adsecutus</span> <span class='ocrx_word' id='word_1_43' title='bbox 521 977 618 1041; x_wconf 87' lang='lat' dir='ltr'>essct,</span> <span class='ocrx_word' id='word_1_44' title='bbox 636 968 770 1048; x_wconf 91' lang='lat' dir='ltr'>corrupit</span> <span class='ocrx_word' id='word_1_45' title='bbox 788 975 873 1028; x_wconf 89' lang='lat' dir='ltr'>recte</span> <span class='ocrx_word' id='word_1_46' title='bbox 890 967 1047 1026; x_wconf 88' lang='lat' dir='ltr'>inventum</span> <span class='ocrx_word' id='word_1_47' title='bbox 1070 973 1176 1044; x_wconf 87' lang='lat' dir='ltr'>aperto</span> <span class='ocrx_word' id='word_1_48' title='bbox 1197 963 1278 1024; x_wconf 79' lang='lat' dir='ltr'>talea</span> <span class='ocrx_word' id='word_1_49' title='bbox 1292 963 1345 1025; x_wconf 89' lang='lat' dir='ltr'>ad·</span> 
     </span>
     <span class='ocr_line' id='line_1_7' title="bbox 204 1066 1073 1152; baseline -0.003 -24"><span class='ocrx_word' id='word_1_50' title='bbox 204 1071 351 1143; x_wconf 89' lang='lat' dir='ltr'>miscens,</span> <span class='ocrx_word' id='word_1_51' title='bbox 374 1091 453 1150; x_wconf 88' lang='lat' dir='ltr'>quae</span> <span class='ocrx_word' id='word_1_52' title='bbox 472 1069 595 1152; x_wconf 88' lang='lat' dir='ltr'>quidem</span> <span class='ocrx_word' id='word_1_53' title='bbox 608 1069 744 1130; x_wconf 78' lang='lat' dir='ltr'>refutare</span> <span class='ocrx_word' id='word_1_54' title='bbox 763 1089 823 1129; x_wconf 90' lang='lat' dir='ltr'>non</span> <span class='ocrx_word' id='word_1_55' title='bbox 839 1078 886 1128; x_wconf 90' lang='lat' dir='ltr'>est</span> <span class='ocrx_word' id='word_1_56' title='bbox 899 1067 989 1127; x_wconf 91' lang='lat' dir='ltr'>huius</span> <span class='ocrx_word' id='word_1_57' title='bbox 1003 1066 1073 1127; x_wconf 90' lang='lat' dir='ltr'>loci.</span> 
     </span>
    </p>

    <p class='ocr_par' dir='ltr' id='par_1_3' title="bbox 118 1167 1349 2270">
     <span class='ocr_line' id='line_1_8' title="bbox 289 1167 1346 1250; baseline -0.005 -18"><span class='ocrx_word' id='word_1_58' title='bbox 289 1171 413 1232; x_wconf 82' lang='lat' dir='ltr'><strong>Invenit</strong></span> <span class='ocrx_word' id='word_1_59' title='bbox 436 1171 529 1250; x_wconf 91' lang='lat' dir='ltr'>igitur</span> <span class='ocrx_word' id='word_1_60' title='bbox 558 1171 618 1231; x_wconf 86' lang='lat' dir='ltr'>nisi</span> <span class='ocrx_word' id='word_1_61' title='bbox 646 1173 747 1232; x_wconf 89' lang='lat' dir='ltr'>omnia</span> <span class='ocrx_word' id='word_1_62' title='bbox 778 1170 888 1230; x_wconf 84' lang='lat' dir='ltr'>fallunt</span> <span class='ocrx_word' id='word_1_63' title='bbox 908 1167 1081 1230; x_wconf 81' lang='lat' dir='ltr'>Asculanos</span> <span class='ocrx_word' id='word_1_64' title='bbox 1105 1169 1135 1228; x_wconf 89' lang='lat' dir='ltr'>in</span> <span class='ocrx_word' id='word_1_65' title='bbox 1156 1167 1346 1228; x_wconf 85' lang='lat' dir='ltr'>nobilissima</span> 
     </span>
     <span class='ocr_line' id='line_1_9' title="bbox 205 1269 1346 1352; baseline -0.003 -19"><span class='ocrx_word' id='word_1_66' title='bbox 205 1271 355 1334; x_wconf 81' lang='lat' dir='ltr'>Fuldensi</span> <span class='ocrx_word' id='word_1_67' title='bbox 368 1271 556 1333; x_wconf 78' lang='lat' dir='ltr'>bibliotheca</span> <span class='ocrx_word' id='word_1_68' title='bbox 571 1271 708 1332; x_wconf 78' lang='lat' dir='ltr'>codicem</span> <span class='ocrx_word' id='word_1_69' title='bbox 724 1273 878 1332; x_wconf 88' lang='lat' dir='ltr'>minimum</span> <span class='ocrx_word' id='word_1_70' title='bbox 896 1272 968 1332; x_wconf 90' lang='lat' dir='ltr'>noni</span> <span class='ocrx_word' id='word_1_71' title='bbox 982 1269 1109 1344; x_wconf 88' lang='lat' dir='ltr'>sacculi,</span> <span class='ocrx_word' id='word_1_72' title='bbox 1133 1289 1257 1352; x_wconf 86' lang='lat' dir='ltr'>queres</span> <span class='ocrx_word' id='word_1_73' title='bbox 1274 1269 1346 1330; x_wconf 88' lang='lat' dir='ltr'>illae</span> 
     </span>
     <span class='ocr_line' id='line_1_10' title="bbox 204 1369 1346 1456; baseline -0.002 -22"><span class='ocrx_word' id='word_1_74' title='bbox 204 1373 353 1456; x_wconf 81' lang='lat' dir='ltr'>parvulae</span> <span class='ocrx_word' id='word_1_75' title='bbox 385 1373 505 1434; x_wconf 90' lang='lat' dir='ltr'>scilicet</span> <span class='ocrx_word' id='word_1_76' title='bbox 531 1375 635 1434; x_wconf 77' lang='lat' dir='ltr'>Taciti</span> <span class='ocrx_word' id='word_1_77' title='bbox 666 1371 830 1434; x_wconf 86' lang='lat' dir='ltr'>Germania</span> <span class='ocrx_word' id='word_1_78' title='bbox 866 1383 897 1434; x_wconf 89' lang='lat' dir='ltr'>et</span> <span class='ocrx_word' id='word_1_79' title='bbox 923 1371 1060 1450; x_wconf 78' lang='lat' dir='ltr'>dialogus</span> <span class='ocrx_word' id='word_1_80' title='bbox 1093 1380 1125 1431; x_wconf 86' lang='lat' dir='ltr'>et</span> <span class='ocrx_word' id='word_1_81' title='bbox 1149 1369 1276 1432; x_wconf 84' lang='lat' dir='ltr'>Suetcoi</span> <span class='ocrx_word' id='word_1_82' title='bbox 1307 1371 1346 1451; x_wconf 79' lang='lat' dir='ltr'>de</span> 
     </span>
     <span class='ocr_line' id='line_1_11' title="bbox 205 1472 1347 1558; baseline -0.004 -22"><span class='ocrx_word' id='word_1_83' title='bbox 205 1474 413 1558; x_wconf 77' lang='lat' dir='ltr'>grammaticis</span> <span class='ocrx_word' id='word_1_84' title='bbox 447 1485 477 1536; x_wconf 90' lang='lat' dir='ltr'>et</span> <span class='ocrx_word' id='word_1_85' title='bbox 506 1475 678 1536; x_wconf 85' lang='lat' dir='ltr'>rhetoribus</span> <span class='ocrx_word' id='word_1_86' title='bbox 705 1475 783 1536; x_wconf 92' lang='lat' dir='ltr'>liber</span> <span class='ocrx_word' id='word_1_87' title='bbox 814 1472 1053 1535; x_wconf 88' lang='lat' dir='ltr'>continebantur.</span> <span class='ocrx_word' id='word_1_88' title='bbox 1100 1473 1149 1534; x_wconf 89' lang='lat' dir='ltr'>cni</span> <span class='ocrx_word' id='word_1_89' title='bbox 1175 1473 1347 1535; x_wconf 88' lang='lat' dir='ltr'>sententiae</span> 
     </span>
     <span class='ocr_line' id='line_1_12' title="bbox 206 1573 1347 1659; baseline -0.004 -21"><span class='ocrx_word' id='word_1_90' title='bbox 206 1577 388 1638; x_wconf 84' lang='lat' dir='ltr'>adversatur</span> <span class='ocrx_word' id='word_1_91' title='bbox 409 1577 600 1659; x_wconf 83' lang='lat' dir='ltr'>apertissime</span> <span class='ocrx_word' id='word_1_92' title='bbox 618 1577 710 1638; x_wconf 89' lang='lat' dir='ltr'>Rothi</span> <span class='ocrx_word' id='word_1_93' title='bbox 729 1576 887 1650; x_wconf 88' lang='lat' dir='ltr'>iudicium,</span> <span class='ocrx_word' id='word_1_94' title='bbox 911 1595 971 1657; x_wconf 88' lang='lat' dir='ltr'>quo</span> <span class='ocrx_word' id='word_1_95' title='bbox 986 1573 1219 1635; x_wconf 85' lang='lat' dir='ltr'>Heuochianum</span> <span class='ocrx_word' id='word_1_96' title='bbox 1237 1573 1347 1636; x_wconf 87' lang='lat' dir='ltr'>librum</span> 
     </span>
     <span class='ocr_line' id='line_1_13' title="bbox 205 1671 1346 1762; baseline -0.004 -22"><span class='ocrx_word' id='word_1_97' title='bbox 205 1681 330 1740; x_wconf 88' lang='lat' dir='ltr'>saeculo</span> <span class='ocrx_word' id='word_1_98' title='bbox 351 1679 469 1740; x_wconf 89' lang='lat' dir='ltr'>decimo</span> <span class='ocrx_word' id='word_1_99' title='bbox 485 1679 574 1740; x_wconf 89' lang='lat' dir='ltr'>tertio</span> <span class='ocrx_word' id='word_1_100' title='bbox 594 1680 795 1762; x_wconf 81' lang='lat' dir='ltr'>antiquiorem</span> <span class='ocrx_word' id='word_1_101' title='bbox 810 1677 918 1738; x_wconf 87' lang='lat' dir='ltr'>haberi</span> <span class='ocrx_word' id='word_1_102' title='bbox 933 1676 1040 1743; x_wconf 80' lang='lat' dir='ltr'>noluit</span> <span class='ocrx_word' id='word_1_103' title='bbox 1079 1675 1135 1736; x_wconf 87' lang='lat' dir='ltr'>sed</span> <span class='ocrx_word' id='word_1_104' title='bbox 1150 1677 1241 1737; x_wconf 87' lang='lat' dir='ltr'>etiem</span> <span class='ocrx_word' id='word_1_105' title='bbox 1256 1671 1346 1752; x_wconf 80' lang='lat' dir='ltr'>bunc,</span> 
     </span>
     <span class='ocr_line' id='line_1_14' title="bbox 204 1777 1347 1863; baseline -0.001 -23"><span class='ocrx_word' id='word_1_106' title='bbox 204 1781 236 1840; x_wconf 93' lang='lat' dir='ltr'>id</span> <span class='ocrx_word' id='word_1_107' title='bbox 257 1781 338 1863; x_wconf 91' lang='lat' dir='ltr'>quod</span> <span class='ocrx_word' id='word_1_108' title='bbox 354 1781 449 1862; x_wconf 89' lang='lat' dir='ltr'>primo</span> <span class='ocrx_word' id='word_1_109' title='bbox 464 1780 611 1860; x_wconf 87' lang='lat' dir='ltr'>adspectu</span> <span class='ocrx_word' id='word_1_110' title='bbox 627 1781 807 1842; x_wconf 80' lang='lat' dir='ltr'>insanientis</span> <span class='ocrx_word' id='word_1_111' title='bbox 824 1779 965 1840; x_wconf 89' lang='lat' dir='ltr'>videatur</span> <span class='ocrx_word' id='word_1_112' title='bbox 983 1777 1159 1853; x_wconf 84' lang='lat' dir='ltr'>adfirmare,</span> <span class='ocrx_word' id='word_1_113' title='bbox 1185 1779 1251 1839; x_wconf 91' lang='lat' dir='ltr'>veri</span> <span class='ocrx_word' id='word_1_114' title='bbox 1273 1778 1347 1860; x_wconf 88' lang='lat' dir='ltr'>quid</span> 
     </span>
     <span class='ocr_line' id='line_1_15' title="bbox 206 1869 1346 1966; baseline -0.004 -23"><span class='ocrx_word' id='word_1_115' title='bbox 206 1885 339 1944; x_wconf 86' lang='lat' dir='ltr'>sensisse</span> <span class='ocrx_word' id='word_1_116' title='bbox 354 1869 534 1966; x_wconf 77' lang='lat' dir='ltr'>persuasum</span> <span class='ocrx_word' id='word_1_117' title='bbox 547 1883 655 1943; x_wconf 86' lang='lat' dir='ltr'>habeo.</span> <span class='ocrx_word' id='word_1_118' title='bbox 687 1882 779 1942; x_wconf 86' lang='lat' dir='ltr'>nolim</span> <span class='ocrx_word' id='word_1_119' title='bbox 803 1881 925 1962; x_wconf 87' lang='lat' dir='ltr'>quidem</span> <span class='ocrx_word' id='word_1_120' title='bbox 950 1879 989 1940; x_wconf 88' lang='lat' dir='ltr'>ad</span> <span class='ocrx_word' id='word_1_121' title='bbox 1013 1881 1223 1962; x_wconf 84' lang='lat' dir='ltr'>quaestionem</span> <span class='ocrx_word' id='word_1_122' title='bbox 1240 1879 1279 1942; x_wconf 88' lang='lat' dir='ltr'>de</span> <span class='ocrx_word' id='word_1_123' title='bbox 1295 1900 1346 1940; x_wconf 93' lang='lat' dir='ltr'>ae·</span> 
     </span>
     <span class='ocr_line' id='line_1_16' title="bbox 206 1981 1347 2067; baseline -0.003 -22"><span class='ocrx_word' id='word_1_124' title='bbox 206 1993 270 2045; x_wconf 89' lang='lat' dir='ltr'>tate</span> <span class='ocrx_word' id='word_1_125' title='bbox 294 1985 456 2067; x_wconf 82' lang='lat' dir='ltr'>archetypi</span> <span class='ocrx_word' id='word_1_126' title='bbox 480 1983 658 2045; x_wconf 82' lang='lat' dir='ltr'>solvendam</span> <span class='ocrx_word' id='word_1_127' title='bbox 690 1984 728 2044; x_wconf 92' lang='lat' dir='ltr'>ab</span> <span class='ocrx_word' id='word_1_128' title='bbox 751 1983 865 2044; x_wconf 90' lang='lat' dir='ltr'>Rothio</span> <span class='ocrx_word' id='word_1_129' title='bbox 888 1981 1134 2062; x_wconf 76' lang='lat' dir='ltr'>orthographiam</span> <span class='ocrx_word' id='word_1_130' title='bbox 1157 1982 1347 2063; x_wconf 87' lang='lat' dir='ltr'>apographo·</span> 
     </span>
     <span class='ocr_line' id='line_1_17' title="bbox 204 2083 1347 2166; baseline -0.003 -18"><span class='ocrx_word' id='word_1_131' title='bbox 204 2107 270 2148; x_wconf 87' lang='lat' dir='ltr'>rum</span> <span class='ocrx_word' id='word_1_132' title='bbox 289 2087 457 2148; x_wconf 83' lang='lat' dir='ltr'>consultam</span> <span class='ocrx_word' id='word_1_133' title='bbox 473 2106 556 2161; x_wconf 85' lang='lat' dir='ltr'>esse,</span> <span class='ocrx_word' id='word_1_134' title='bbox 580 2107 647 2146; x_wconf 90' lang='lat' dir='ltr'>cum</span> <span class='ocrx_word' id='word_1_135' title='bbox 664 2086 852 2147; x_wconf 86' lang='lat' dir='ltr'>notissimum</span> <span class='ocrx_word' id='word_1_136' title='bbox 867 2085 921 2159; x_wconf 84' lang='lat' dir='ltr'>sit,</span> <span class='ocrx_word' id='word_1_137' title='bbox 942 2083 1036 2144; x_wconf 87' lang='lat' dir='ltr'>Italos</span> <span class='ocrx_word' id='word_1_138' title='bbox 1052 2091 1114 2166; x_wconf 85' lang='lat' dir='ltr'>tum</span> <span class='ocrx_word' id='word_1_139' title='bbox 1128 2085 1272 2164; x_wconf 89' lang='lat' dir='ltr'>temporis</span> <span class='ocrx_word' id='word_1_140' title='bbox 1292 2105 1347 2164; x_wconf 90' lang='lat' dir='ltr'>pro</span> 
     </span>
     <span class='ocr_line' id='line_1_18' title="bbox 118 2183 1349 2270; baseline -0.002 -22"><span class='ocrx_word' id='word_1_141' title='bbox 118 2259 120 2266; x_wconf 19' lang='lat' dir='ltr'>y</span> <span class='ocrx_word' id='word_1_142' title='bbox 181 2233 184 2242; x_wconf 90' lang='lat'>.</span> <span class='ocrx_word' id='word_1_143' title='bbox 206 2191 332 2270; x_wconf 89' lang='lat' dir='ltr'>antiqua</span> <span class='ocrx_word' id='word_1_144' title='bbox 348 2189 500 2249; x_wconf 86' lang='lat' dir='ltr'>scribendi</span> <span class='ocrx_word' id='word_1_145' title='bbox 522 2189 641 2248; x_wconf 87' lang='lat' dir='ltr'>ratione</span> <span class='ocrx_word' id='word_1_146' title='bbox 656 2189 806 2248; x_wconf 88' lang='lat' dir='ltr'>noviciam</span> <span class='ocrx_word' id='word_1_147' title='bbox 821 2205 907 2247; x_wconf 87' lang='lat' dir='ltr'>suam</span> <span class='ocrx_word' id='word_1_148' title='bbox 922 2183 1093 2258; x_wconf 83' lang='lat' dir='ltr'>induxisse,</span> <span class='ocrx_word' id='word_1_149' title='bbox 1117 2193 1148 2245; x_wconf 93' lang='lat' dir='ltr'>et</span> <span class='ocrx_word' id='word_1_150' title='bbox 1161 2205 1235 2246; x_wconf 87' lang='lat' dir='ltr'>vero</span> <span class='ocrx_word' id='word_1_151' title='bbox 1256 2183 1349 2266; x_wconf 79' lang='lat' dir='ltr'>super</span> 
     </span>
    </p>

    <p class='ocr_par' dir='ltr' id='par_1_4' title="bbox 190 2285 1434 3086">
     <span class='ocr_line' id='line_1_19' title="bbox 206 2285 1348 2372; baseline -0.002 -22"><span class='ocrx_word' id='word_1_152' title='bbox 206 2300 276 2350; x_wconf 90' lang='lat' dir='ltr'>sunt</span> <span class='ocrx_word' id='word_1_153' title='bbox 291 2292 405 2352; x_wconf 85' lang='lat' dir='ltr'>veteris</span> <span class='ocrx_word' id='word_1_154' title='bbox 428 2291 597 2372; x_wconf 79' lang='lat' dir='ltr'>scripturae</span> <span class='ocrx_word' id='word_1_155' title='bbox 617 2289 749 2368; x_wconf 85' lang='lat' dir='ltr'>vestigia</span> <span class='ocrx_word' id='word_1_156' title='bbox 763 2287 903 2369; x_wconf 81' lang='lat' dir='ltr'>qrranrris</span> <span class='ocrx_word' id='word_1_157' title='bbox 920 2306 990 2346; x_wconf 88' lang='lat' dir='ltr'>rara</span> <span class='ocrx_word' id='word_1_158' title='bbox 1006 2288 1038 2346; x_wconf 93' lang='lat' dir='ltr'>in</span> <span class='ocrx_word' id='word_1_159' title='bbox 1054 2285 1209 2347; x_wconf 88' lang='lat' dir='ltr'>codicibus</span> <span class='ocrx_word' id='word_1_160' title='bbox 1226 2287 1348 2348; x_wconf 85' lang='lat' dir='ltr'>nostrie.</span> 
     </span>
     <span class='ocr_line' id='line_1_20' title="bbox 207 2389 1350 2472; baseline -0.003 -20"><span class='ocrx_word' id='word_1_161' title='bbox 207 2401 312 2452; x_wconf 89' lang='lat' dir='ltr'>contra</span> <span class='ocrx_word' id='word_1_162' title='bbox 328 2391 456 2453; x_wconf 86' lang='lat' dir='ltr'>alterurn</span> <span class='ocrx_word' id='word_1_163' title='bbox 472 2400 682 2472; x_wconf 81' lang='lat' dir='ltr'>argumentum</span> <span class='ocrx_word' id='word_1_164' title='bbox 696 2390 789 2450; x_wconf 84' lang='lat' dir='ltr'>Rothi</span> <span class='ocrx_word' id='word_1_165' title='bbox 804 2389 1015 2468; x_wconf 86' lang='lat' dir='ltr'>gravissimum</span> <span class='ocrx_word' id='word_1_166' title='bbox 1031 2397 1092 2449; x_wconf 86' lang='lat' dir='ltr'>est:</span> <span class='ocrx_word' id='word_1_167' title='bbox 1119 2390 1282 2469; x_wconf 85' lang='lat' dir='ltr'>repetitum</span> <span class='ocrx_word' id='word_1_168' title='bbox 1302 2397 1350 2449; x_wconf 88' lang='lat' dir='ltr'>est</span> 
     </span>
     <span class='ocr_line' id='line_1_21' title="bbox 205 2489 1348 2576; baseline -0.004 -21"><span class='ocrx_word' id='word_1_169' title='bbox 205 2515 225 2555; x_wconf 84' lang='lat' dir='ltr'>a</span> <span class='ocrx_word' id='word_1_170' title='bbox 241 2494 478 2576; x_wconf 84' lang='lat' dir='ltr'>conpendioruur</span> <span class='ocrx_word' id='word_1_171' title='bbox 498 2513 629 2576; x_wconf 89' lang='lat' dir='ltr'>genere,</span> <span class='ocrx_word' id='word_1_172' title='bbox 656 2489 737 2574; x_wconf 89' lang='lat' dir='ltr'>quod</span> <span class='ocrx_word' id='word_1_173' title='bbox 757 2491 788 2552; x_wconf 90' lang='lat' dir='ltr'>in</span> <span class='ocrx_word' id='word_1_174' title='bbox 804 2493 984 2571; x_wconf 78' lang='lat' dir='ltr'>corruptelis</span> <span class='ocrx_word' id='word_1_175' title='bbox 1000 2490 1096 2551; x_wconf 89' lang='lat' dir='ltr'>veluti</span> <span class='ocrx_word' id='word_1_176' title='bbox 1112 2511 1141 2572; x_wconf 92' lang='lat' dir='ltr'>p.</span> <span class='ocrx_word' id='word_1_177' title='bbox 1161 2499 1224 2566; x_wconf 80' lang='lat'>126,</span> <span class='ocrx_word' id='word_1_178' title='bbox 1247 2501 1264 2554; x_wconf 76' lang='lat' dir='ltr'>t</span> <span class='ocrx_word' id='word_1_179' title='bbox 1284 2500 1348 2551; x_wconf 86' lang='lat' dir='ltr'>tua-</span> 
     </span>
     <span class='ocr_line' id='line_1_22' title="bbox 206 2589 1347 2674; baseline -0.004 -18"><span class='ocrx_word' id='word_1_180' title='bbox 206 2605 261 2656; x_wconf 84' lang='lat' dir='ltr'>tum</span> <span class='ocrx_word' id='word_1_181' title='bbox 277 2600 356 2656; x_wconf 87' lang='lat' dir='ltr'>modo</span> <span class='ocrx_word' id='word_1_182' title='bbox 376 2595 448 2658; x_wconf 87' lang='lat' dir='ltr'>ibid.</span> <span class='ocrx_word' id='word_1_183' title='bbox 466 2607 497 2662; x_wconf 84' lang='lat'>15</span> <span class='ocrx_word' id='word_1_184' title='bbox 514 2599 692 2672; x_wconf 80' lang='lat' dir='ltr'>personalem</span> <span class='ocrx_word' id='word_1_185' title='bbox 713 2601 990 2674; x_wconf 69' lang='lat' dir='ltr'>p.126‚3yspeum</span> <span class='ocrx_word' id='word_1_186' title='bbox 1013 2589 1259 2673; x_wconf 86' lang='lat' dir='ltr'>deprehenditur.</span> <span class='ocrx_word' id='word_1_187' title='bbox 1298 2595 1347 2652; x_wconf 91' lang='lat' dir='ltr'>cui</span> 
     </span>
     <span class='ocr_line' id='line_1_23' title="bbox 206 2695 1349 2778; baseline -0.003 -20"><span class='ocrx_word' id='word_1_188' title='bbox 206 2699 412 2760; x_wconf 87' lang='lat' dir='ltr'>observationi</span> <span class='ocrx_word' id='word_1_189' title='bbox 431 2717 497 2758; x_wconf 92' lang='lat' dir='ltr'>cum</span> <span class='ocrx_word' id='word_1_190' title='bbox 512 2697 588 2758; x_wconf 92' lang='lat' dir='ltr'>nihil</span> <span class='ocrx_word' id='word_1_191' title='bbox 602 2699 642 2758; x_wconf 90' lang='lat' dir='ltr'>eit</span> <span class='ocrx_word' id='word_1_192' title='bbox 657 2695 739 2778; x_wconf 91' lang='lat' dir='ltr'>quod</span> <span class='ocrx_word' id='word_1_193' title='bbox 756 2696 821 2756; x_wconf 90' lang='lat' dir='ltr'>iure</span> <span class='ocrx_word' id='word_1_194' title='bbox 836 2714 980 2775; x_wconf 86' lang='lat' dir='ltr'>opponas,</span> <span class='ocrx_word' id='word_1_195' title='bbox 1002 2697 1158 2777; x_wconf 89' lang='lat' dir='ltr'>quaeritur</span> <span class='ocrx_word' id='word_1_196' title='bbox 1179 2715 1240 2774; x_wconf 87' lang='lat' dir='ltr'>quo</span> <span class='ocrx_word' id='word_1_197' title='bbox 1258 2703 1349 2774; x_wconf 90' lang='lat' dir='ltr'>paeto</span> 
     </span>
     <span class='ocr_line' id='line_1_24' title="bbox 206 2795 1434 2880; baseline -0.003 -18"><span class='ocrx_word' id='word_1_198' title='bbox 206 2801 379 2862; x_wconf 85' lang='lat' dir='ltr'>sententiae</span> <span class='ocrx_word' id='word_1_199' title='bbox 397 2811 458 2860; x_wconf 88' lang='lat' dir='ltr'>tam</span> <span class='ocrx_word' id='word_1_200' title='bbox 483 2809 590 2880; x_wconf 88' lang='lat' dir='ltr'>aperte</span> <span class='ocrx_word' id='word_1_201' title='bbox 611 2808 786 2880; x_wconf 86' lang='lat' dir='ltr'>pugnantes</span> <span class='ocrx_word' id='word_1_202' title='bbox 806 2798 1012 2858; x_wconf 87' lang='lat' dir='ltr'>concilientur.</span> <span class='ocrx_word' id='word_1_203' title='bbox 1052 2819 1123 2859; x_wconf 88' lang='lat' dir='ltr'>nam</span> <span class='ocrx_word' id='word_1_204' title='bbox 1147 2797 1348 2859; x_wconf 88' lang='lat' dir='ltr'>concilientur</span> <span class='ocrx_word' id='word_1_205' title='bbox 1421 2795 1434 2813; x_wconf 88' lang='lat'>&#39;</span> 
     </span>
     <span class='ocr_line' id='line_1_25' title="bbox 206 2899 1349 2982; baseline 0 -20"><span class='ocrx_word' id='word_1_206' title='bbox 206 2923 333 2963; x_wconf 87' lang='lat' dir='ltr'>necesse</span> <span class='ocrx_word' id='word_1_207' title='bbox 357 2911 419 2977; x_wconf 85' lang='lat' dir='ltr'>est,</span> <span class='ocrx_word' id='word_1_208' title='bbox 446 2923 514 2962; x_wconf 90' lang='lat' dir='ltr'>cum</span> <span class='ocrx_word' id='word_1_209' title='bbox 539 2909 669 2982; x_wconf 88' lang='lat' dir='ltr'>utraque</span> <span class='ocrx_word' id='word_1_210' title='bbox 690 2921 745 2982; x_wconf 90' lang='lat' dir='ltr'>per</span> <span class='ocrx_word' id='word_1_211' title='bbox 767 2919 800 2962; x_wconf 89' lang='lat' dir='ltr'>se</span> <span class='ocrx_word' id='word_1_212' title='bbox 822 2902 889 2981; x_wconf 85' lang='lat' dir='ltr'>ipsa</span> <span class='ocrx_word' id='word_1_213' title='bbox 905 2920 1051 2962; x_wconf 86' lang='lat' dir='ltr'>summam</span> <span class='ocrx_word' id='word_1_214' title='bbox 1071 2899 1185 2962; x_wconf 87' lang='lat' dir='ltr'>habeat</span> <span class='ocrx_word' id='word_1_215' title='bbox 1206 2899 1349 2981; x_wconf 86' lang='lat' dir='ltr'>probabi·</span> 
     </span>
     <span class='ocr_line' id='line_1_26' title="bbox 190 3003 1348 3086; baseline 0 -22"><span class='ocrx_word' id='word_1_216' title='bbox 190 3004 302 3065; x_wconf 90' lang='lat' dir='ltr'>·litatis</span> <span class='ocrx_word' id='word_1_217' title='bbox 323 3003 423 3064; x_wconf 87' lang='lat' dir='ltr'>fidem.</span> <span class='ocrx_word' id='word_1_218' title='bbox 462 3025 564 3086; x_wconf 89' lang='lat' dir='ltr'>neque</span> <span class='ocrx_word' id='word_1_219' title='bbox 582 3004 659 3064; x_wconf 88' lang='lat' dir='ltr'>ratio</span> <span class='ocrx_word' id='word_1_220' title='bbox 680 3003 815 3064; x_wconf 84' lang='lat' dir='ltr'>difficilis</span> <span class='ocrx_word' id='word_1_221' title='bbox 837 3004 1042 3079; x_wconf 68' lang='lat' dir='ltr'>invement,</span> <span class='ocrx_word' id='word_1_222' title='bbox 1066 3023 1127 3084; x_wconf 84' lang='lat' dir='ltr'>qus</span> <span class='ocrx_word' id='word_1_223' title='bbox 1150 3024 1205 3065; x_wconf 88' lang='lat' dir='ltr'>sua</span> <span class='ocrx_word' id='word_1_224' title='bbox 1226 3003 1348 3086; x_wconf 88' lang='lat' dir='ltr'>utrique</span> 
     </span>
    </p>
   </div>
   <div class='ocr_carea' id='block_1_3' title="bbox 208 3105 1444 3192">
    <p class='ocr_par' dir='ltr' id='par_1_5' title="bbox 208 3105 1444 3192">
     <span class='ocr_line' id='line_1_27' title="bbox 208 3105 1444 3192; baseline -0.001 -26"><span class='ocrx_word' id='word_1_225' title='bbox 208 3107 371 3168; x_wconf 87' lang='lat' dir='ltr'>auctoritas</span> <span class='ocrx_word' id='word_1_226' title='bbox 389 3115 527 3166; x_wconf 87' lang='lat' dir='ltr'>maneat:</span> <span class='ocrx_word' id='word_1_227' title='bbox 548 3107 669 3168; x_wconf 88' lang='lat' dir='ltr'>scilieet</span> <span class='ocrx_word' id='word_1_228' title='bbox 688 3107 808 3166; x_wconf 88' lang='lat' dir='ltr'>invenit</span> <span class='ocrx_word' id='word_1_229' title='bbox 828 3105 951 3186; x_wconf 88' lang='lat' dir='ltr'>quidem</span> <span class='ocrx_word' id='word_1_230' title='bbox 970 3105 1098 3168; x_wconf 88' lang='lat' dir='ltr'>Henoch</span> <span class='ocrx_word' id='word_1_231' title='bbox 1116 3107 1147 3166; x_wconf 90' lang='lat' dir='ltr'>in</span> <span class='ocrx_word' id='word_1_232' title='bbox 1163 3105 1348 3166; x_wconf 87' lang='lat' dir='ltr'>bibliotheca</span> <span class='ocrx_word' id='word_1_233' title='bbox 1442 3187 1444 3192; x_wconf 23' lang='grc' dir='ltr'>Ι</span> 
     </span>
    </p>
   </div>
   <div class='ocr_carea' id='block_1_4' title="bbox 206 3206 1349 3900">
    <p class='ocr_par' dir='ltr' id='par_1_6' title="bbox 206 3206 1349 3900">
     <span class='ocr_line' id='line_1_28' title="bbox 206 3206 1348 3282; baseline -0.003 -13"><span class='ocrx_word' id='word_1_234' title='bbox 206 3207 357 3269; x_wconf 80' lang='lat' dir='ltr'>Fuldensi</span> <span class='ocrx_word' id='word_1_235' title='bbox 373 3217 508 3270; x_wconf 84' lang='lat' dir='ltr'>veterem</span> <span class='ocrx_word' id='word_1_236' title='bbox 524 3209 608 3268; x_wconf 88' lang='lat' dir='ltr'>illum</span> <span class='ocrx_word' id='word_1_237' title='bbox 625 3207 750 3282; x_wconf 87' lang='lat' dir='ltr'>librum,</span> <span class='ocrx_word' id='word_1_238' title='bbox 773 3206 828 3268; x_wconf 83' lang='lat' dir='ltr'>sed</span> <span class='ocrx_word' id='word_1_239' title='bbox 848 3209 942 3268; x_wconf 85' lang='lat' dir='ltr'>nostri</span> <span class='ocrx_word' id='word_1_240' title='bbox 966 3207 1089 3268; x_wconf 90' lang='lat' dir='ltr'>codices</span> <span class='ocrx_word' id='word_1_241' title='bbox 1109 3227 1213 3268; x_wconf 88' lang='lat' dir='ltr'>omnes</span> <span class='ocrx_word' id='word_1_242' title='bbox 1233 3228 1291 3269; x_wconf 89' lang='lat' dir='ltr'>nou</span> <span class='ocrx_word' id='word_1_243' title='bbox 1308 3227 1348 3268; x_wconf 87' lang='lat' dir='ltr'>ex</span> 
     </span>
     <span class='ocr_line' id='line_1_29' title="bbox 208 3307 1347 3392; baseline -0.003 -21"><span class='ocrx_word' id='word_1_244' title='bbox 208 3329 245 3372; x_wconf 89' lang='lat' dir='ltr'>eo</span> <span class='ocrx_word' id='word_1_245' title='bbox 259 3311 326 3392; x_wconf 84' lang='lat' dir='ltr'>ipso</span> <span class='ocrx_word' id='word_1_246' title='bbox 344 3319 518 3385; x_wconf 84' lang='lat' dir='ltr'>manarunt,</span> <span class='ocrx_word' id='word_1_247' title='bbox 541 3307 596 3370; x_wconf 82' lang='lat' dir='ltr'>sed</span> <span class='ocrx_word' id='word_1_248' title='bbox 618 3329 657 3370; x_wconf 82' lang='lat' dir='ltr'>ex</span> <span class='ocrx_word' id='word_1_249' title='bbox 678 3328 738 3370; x_wconf 92' lang='lat' dir='ltr'>uno</span> <span class='ocrx_word' id='word_1_250' title='bbox 761 3309 930 3390; x_wconf 88' lang='lat' dir='ltr'>eodemque</span> <span class='ocrx_word' id='word_1_251' title='bbox 951 3311 1016 3371; x_wconf 85' lang='lat' dir='ltr'>eius</span> <span class='ocrx_word' id='word_1_252' title='bbox 1038 3308 1212 3390; x_wconf 75' lang='lat' dir='ltr'>apographo</span> <span class='ocrx_word' id='word_1_253' title='bbox 1228 3307 1267 3368; x_wconf 89' lang='lat' dir='ltr'>ab</span> <span class='ocrx_word' id='word_1_254' title='bbox 1283 3309 1347 3368; x_wconf 87' lang='lat' dir='ltr'>He·</span> 
     </span>
     <span class='ocr_line' id='line_1_30' title="bbox 206 3409 1348 3494; baseline 0.001 -22"><span class='ocrx_word' id='word_1_255' title='bbox 206 3413 305 3474; x_wconf 90' lang='lat' dir='ltr'>noeho</span> <span class='ocrx_word' id='word_1_256' title='bbox 317 3413 368 3474; x_wconf 86' lang='lat' dir='ltr'>vel</span> <span class='ocrx_word' id='word_1_257' title='bbox 385 3413 450 3473; x_wconf 88' lang='lat' dir='ltr'>eius</span> <span class='ocrx_word' id='word_1_258' title='bbox 467 3411 588 3492; x_wconf 78' lang='lat' dir='ltr'>aequali</span> <span class='ocrx_word' id='word_1_259' title='bbox 605 3411 695 3472; x_wconf 85' lang='lat' dir='ltr'>laeto.</span> <span class='ocrx_word' id='word_1_260' title='bbox 716 3421 750 3471; x_wconf 88' lang='lat' dir='ltr'>ut</span> <span class='ocrx_word' id='word_1_261' title='bbox 766 3409 866 3472; x_wconf 87' lang='lat' dir='ltr'>codex</span> <span class='ocrx_word' id='word_1_262' title='bbox 883 3411 1006 3494; x_wconf 86' lang='lat' dir='ltr'>quidem</span> <span class='ocrx_word' id='word_1_263' title='bbox 1019 3411 1348 3473; x_wconf 67' lang='lat' dir='ltr'>nosochomiarius</span> 
     </span>
     <span class='ocr_line' id='line_1_31' title="bbox 206 3511 1348 3592; baseline -0.002 -18"><span class='ocrx_word' id='word_1_264' title='bbox 206 3535 269 3574; x_wconf 89' lang='lat' dir='ltr'>non</span> <span class='ocrx_word' id='word_1_265' title='bbox 283 3517 437 3575; x_wconf 89' lang='lat' dir='ltr'>recentior</span> <span class='ocrx_word' id='word_1_266' title='bbox 451 3516 504 3590; x_wconf 83' lang='lat' dir='ltr'>sit,</span> <span class='ocrx_word' id='word_1_267' title='bbox 522 3522 689 3574; x_wconf 88' lang='lat' dir='ltr'>nostrorum</span> <span class='ocrx_word' id='word_1_268' title='bbox 704 3533 778 3573; x_wconf 86' lang='lat' dir='ltr'>vero</span> <span class='ocrx_word' id='word_1_269' title='bbox 795 3513 938 3573; x_wconf 88' lang='lat' dir='ltr'>librorum</span> <span class='ocrx_word' id='word_1_270' title='bbox 959 3512 1146 3592; x_wconf 85' lang='lat' dir='ltr'>archetypus</span> <span class='ocrx_word' id='word_1_271' title='bbox 1169 3531 1196 3570; x_wconf 90' lang='lat' dir='ltr'>a.</span> <span class='ocrx_word' id='word_1_272' title='bbox 1216 3517 1281 3576; x_wconf 75' lang='lat'>145⁷</span> <span class='ocrx_word' id='word_1_273' title='bbox 1298 3511 1348 3572; x_wconf 80' lang='lat' dir='ltr'>rel</span> 
     </span>
     <span class='ocr_line' id='line_1_32' title="bbox 210 3613 1348 3698; baseline -0.003 -20"><span class='ocrx_word' id='word_1_274' title='bbox 210 3625 276 3681; x_wconf 79' lang='lat' dir='ltr'>rste</span> <span class='ocrx_word' id='word_1_275' title='bbox 289 3637 349 3676; x_wconf 90' lang='lat' dir='ltr'>non</span> <span class='ocrx_word' id='word_1_276' title='bbox 365 3617 405 3676; x_wconf 88' lang='lat' dir='ltr'>eit</span> <span class='ocrx_word' id='word_1_277' title='bbox 422 3617 585 3698; x_wconf 84' lang='lat' dir='ltr'>antiquior.</span> <span class='ocrx_word' id='word_1_278' title='bbox 616 3625 708 3696; x_wconf 88' lang='lat' dir='ltr'>atque</span> <span class='ocrx_word' id='word_1_279' title='bbox 722 3635 787 3675; x_wconf 89' lang='lat' dir='ltr'>rem</span> <span class='ocrx_word' id='word_1_280' title='bbox 808 3635 882 3674; x_wconf 90' lang='lat' dir='ltr'>vere</span> <span class='ocrx_word' id='word_1_281' title='bbox 900 3616 943 3674; x_wconf 88' lang='lat' dir='ltr'>ita</span> <span class='ocrx_word' id='word_1_282' title='bbox 959 3633 992 3675; x_wconf 89' lang='lat' dir='ltr'>se</span> <span class='ocrx_word' id='word_1_283' title='bbox 1011 3613 1140 3690; x_wconf 81' lang='lat' dir='ltr'>habere,</span> <span class='ocrx_word' id='word_1_284' title='bbox 1163 3615 1225 3674; x_wconf 87' lang='lat' dir='ltr'>alia</span> <span class='ocrx_word' id='word_1_285' title='bbox 1246 3613 1348 3676; x_wconf 87' lang='lat' dir='ltr'>obser·</span> 
     </span>
     <span class='ocr_line' id='line_1_33' title="bbox 206 3715 1348 3799; baseline 0.001 -22"><span class='ocrx_word' id='word_1_286' title='bbox 206 3719 330 3778; x_wconf 88' lang='lat' dir='ltr'>vatione</span> <span class='ocrx_word' id='word_1_287' title='bbox 349 3716 478 3798; x_wconf 88' lang='lat' dir='ltr'>probare</span> <span class='ocrx_word' id='word_1_288' title='bbox 493 3719 585 3793; x_wconf 86' lang='lat' dir='ltr'>lieet,</span> <span class='ocrx_word' id='word_1_289' title='bbox 609 3738 669 3799; x_wconf 86' lang='lat' dir='ltr'>qua</span> <span class='ocrx_word' id='word_1_290' title='bbox 691 3715 779 3778; x_wconf 89' lang='lat' dir='ltr'>simul</span> <span class='ocrx_word' id='word_1_291' title='bbox 799 3715 1010 3795; x_wconf 86' lang='lat' dir='ltr'>intellegatur,</span> <span class='ocrx_word' id='word_1_292' title='bbox 1033 3737 1086 3777; x_wconf 90' lang='lat' dir='ltr'>cur</span> <span class='ocrx_word' id='word_1_293' title='bbox 1099 3725 1189 3777; x_wconf 88' lang='lat' dir='ltr'>vetus</span> <span class='ocrx_word' id='word_1_294' title='bbox 1204 3717 1257 3778; x_wconf 90' lang='lat' dir='ltr'>ille</span> <span class='ocrx_word' id='word_1_295' title='bbox 1275 3717 1348 3778; x_wconf 82' lang='lat' dir='ltr'>Ful·</span> 
     </span>
     <span class='ocr_line' id='line_1_34' title="bbox 208 3817 1349 3900; baseline 0.001 -20"><span class='ocrx_word' id='word_1_296' title='bbox 208 3819 312 3880; x_wconf 90' lang='lat' dir='ltr'>densis</span> <span class='ocrx_word' id='word_1_297' title='bbox 334 3820 412 3881; x_wconf 89' lang='lat' dir='ltr'>liber</span> <span class='ocrx_word' id='word_1_298' title='bbox 434 3818 529 3880; x_wconf 91' lang='lat' dir='ltr'>semel</span> <span class='ocrx_word' id='word_1_299' title='bbox 549 3829 664 3880; x_wconf 87' lang='lat' dir='ltr'>tantum</span> <span class='ocrx_word' id='word_1_300' title='bbox 687 3817 857 3898; x_wconf 87' lang='lat' dir='ltr'>descriptus</span> <span class='ocrx_word' id='word_1_301' title='bbox 885 3819 935 3878; x_wconf 89' lang='lat' dir='ltr'>sit.</span> <span class='ocrx_word' id='word_1_302' title='bbox 980 3839 1075 3900; x_wconf 87' lang='lat' dir='ltr'>saepe</span> <span class='ocrx_word' id='word_1_303' title='bbox 1102 3819 1182 3879; x_wconf 89' lang='lat' dir='ltr'>enim</span> <span class='ocrx_word' id='word_1_304' title='bbox 1210 3819 1349 3881; x_wconf 85' lang='lat' dir='ltr'>inlibris</span> 
     </span>
    </p>
   </div>
   <div class='ocr_carea' id='block_1_5' title="bbox 207 3921 1466 4002">
    <p class='ocr_par' dir='ltr' id='par_1_7' title="bbox 207 3921 1466 4002">
     <span class='ocr_line' id='line_1_35' title="bbox 207 3921 1466 4002; baseline 0 -20"><span class='ocrx_word' id='word_1_305' title='bbox 207 3922 318 3982; x_wconf 88' lang='lat' dir='ltr'>uostris</span> <span class='ocrx_word' id='word_1_306' title='bbox 337 3923 385 3996; x_wconf 83' lang='lat' dir='ltr'>fir,</span> <span class='ocrx_word' id='word_1_307' title='bbox 408 3931 441 3982; x_wconf 91' lang='lat' dir='ltr'>ut</span> <span class='ocrx_word' id='word_1_308' title='bbox 463 3921 541 3982; x_wconf 90' lang='lat' dir='ltr'>duae</span> <span class='ocrx_word' id='word_1_309' title='bbox 567 3923 715 3982; x_wconf 89' lang='lat' dir='ltr'>lectiones</span> <span class='ocrx_word' id='word_1_310' title='bbox 737 3921 835 3981; x_wconf 89' lang='lat' dir='ltr'>altera</span> <span class='ocrx_word' id='word_1_311' title='bbox 855 3941 946 4000; x_wconf 91' lang='lat' dir='ltr'>super</span> <span class='ocrx_word' id='word_1_312' title='bbox 966 3921 1094 3982; x_wconf 84' lang='lat' dir='ltr'>alteram</span> <span class='ocrx_word' id='word_1_313' title='bbox 1119 3922 1251 4002; x_wconf 87' lang='lat' dir='ltr'>scriptae</span> <span class='ocrx_word' id='word_1_314' title='bbox 1278 3921 1350 3981; x_wconf 72' lang='lat' dir='ltr'>shrt.</span> <span class='ocrx_word' id='word_1_315' title='bbox 1465 3977 1466 3982; x_wconf 73' lang='grc'>,</span> 
     </span>
    </p>
   </div>
   <div class='ocr_carea' id='block_1_6' title="bbox 206 4022 1349 4513">
    <p class='ocr_par' dir='ltr' id='par_1_8' title="bbox 206 4022 1349 4513">
     <span class='ocr_line' id='line_1_36' title="bbox 207 4022 1349 4105; baseline -0.002 -21"><span class='ocrx_word' id='word_1_316' title='bbox 207 4045 288 4104; x_wconf 90' lang='lat' dir='ltr'>quae</span> <span class='ocrx_word' id='word_1_317' title='bbox 304 4023 443 4105; x_wconf 86' lang='lat' dir='ltr'>duplices</span> <span class='ocrx_word' id='word_1_318' title='bbox 455 4025 621 4103; x_wconf 82' lang='lat' dir='ltr'>scripturae</span> <span class='ocrx_word' id='word_1_319' title='bbox 642 4023 674 4084; x_wconf 90' lang='lat' dir='ltr'>in</span> <span class='ocrx_word' id='word_1_320' title='bbox 697 4023 834 4084; x_wconf 85' lang='lat' dir='ltr'>omnibus</span> <span class='ocrx_word' id='word_1_321' title='bbox 851 4022 979 4084; x_wconf 84' lang='lat' dir='ltr'>eaedem</span> <span class='ocrx_word' id='word_1_322' title='bbox 999 4034 1083 4097; x_wconf 84' lang='lat' dir='ltr'>sunt,</span> <span class='ocrx_word' id='word_1_323' title='bbox 1104 4023 1163 4084; x_wconf 86' lang='lat' dir='ltr'>nisi</span> <span class='ocrx_word' id='word_1_324' title='bbox 1185 4022 1268 4103; x_wconf 87' lang='lat' dir='ltr'>quod</span> <span class='ocrx_word' id='word_1_325' title='bbox 1287 4041 1349 4082; x_wconf 89' lang='lat' dir='ltr'>non</span> 
     </span>
     <span class='ocr_line' id='line_1_37' title="bbox 206 4123 1348 4207; baseline -0.002 -21"><span class='ocrx_word' id='word_1_326' title='bbox 206 4145 361 4206; x_wconf 76' lang='lat' dir='ltr'>utinquam</span> <span class='ocrx_word' id='word_1_327' title='bbox 376 4145 455 4184; x_wconf 90' lang='lat' dir='ltr'>uuus</span> <span class='ocrx_word' id='word_1_328' title='bbox 471 4124 548 4185; x_wconf 90' lang='lat' dir='ltr'>liber</span> <span class='ocrx_word' id='word_1_329' title='bbox 565 4135 741 4207; x_wconf 85' lang='lat' dir='ltr'>utramque,</span> <span class='ocrx_word' id='word_1_330' title='bbox 764 4126 873 4188; x_wconf 89' lang='lat' dir='ltr'>relicui</span> <span class='ocrx_word' id='word_1_331' title='bbox 889 4125 979 4186; x_wconf 87' lang='lat' dir='ltr'>modo</span> <span class='ocrx_word' id='word_1_332' title='bbox 991 4125 1071 4187; x_wconf 88' lang='lat' dir='ltr'>bano</span> <span class='ocrx_word' id='word_1_333' title='bbox 1086 4123 1175 4186; x_wconf 90' lang='lat' dir='ltr'>modo</span> <span class='ocrx_word' id='word_1_334' title='bbox 1191 4123 1273 4185; x_wconf 88' lang='lat' dir='ltr'>illam</span> <span class='ocrx_word' id='word_1_335' title='bbox 1295 4145 1348 4186; x_wconf 82' lang='lat' dir='ltr'>ex·</span> 
     </span>
     <span class='ocr_line' id='line_1_38' title="bbox 206 4225 1348 4309; baseline -0.002 -21"><span class='ocrx_word' id='word_1_336' title='bbox 206 4227 326 4296; x_wconf 87' lang='lat' dir='ltr'>hibent,</span> <span class='ocrx_word' id='word_1_337' title='bbox 341 4235 375 4286; x_wconf 90' lang='lat' dir='ltr'>ut</span> <span class='ocrx_word' id='word_1_338' title='bbox 390 4227 449 4286; x_wconf 85' lang='lat' dir='ltr'>ianr</span> <span class='ocrx_word' id='word_1_339' title='bbox 464 4227 495 4286; x_wconf 91' lang='lat' dir='ltr'>in</span> <span class='ocrx_word' id='word_1_340' title='bbox 512 4247 614 4287; x_wconf 88' lang='lat' dir='ltr'>eorum</span> <span class='ocrx_word' id='word_1_341' title='bbox 631 4228 799 4309; x_wconf 84' lang='lat' dir='ltr'>archetypo</span> <span class='ocrx_word' id='word_1_342' title='bbox 816 4227 945 4289; x_wconf 91' lang='lat' dir='ltr'>eandem</span> <span class='ocrx_word' id='word_1_343' title='bbox 961 4227 1170 4288; x_wconf 81' lang='lat' dir='ltr'>diversitatem</span> <span class='ocrx_word' id='word_1_344' title='bbox 1182 4227 1279 4290; x_wconf 83' lang='lat' dir='ltr'>luisse</span> <span class='ocrx_word' id='word_1_345' title='bbox 1295 4225 1348 4288; x_wconf 84' lang='lat' dir='ltr'>ed-</span> 
     </span>
     <span class='ocr_line' id='line_1_39' title="bbox 206 4326 1349 4412; baseline 0.001 -22"><span class='ocrx_word' id='word_1_346' title='bbox 206 4339 324 4409; x_wconf 87' lang='lat' dir='ltr'>pareat.</span> <span class='ocrx_word' id='word_1_347' title='bbox 364 4348 492 4412; x_wconf 89' lang='lat' dir='ltr'>quarum</span> <span class='ocrx_word' id='word_1_348' title='bbox 517 4326 555 4388; x_wconf 90' lang='lat' dir='ltr'>de</span> <span class='ocrx_word' id='word_1_349' title='bbox 580 4329 697 4408; x_wconf 88' lang='lat' dir='ltr'>origine</span> <span class='ocrx_word' id='word_1_350' title='bbox 721 4339 754 4390; x_wconf 92' lang='lat' dir='ltr'>ut</span> <span class='ocrx_word' id='word_1_351' title='bbox 778 4329 900 4392; x_wconf 81' lang='lat' dir='ltr'>facilins</span> <span class='ocrx_word' id='word_1_352' title='bbox 927 4329 1070 4391; x_wconf 88' lang='lat' dir='ltr'>iudicium</span> <span class='ocrx_word' id='word_1_353' title='bbox 1102 4331 1170 4406; x_wconf 80' lang='lat' dir='ltr'>fiat,</span> <span class='ocrx_word' id='word_1_354' title='bbox 1204 4351 1257 4392; x_wconf 87' lang='lat' dir='ltr'>eas</span> <span class='ocrx_word' id='word_1_355' title='bbox 1284 4329 1349 4394; x_wconf 83' lang='lat' dir='ltr'>lere</span> 
     </span>
     <span class='ocr_line' id='line_1_40' title="bbox 208 4430 578 4513; baseline 0.005 -23"><span class='ocrx_word' id='word_1_356' title='bbox 208 4451 312 4493; x_wconf 89' lang='lat' dir='ltr'>omnes</span> <span class='ocrx_word' id='word_1_357' title='bbox 334 4431 385 4492; x_wconf 89' lang='lat' dir='ltr'>hic</span> <span class='ocrx_word' id='word_1_358' title='bbox 412 4430 578 4513; x_wconf 88' lang='lat' dir='ltr'>conligam:</span> 
     </span>
    </p>
   </div>
   <div class='ocr_carea' id='block_1_7' title="bbox 0 0 1605 5098">
    <p class='ocr_par' dir='ltr' id='par_1_9' title="bbox 0 0 1605 5098">
     <span class='ocr_line' id='line_1_41' title="bbox 0 0 1605 5098; baseline 0 0"><span class='ocrx_word' id='word_1_359' title='bbox 0 0 1605 5098; x_wconf 95' lang='lat' dir='ltr'> </span> 
     </span>
    </p>
   </div>
  </div>
 </body>
</html>
