3072 5064
278 379 340 447 228
519 329 524 340 ·
785 397 920 444 esarvtt

415 554 532 610 uentus
555 548 640 610 enim
665 547 701 610 fit
720 547 776 612 ubi
797 557 848 612 est
874 549 1029 634 agitando
1053 549 1197 636 percitus
1219 572 1285 616 aer.

277 650 339 714 hoc
356 649 442 712 euim
466 650 500 712 in
524 648 593 713 loco
616 647 885 735 tranquillissimo
908 659 941 713 et
962 650 1004 713 ab
1021 651 1172 716 omnibus
1188 655 1295 716 uentis
1313 655 1426 739 quicto

277 752 372 816 breui
394 749 527 814 flabello
550 749 724 837 adprobari
748 759 869 837 potest,
893 752 1078 837 quostiam
1101 773 1230 818 muscas
1252 754 1425 840 abigentes

278 875 385 916 acrem
411 872 651 916 commonemus
674 850 850 940 flatumque
870 854 1038 920 sentimus.
1071 855 1252 942 quodcum
1276 860 1426 922 eucnerit

278 954 453 1019 occultiore
476 953 615 1040 quodam
636 963 724 1018 motu
748 953 936 1018 caelestium
953 957 1006 1020 uel
1027 966 1229 1021 terrenorum
1251 980 1447 1046 corporums

276 1079 335 1144 per
354 1078 508 1140 magnum
526 1059 667 1142 spatium
687 1055 816 1138 mundi,
839 1066 957 1122 uentus
973 1065 1107 1120 uocatur
1129 1081 1171 1122 ex
1189 1059 1330 1123 diuersis
1350 1083 1425 1147 par-

275 1159 366 1222 tibus
394 1157 477 1221 caeli
507 1158 638 1220 nornine
671 1158 769 1220 etiam
801 1157 933 1220 diuersa
959 1160 1104 1223 sortitus.
1154 1159 1286 1246 quidam
1313 1172 1425 1225 antem

276 1261 368 1323 aiunt
388 1281 426 1323 eo
448 1259 535 1346 quod
555 1281 597 1322 ex
618 1259 711 1345 aquis
734 1280 805 1341 aer,
831 1279 874 1322 ex
890 1281 966 1323 aere
985 1261 1075 1324 uenti
1099 1269 1288 1326 nascuntur.

169 1437 270 1512 151*
363 1445 542 1524 Ventorum
558 1447 683 1533 primus
711 1445 887 1510 cardinalis
914 1461 1131 1512 SEPTENTRIO
1160 1446 1301 1532 frigidus
1319 1457 1353 1512 et
1376 1451 1424 1512 ni·

278 1548 362 1628 uelis
384 1545 441 1610 flat
466 1556 574 1612 rectus
598 1547 639 1611 ab
664 1567 727 1612 axe
755 1555 787 1612 et
809 1548 889 1610 facit
910 1547 1003 1612 arida
1026 1547 1153 1632 frigora
1175 1559 1208 1612 et
1237 1548 1338 1612 siccat
1360 1571 1420 1613 nu·
1435 1573 1459 1612 ro

277 1743 408 1786 crentur.
447 1736 574 1806 Clemens
594 1741 684 1784 autem
704 1736 785 1786 dicit:
809 1737 849 1785 Eo
874 1735 943 1801 quod
962 1739 1068 1786 montes
1087 1737 1191 1786 excelsi
1210 1737 1292 1786 certis
1311 1737 1422 1802 quibus-

277 1807 339 1855 dam
358 1805 514 1854 habeantur
532 1805 559 1853 in
583 1803 650 1854 locis
675 1809 703 1853 et
721 1821 754 1853 ax
773 1804 814 1853 his
832 1804 910 1853 uelut
927 1819 1091 1868 conpressas
1110 1810 1138 1854 et
1156 1809 1355 1869 coangustatus
1375 1821 1425 1854 aer

276 1873 447 1922 ordinatione
466 1872 511 1921 dei
529 1876 645 1936 cogatur
664 1879 691 1920 et
716 1872 885 1936 exprimatur
907 1873 935 1921 in
959 1877 1071 1932 uentos,
1097 1887 1208 1936 quorum
1227 1871 1422 1938 inspiramine

277 1947 306 1989 et
329 1941 434 1989 inactus
458 1955 569 2004 germen
593 1940 734 2004 concipiat
757 1941 933 2002 aestiuosque
961 1940 1041 1989 ardor
1064 1941 1223 2004 temperiem
1241 1945 1339 2000 sumat,
1360 1956 1424 1990 cunr

276 2008 384 2073 pliades
408 2009 513 2072 ignitae
532 2007 597 2056 solie
617 2007 759 2056 ardoribus
777 2007 978 2057 incanduerint.
1015 2007 1091 2058 uenti
1111 2013 1201 2058 auteur
1221 2009 1357 2058 interdum
1374 2025 1422 2058 an·

276 2076 398 2141 gaiorum
421 2074 618 2140 intelleguntur
641 2075 767 2140 spiritus,
797 2076 842 2139 qui
867 2091 882 2124 a
907 2075 1023 2124 secretis
1047 2075 1090 2124 dei
1114 2076 1149 2125 ad
1173 2075 1289 2126 salutem
1308 2077 1422 2126 hermani

276 2146 387 2209 generis
405 2159 453 2208 per
471 2143 627 2192 uniuersum
645 2145 771 2192 rnurrdurn
791 2144 943 2192 mittuntur.
979 2143 1046 2192 ilem
1064 2158 1265 2208 nonnumquam
1283 2141 1361 2194 nenti
1380 2146 1421 2194 iu·

277 2217 402 2261 conteres
425 2211 538 2276 spiritus
556 2211 619 2276 proni
643 2211 731 2260 solent
754 2227 801 2275 pro
820 2227 852 2260 eo
876 2211 945 2275 quod
969 2209 1060 2260 trralae
1084 2211 1270 2277 suggestionis
1293 2213 1361 2260 tlatu
1386 2214 1421 2262 ad

276 2287 388 2329 terrena
412 2279 550 2328 desideria
573 2279 726 2342 iniquorum
751 2279 833 2328 corda
856 2278 1009 2328 succedunt
1031 2279 1179 2328 sectandum
1199 2279 1268 2343 quod
1288 2281 1422 2344 scriptum

276 2353 331 2397 cst:
356 2347 448 2396 Tollet
471 2363 531 2395 eum
556 2353 653 2396 uentus
676 2345 776 2396 urens!
814 2347 941 2396 Clemens
960 2361 1071 2412 recogn.
1093 2347 1159 2397 vlu
1175 2347 1222 2398 23:
1251 2348 1330 2396 ‘Nam
1350 2349 1422 2411 qnod

274 2415 395 2465 interra
414 2419 518 2464 montes
537 2413 639 2464 excelsi
658 2417 741 2464 certis
760 2414 921 2478 quibusdam
940 2413 1095 2464 habeantur
1113 2416 1141 2463 in
1159 2415 1242 2476 locis,
1271 2421 1302 2463 ut
1325 2431 1359 2464 ex
1378 2415 1422 2464 his

275 2483 351 2532 uelut
369 2495 540 2547 compressus
563 2489 591 2531 et
615 2489 812 2548 coangustatus
832 2497 879 2531 aer
897 2482 1070 2532 ordinatione
1089 2482 1133 2532 dei
1151 2489 1267 2548 cogatur
1285 2488 1312 2532 et
1330 2483 1422 2549 expri-

274 2555 365 2602 matur
383 2552 411 2600 in
429 2555 539 2610 uentos,
564 2567 598 2599 en
621 2550 718 2614 quibus
742 2557 769 2600 et
796 2551 901 2600 inactus
925 2566 1037 2614 germen
1061 2550 1221 2616 concipiant
1244 2557 1273 2600 et
1296 2553 1422 2600 aestiuus

276 2620 357 2668 ardor
375 2618 534 2683 temperiem
554 2623 657 2678 orarunt,
677 2633 737 2668 cum
757 2617 880 2682 pleiades
898 2617 1004 2682 ignitae
1024 2618 1089 2668 solis
1108 2617 1250 2668 ardoribus
1269 2619 1421 2668 incandue-

276 2685 349 2735 rint'
387 2685 550 2734 Plutarchus
574 2686 603 2734 Ρ.
629 2687 659 2734 P.
680 2686 768 2735 1117:
794 2681 866 2750 Περὶ
890 2675 1012 2750 οἷνέμων.
1049 2675 1285 2751 Ἀναξίμανδρος,
1310 2675 1421 2751 ἄνεμον

276 2747 352 2802 εἶναι
372 2743 569 2816 destruique,
594 2751 650 2801 τοῖν
672 2745 851 2803 λεπτοτάτων
874 2744 906 2802 ἒν
928 2742 1006 2816 αὐτῷ
1029 2751 1078 2803 καὶ
1101 2746 1265 2818 ὑγροτάτων
1287 2745 1344 2804 ὑπὸ
1369 2753 1422 2804 τοῦ

285 2813 360 2870 ‘ilco
371 2814 550 2884 κινουμένων
568 2809 587 2894 ἡ
604 2835 673 2884 uque
697 2818 776 2870 εὐων.
815 2815 854 2870 Oi
871 2819 1009 2882 Στωικοί,
1028 2819 1088 2871 πᾶν
1106 2819 1219 2886 πνεῦμα
1238 2815 1323 2887 α’έρος
1341 2815 1419 2873 εἶναι

275 2837 368 2953 diosc,
387 2890 450 2946 ταῖς
473 2886 529 2936 τῶν
551 2901 645 2937 τοττων
665 2837 696 2937 dl
719 2889 918 2954 παραλλαγαῖς
944 2881 1184 2955 τὰς-ἐπωνυμίας
1207 2882 1421 2954 παραλλάττου-

276 2969 343 3006 σαν
363 2949 439 3016 οἷον,
459 2945 517 3005 α’τιό
535 2954 587 3004 τοῦ
603 2948 693 3032 ζόφου
711 2952 761 3006 καλ
779 2955 828 3035 τῆς
847 2950 963 3019 δύσεως,
982 2951 1115 3021 ζέφυρον·
1133 2947 1192 3008 α’ττό
1209 2957 1259 3024 τὴς
1277 2949 1421 3038 ἅνατολὴς

275 3020 394 3072 καὶτοῦ
413 3015 510 3088 ἡλίου,
534 3013 708 3087 α’ντηλιωτην·
726 3017 777 3074 τὸν
795 3025 813 3074 d
844 3017 903 3074 α’ντὸ
920 3024 976 3073 τῶν
994 3015 1120 3088 ἄρκτων,
1140 3019 1216 3076 εἶναι
1235 3020 1350 3104 βορέαν·
1369 3042 1422 3077 τον

275 3081 306 3141 d’
324 3084 382 3139 α’τό
400 3090 456 3140 τῶν
473 3089 585 3153 νοτίων,
604 3089 679 3154 λίβα.
715 3086 919 3157 Μητρόδωρος,
943 3084 1106 3151 adussimus
1124 3084 1348 3160 α’ναθομιασεως
1368 3090 1418 3146 διὰ

275 3151 329 3224 τὴν
340 3150 465 3224 ἡλιακὴν
478 3153 613 3208 ἔκκαυσιν
623 3158 758 3223 γίνεσθαι
771 3151 864 3226 ὁρμὴν
876 3158 1055 3238 πνευμάτων·
1073 3154 1139 3219 τούς
1156 3151 1185 3212 d'
1197 3155 1312 3226 ἐτησίας
1324 3165 1420 3224 πνεῖν,

275 3225 328 3276 τοῦ
337 3219 409 3288 πρὸς
421 3229 483 3285 ταῖς
493 3215 609 3290 ἄρκτοις
621 3221 822 3308 παχυνθέντος
833 3219 927 3292 α’έρος,
939 3229 1137 3293 υποχωροῦντι
1147 3228 1184 3294 τῷ
1198 3221 1269 3296 ἡλίῳ
1280 3223 1353 3280 κατὰ
1367 3224 1422 3295 τὴν

275 3287 399 3359 θερινὴν
410 3287 519 3358 τροπὴν
530 3285 759 3359 interperantur.
794 3297 830 3346 cf.
844 3295 943 3346 leleler.
956 3297 973 3346 l.
986 3315 1010 3346 e.
1024 3314 1049 3362 p.
1063 3299 1097 3346 55
1110 3314 1167 3364 sqq.
1199 3299 1232 3346 74
1246 3313 1305 3363 sqq.

362 3359 435 3416 iil*
453 3362 572 3412 Isidorus
591 3363 624 3412 de
642 3370 740 3414 natura
758 3380 846 3414 rorum
861 3365 1001 3414 XXXVII:
1023 3367 1073 3414 ‘lle
1093 3367 1247 3416 nominibus
1266 3371 1419 3417 uentorum.

275 3431 456 3480 Ventorum
531 3431 688 3496 stringit,
712 3433 783 3482 unde
803 3438 831 3481 ct
848 3447 901 3481 non
920 3433 1054 3482 immerito
1071 3433 1175 3484 diaboli
1195 3435 1308 3484 loturam
1322 3435 1420 3488 induit.

275 3499 340 3563 quia
359 3499 502 3564 inquitatis
521 3499 625 3564 frigora
643 3499 786 3564 gentilium
807 3501 890 3550 corda
908 3502 1080 3564 constringit.
1122 3503 1293 3552 secundus
1369 3503 1419 3552 al·

275 3565 395 3616 tanus.'
420 3566 472 3615 hoc
490 3573 630 3631 pratorum
650 3573 733 3632 eaput
745 3569 798 3616 dno
811 3569 909 3617 incerti
923 3574 1023 3633 poetae
1043 3570 1167 3620 versibus
1180 3571 1419 3636 conscripserunt:

275 3651 300 3681 v.
315 3650 378 3698 pag.
393 3633 442 3684 304
449 3651 507 3698 sqq.
522 3659 557 3670 -
569 3635 700 3700 Vegetius
713 3635 745 3684 dc
761 3652 788 3684 re
803 3635 916 3684 militari
930 3643 975 3695 lex
990 3637 1121 3688 Varronis
1136 3637 1213 3686 libris
1229 3638 1410 3701 navalibusll

275 3699 305 3750 u:
337 3703 466 3752 ‘Veteres
484 3707 575 3752 auteur
596 3704 674 3752 iuxta
697 3704 858 3768 positionem
877 3704 1020 3754 catulinum
1044 3709 1148 3756 tanturn
1173 3711 1299 3770 quattuor
1322 3713 1421 3756 uentos

276 3769 444 3834 principales
464 3786 480 3818 a
498 3770 615 3836 singulis
634 3771 706 3820 caeli
730 3771 855 3836 psentibus
877 3772 944 3822 liare
964 3773 1126 3822 eredebant:
1162 3773 1211 3823 scd
1235 3775 1423 3840 experimento

276 3837 412 3902 posterior
424 3842 504 3887 aetas
517 3837 659 3888 dutrdeoim
673 3837 885 3904 comprehendit.
905 3839 999 3890 horum
1012 3841 1149 3892 rroeabnla
1160 3841 1194 3890 ad
1207 3843 1423 3893 submouendam

274 3903 474 3956 dubitationem
498 3921 551 3954 nou
579 3907 663 3956 solum
688 3908 798 3956 [lraeea
823 3907 870 3957 sed
900 3909 983 3958 etiam
1002 3909 1106 3958 Latina
1128 3909 1300 3974 protulimus,
1327 3910 1367 3960 ita
1390 3921 1422 3960 ut

1411 3640 1419 3651 v

364 4085 374 4135 l
389 4077 519 4151 agitatus
536 4080 560 4132 B
575 4071 587 4157 ll
605 4079 730 4155 pertitus
741 4083 765 4136 A
777 4097 870 4154 peuce
881 4099 952 4140 sans
963 4083 990 4136 B
1005 4076 1018 4160 ΙΙ
1033 4079 1119 4141 ulmo
1130 4081 1220 4157 enim]
1231 4079 1313 4160 quod
1327 4083 1420 4140 etiam

279 4154 330 4241 Bll
347 4168 377 4217 et
396 4179 448 4219 orn.
470 4158 505 4218 [λ1
522 4159 535 4239 ἡ
551 4161 631 4220 adab
649 4159 684 4220 13¹
706 4161 792 4221 arab
808 4158 848 4220 B²
863 4157 877 4244 [l
892 4162 1028 4223 onibusB
1042 4161 1055 4246 ΙΙ
1071 4177 1087 4229 3
1103 4166 1209 4226 breuis
1226 4169 1250 4224 Β
1264 4161 1277 4246 ΙΙ
1294 4165 1421 4226 ilanello

278 4243 328 4326 ΒΗ
344 4244 426 4323 quod
442 4243 478 4302 B¹
495 4243 507 4326 ll
524 4247 721 4323 abigentes).
732 4246 889 4324 abigentes
902 4249 967 4330 ·s,A
982 4245 995 4332 ll
1010 4257 1263 4313 leomouomusrl
1277 4247 1290 4332 ll
1307 4253 1420 4313 tocul-

273 4329 350 4387 tiore
372 4333 397 4384 B
416 4325 429 4410 ll
449 4331 519 4391 fiad
543 4351 579 4390 ex
602 4328 637 4388 pr
658 4343 689 4390 at
708 4351 745 4390 ex
762 4329 802 4390 13¹²
824 4327 837 4414 ΙΙ
857 4341 872 4394 7
894 4337 1018 4395 sortitus
1036 4347 1082 4396 est
1099 4337 1184 4414 Bllss
1207 4356 1243 4396 eo
1260 4355 1314 4396 cru.
1333 4341 1360 4395 li
1375 4335 1422 4420 119

271 4415 460 4494 septentrion
476 4421 498 4473 A
516 4421 702 4494 septentrioa
718 4420 742 4474 B
756 4415 769 4502 ΙΙ
788 4427 819 4480 10
834 4418 917 4478 sicud
935 4425 962 4480 B
