3190 5098
247 379 309 444 378
582 402 805 452 Qu'ausrtouus
823 403 1049 446 svsuourauau

248 561 291 614 est
301 557 422 614 iambico
435 563 465 614 at
475 564 519 612 est
531 557 703 614 Archilochi.
724 556 808 614 cuius
821 554 1042 616 emendationis
1054 576 1114 616 non
1127 555 1228 616 levem
1240 578 1390 618 commen·

250 655 380 716 dationis
402 657 531 734 gratiam
553 665 692 736 paratam
715 658 803 718 vides
828 679 847 718 a
868 657 1117 718 homoeoteleutis
1133 679 1211 738 quae
1233 669 1389 721 vocantur.

249 759 305 820 sed
325 779 385 838 quo
412 760 526 818 iactum
550 758 590 818 sit
610 767 643 817 ut
669 759 736 838 ipsa
758 759 922 840 disputatio
944 759 982 820 de
1004 760 1103 841 lyrica
1122 761 1209 840 poesi
1228 761 1389 822 intercide·

249 861 304 934 rit,
331 880 392 920 non
414 862 521 942 liquet.
567 881 637 920 uam
660 861 808 922 incertum
837 871 884 922 est
906 861 1071 923 Diomedes
1100 883 1167 922 eam
1191 863 1325 922 omiserit
1351 883 1390 923 an

246 961 363 1022 librarii
379 973 521 1043 corrupta
532 983 677 1042 generum
691 967 915 1025 enumeratione
930 984 984 1023 suo
999 965 1063 1024 iure
1077 963 1134 1024 sibi
1151 965 1209 1023 visi
1222 965 1281 1024 sint
1296 966 1388 1026 etiam

247 1065 327 1124 hanc
335 1064 451 1146 lyricae
461 1066 562 1144 poesis
574 1067 758 1126 mentionem
771 1066 945 1126 eDiomede
958 1067 1075 1126 tollere.
1094 1087 1151 1126 nec
1164 1067 1227 1126 fere
1236 1086 1389 1126 vereorne

247 1165 306 1226 hac
322 1165 521 1244 ambiguitate
532 1166 698 1247 quidquam
714 1157 752 1227 de
768 1167 981 1247 probabilitate
995 1172 1188 1230 coniecturae
1202 1169 1387 1228 detrahatur.

249 1269 360 1328 etenim
375 1267 434 1328 hoc
445 1269 512 1348 ipso
525 1269 592 1328 Ioco
607 1271 765 1331 Diomedis
777 1269 846 1330 libri
859 1270 1085 1348 perturbatione
1097 1269 1236 1330 laborant
1251 1290 1311 1350 qua
1328 1289 1389 1328 non

248 1369 340 1430 facile
352 1371 447 1451 possit
459 1373 554 1430 maior
565 1372 704 1432 inveniri.
722 1392 771 1432 res
784 1373 1002 1432 autemiterum
1012 1373 1057 1433 ita
1068 1379 1235 1452 conparata
1247 1381 1293 1430 est
1305 1373 1389 1430 utin·

248 1481 363 1532 eertum
383 1475 422 1532 sit
436 1474 495 1532 utri
507 1473 650 1534 Diomedi
663 1495 702 1533 an
718 1471 842 1534 librario
861 1475 1035 1554 corruptela
1048 1473 1204 1534 debeatur.
1228 1474 1389 1532 interiecta

248 1576 328 1636 enim
339 1584 387 1634 est
399 1577 477 1634 inter
490 1585 682 1636 enumeratas
694 1578 859 1635 communie
871 1578 1019 1655 poematis
1032 1578 1151 1656 species
1166 1585 1196 1635 et
1209 1575 1386 1655 descriptio-

246 1699 316 1738 nem
329 1679 434 1755 opicae
447 1679 548 1756 poesis
559 1688 762 1737 commentum
775 1677 812 1736 de
824 1681 973 1755 poematis
986 1677 1219 1739 characteribus.
1241 1698 1329 1758 quem
1343 1677 1385 1736 lo·

247 1799 314 1838 cum
333 1778 453 1837 Keilius
472 1779 501 1836 ei
522 1777 644 1851 tribuit,
671 1799 739 1838 cum
761 1780 793 1838 in
809 1779 894 1840 libris
914 1789 1055 1861 quattuor
1071 1789 1188 1840 tanturn
1205 1781 1303 1859 prima
1322 1780 1386 1839 eius

247 1877 342 1939 verba
359 1878 408 1936 hic
426 1879 584 1956 legantur,
605 1901 684 1960 quae
704 1883 895 1960 excipiuntur
918 1885 997 1962 epici
1015 1884 1154 1943 carminis
1171 1881 1344 1942 definitione
1357 1890 1388 1941 et

246 1979 387 2055 historiu3
409 1979 485 2039 haee
499 1981 598 2042 subito
614 1982 801 2062 abrumpitur
811 2006 842 2063 p.
854 1995 914 2059 484,
931 1986 990 2050 9iu
1001 1984 1102 2044 verbis
1117 1989 1145 2044 iu
1158 1997 1285 2044 mutuom
1303 1995 1334 2044 ut
1345 1990 1387 2044 sic

245 2087 385 2152 dixerim,
402 2084 539 2162 sequitur
552 2092 751 2144 commentum
765 2084 803 2146 de
814 2089 963 2166 poematis
980 2085 1221 2160 characteribus,
1243 2109 1302 2170 quo
1318 2107 1385 2168 per·

247 2187 359 2264 scripto
372 2204 450 2264 quae
466 2185 646 2263 interposita
657 2196 727 2246 sunt
743 2187 780 2246 de
798 2189 885 2267 epico
902 2191 1033 2250 carmine
1048 2211 1102 2249 suo
1118 2189 1186 2248 Ioco
1197 2199 1383 2269 repetuntur,

246 2289 349 2348 utiam
361 2307 439 2374 nuuc
457 2285 599 2346 adfinem
614 2286 828 2366 perducantur.
849 2310 940 2372 quam
955 2293 1162 2352 confusionem
1180 2293 1293 2371 optime
1308 2293 1384 2352 Kei-

246 2388 303 2448 Iius
315 2387 412 2468 praef.
423 2408 453 2466 p.
466 2387 662 2448 XXXVIIII
675 2410 719 2468 sq.
734 2392 778 2451 sic
791 2393 923 2473 explicat
937 2403 970 2452 ut
978 2393 1119 2454 librarius
1132 2393 1384 2473 primumomissis

247 2491 290 2549 eis
313 2509 393 2570 quae
415 2487 453 2546 de
474 2491 622 2567 poematis
636 2491 862 2553 characteribus
876 2495 1039 2556 scribenda
1054 2495 1176 2555 luerunt
1187 2493 1227 2553 ad
1238 2495 1384 2573 proxima,

245 2611 324 2672 quse
342 2597 411 2648 sunt
424 2588 462 2648 de
476 2591 563 2669 epico
576 2594 718 2667 carmine,
731 2595 929 2667 aberraverit,
943 2597 1054 2658 deinde
1067 2618 1132 2656 eum
1149 2617 1212 2655 rem
1226 2596 1384 2656 intellexe-

245 2697 284 2754 rit
301 2714 360 2752 non
378 2691 488 2751 deIetIs
506 2693 565 2752 illis
587 2714 665 2774 quae
685 2697 909 2777 interposuerat
927 2699 964 2758 ad
980 2701 1090 2758 iustum
1103 2697 1239 2757 ordinem
1251 2717 1284 2756 se
1296 2717 1388 2763 revo-¹

246 2795 332 2854 earit.
355 2801 446 2873 atque
464 2793 495 2852 iu
513 2798 644 2873 repetita
664 2802 814 2879 scriptura
831 2804 891 2861 iam
913 2803 1058 2862 attentior
1073 2819 1145 2859 cura
1161 2800 1225 2860 eius
1241 2809 1383 2859 accurata

246 2893 438 2956 describendi
466 2895 557 2956 facile
588 2902 778 2979 perspicitur.
829 2903 919 2964 aliam
953 2900 1136 2962 emendandi
1163 2901 1244 2960 viam
1274 2901 1383 2960 inierat

243 2995 417 3066 I’utschius,
430 2995 481 3076 qui
497 3017 558 3056 non
579 2999 716 3060 codicum
732 3006 863 3084 vestigia
874 3006 985 3087 pressit
1002 3003 1057 3064 sed
1071 3023 1171 3076 rerum
1186 3003 1322 3062 ordinem
1335 3025 1382 3064 se·

244 3105 333 3158 cutus
343 3097 551 3160 characterum
563 3103 762 3164 differentiam
776 3105 972 3186 disputationi
987 3109 1025 3167 de
1038 3109 1124 3186 epico
1139 3101 1271 3165 carmine
1283 3105 1382 3166 subie-

245 3201 294 3260 cit.
322 3220 412 3279 quem
424 3199 559 3260 ordinem
571 3224 748 3282 perversum
764 3228 833 3268 esse
849 3210 980 3290 iniquius
995 3209 1115 3268 Keilius
1133 3207 1296 3284 iudicavit;
1315 3228 1382 3267 cum

245 3323 323 3384 quae
341 3303 378 3362 de
394 3303 623 3390 characteribus
636 3319 829 3388 exponuntur
841 3312 880 3372 ad
898 3312 994 3371 solum
1007 3313 1126 3392 epicum
1139 3329 1259 3368 carmen
1272 3319 1381 3368 artem·

243 3425 302 3484 que
317 3405 460 3465 namandi
479 3407 642 3468 referenda
663 3412 736 3470 sint:
759 3413 788 3471 id
805 3414 887 3494 quod
909 3415 940 3473 in
962 3433 1054 3474 causa
1076 3422 1122 3472 est
1140 3421 1174 3472 ut
1188 3410 1327 3490 exempla
1342 3431 1382 3470 ex

242 3506 359 3584 Vergili
376 3507 516 3568 Aeneide
528 3519 714 3588 repetantur.
738 3515 848 3595 quodsi
860 3516 997 3576 codicum
1009 3516 1140 3594 vestigia
1151 3533 1206 3572 nos
1216 3512 1380 3586 adducunt,

241 3612 456 3672 utKeiIianam
474 3611 634 3673 verborum
652 3616 906 3677 conlocandorum
921 3619 1068 3678 rationem
1091 3615 1268 3696 probemus,
1300 3636 1380 3675 com-

243 3723 374 3774 mentum
386 3714 424 3774 de
436 3724 578 3794 quattuor
591 3715 835 3793 characteribus,
848 3719 929 3800 quod
942 3741 960 3779 a
973 3719 1098 3779 Suetoni
1109 3718 1235 3778 consilio
1247 3718 1379 3778 alienum

243 3825 298 3890 est,
311 3818 413 3897 inepto
427 3817 594 3876 etiamloce
612 3820 643 3878 in
655 3819 813 3880 Diomedis
824 3821 908 3881 libris
924 3821 995 3880 olim
1009 3821 1122 3880 lectum
1137 3819 1230 3880 fuisse
1241 3819 1379 3899 adparet.

242 3939 302 3999 qua
316 3939 349 3979 re
366 3919 424 3978 hoc
440 3918 589 3978 emblema
604 3939 676 3979 esse
695 3931 810 3982 certum
825 3923 872 3982 fit:
889 3925 1037 3982 incertum
1051 3933 1097 3982 est
1114 3922 1171 3980 utri
1187 3923 1380 4002 interpolatio

241 4019 391 4080 debeatur
406 4021 548 4081 Diomedi
568 4041 606 4080 au
632 4022 770 4084 librariis.
803 4045 929 4104 quorum
952 4032 1078 4104 uterque
1098 4031 1218 4103 poterut
1235 4022 1379 4082 facillime

240 4122 315 4183 talia
334 4141 350 4180 s
367 4122 492 4182 scholiis
510 4124 627 4202 Vergili
644 4134 795 4205 repetere.
815 4127 854 4186 cf.
869 4129 978 4186 Donat.
995 4127 1092 4206 praef.
1108 4145 1215 4186 comm.
1235 4123 1336 4184 bucol.

326 4224 439 4284 Similis
468 4245 525 4284 uec
551 4227 649 4286 minus
669 4229 833 4288 manifesta
855 4228 1064 4307 interpolatio,
1092 4247 1275 4308 quamquam
1296 4235 1378 4286 certo

240 4325 292 4384 illo
304 4325 417 4386 indicio
428 4327 515 4386 huius
529 4329 718 4406 corruptelae
726 4329 927 4401 destituimur,
941 4337 1086 4408 conparet
1098 4329 1129 4386 iu
1140 4328 1232 4388 iambi
1242 4327 1378 4406 descrip-

240 4427 338 4500 tione,
361 4429 409 4487 cui
430 4427 572 4488 adiuncta
586 4433 624 4490 sit
640 4432 766 4491 metrica
789 4431 827 4490 de
848 4430 945 4508 epodo
961 4431 1100 4508 quaestio
1114 4429 1224 4490 hausta
1245 4428 1298 4488 illa
1312 4428 1377 4509 qui·
