3162 5058
514 417 689 462 veneouvor
712 417 951 464 orrrnunuurstt
1239 403 1300 470 291
1391 468 1401 482 ,

246 579 373 632 scnnvs
396 577 428 632 et
449 573 610 649 unumve]
632 567 739 632 scelus
761 569 884 632 crimen
908 577 971 650 est,
999 568 1128 633 sueinus
1151 572 1248 634 etiam
1267 573 1301 634 in

157 666 256 731 leude
274 669 414 754 ponitur.

246 783 363 834 sonvu
384 787 519 834 vmcvu
542 787 758 836 sonrrmrvu
779 781 812 836 et
831 777 940 855 mvn]
963 771 1051 836 solus
1077 793 1097 836 e
1119 775 1236 843 ceteris
1252 797 1301 838 re-

157 874 266 956 lictus,
290 894 374 936 unus
394 875 523 937 initium
543 875 726 954 multorum,
749 873 911 938 soliterius
934 875 1003 937 eine
1026 877 1159 957 ceteris,
1183 877 1300 940 unicus

134 975 216 1062 equi
237 983 369 1062 propter
390 976 534 1060 inopium
555 973 692 1039 aliorum
716 976 749 1040 id
769 979 875 1062 ipsum
897 975 1052 1062 estquod
1077 975 1173 1040 solus.

247 1091 494 1140 souoeersuvu
520 1086 552 1140 et
574 1083 838 1159 eneurmsrrvu]
861 1076 1070 1142 soloecismus
1090 1079 1122 1141 in
1140 1099 1237 1142 sensu
1255 1078 1300 1161 fit,

157 1177 384 1243 barbarismus
403 1178 436 1241 in
458 1199 549 1242 uoce.

245 1295 356 1343 evertit
384 1289 416 1344 et
442 1285 565 1362 sverin]
589 1301 687 1365 super
717 1279 864 1366 superior
890 1281 1060 1362 inferiore,
1092 1273 1190 1368 supro
1212 1282 1299 1370 quod

157 1379 359 1444 substratum
381 1380 504 1466 aliquid
528 1381 626 1446 habet
646 1389 703 1443 eut
725 1381 812 1468 qued
835 1403 934 1468 supra
954 1381 1032 1468 quid
1051 1382 1208 1446 imminet.

125 1509 148 1547 ro
244 1499 351 1548 sluvr.
365 1492 398 1547 et
410 1481 647 1566 stulrvleimul
666 1504 731 1546 una
746 1484 932 1569 pariterque
948 1505 1000 1547 ree
1018 1481 1119 1567 (fieri)
1142 1483 1299 1566 declaret,
1378 1537 1383 1546 .

156 1594 193 1648 ut
215 1582 312 1650 simul
336 1585 476 1668 legimus
496 1583 549 1648 uel
570 1581 760 1666 scribimus3
785 1587 894 1648 simitu
917 1583 980 1650 loci
1004 1587 1120 1672 recipit
1135 1586 1299 1670 significa·

156 1687 288 1768 tionem,
309 1696 474 1772 tamquam
496 1684 592 1750 simul
614 1687 672 1750 itu.
898 1693 900 1696 '

243 1803 384 1850 eenvvu
408 1797 440 1850 et
461 1792 664 1868 cuvuumsu]
689 1809 808 1852 saeuus
831 1789 918 1851 eirca
940 1786 1042 1853 uerba
1062 1797 1126 1870 est,
1155 1788 1298 1854 crudelis

157 1895 358 1952 monstratur
377 1891 549 1974 sanguine.

242 2145 339 2196 Scelus
359 2151 386 2195 et
399 2145 520 2212 lacinus]
537 2146 559 2196 G
578 2165 604 2214 p.
623 2145 657 2198 02
670 2162 695 2196 n.
710 2146 756 2198 32:
777 2146 882 2198 ‘Scelus
902 2147 1006 2197 crimen
1020 2152 1069 2208 est,
1090 2148 1200 2198 facinus
1214 2149 1298 2199 etism

159 2213 186 2262 in
207 2213 290 2263 laude
308 2219 385 2264 reete
409 2215 692 2278 uicit11r;‚Sstlusti11s
710 2216 780 2264 elicit
798 2217 895 2264 bonum
916 2214 1043 2264 lacinus!
1080 2215 1105 2264 H
1118 2231 1144 2280 p.
1161 2215 1202 2264 11:
1224 2217 1297 2266 ‘See-

161 2279 202 2332 los
220 2283 345 2332 criminis
365 2289 414 2343 eet,
435 2281 544 2332 fucinus
564 2283 647 2332 etium
667 2283 694 2331 iri
713 2281 795 2331 leude
815 2281 945 2348 ponitur)

241 2349 335 2398 Solum
362 2351 472 2399 rmieum
496 2351 649 2400 solitarium
674 2355 702 2400 et
724 2348 816 2416 unum]
836 2351 859 2398 G
878 2365 903 2415 p.
922 2347 955 2398 9⁶2
974 2366 999 2399 n.
1018 2347 1064 2400 38:
1100 2349 1192 2400 ‘Solus
1217 2351 1262 2416 qui
1281 2367 1297 2400 n

160 2419 259 2471 ceteris
277 2417 405 2480 relictus,
425 2433 493 2468 unus
510 2419 618 2468 initium
638 2419 790 2480 multorum,
812 2419 871 2484 egit
889 2417 1029 2468 soliterius
1049 2418 1093 2482 qui
1113 2433 1220 2484 semper
1237 2419 1298 2468 sine

161 2485 257 2534 ceteris
275 2485 353 2547 uiuit,
374 2487 471 2535 unicus
490 2485 607 2536 hebetur
625 2486 699 2537 solus
716 2490 829 2551 propter
847 2487 968 2550 inopium
988 2483 1124 2534 oliorum!
1159 2487 1185 2534 ll
1204 2501 1230 2552 p.
1253 2485 1296 2535 12:

161 2553 242 2602 ‘Vnus
266 2553 347 2602 initio
365 2554 510 2603 multorum
529 2555 602 2620 agit,
627 2553 768 2604 soliterius
790 2554 864 2604 solus
883 2567 991 2618 semper
1002 2553 1092 2614 uiuit,
1117 2553 1176 2602 eine
1195 2556 1297 2604 ceteris

161 2619 252 2670 unicus
269 2620 403 2682 hebetur,
427 2621 500 2670 solos
518 2629 630 2688 propter
652 2623 765 2687 impium
790 2621 905 2670 oliorum
928 2621 1128 2670 desolationem
1146 2623 1191 2686 qui
1209 2637 1299 2670 reme·

161 2685 224 2736 uet'
260 2687 353 2737 1581:
375 2689 466 2738 ‘Vnus
485 2705 516 2738 ex
536 2689 643 2752 multis,
663 2691 759 2739 unicus
778 2689 851 2739 solus
871 2694 921 2739 est.
958 2689 1031 2738 solus
1051 2691 1143 2753 itaque
1162 2703 1230 2738 unus
1248 2703 1297 2738 nu-

164 2763 289 2816 meretur,
308 2757 408 2806 unicus
426 2757 499 2806 iutro
517 2773 657 2807 numerum
677 2756 788 2807 linitur)
808 2755 901 2806 1585:
922 2757 1005 2806 ‘Vnus
1025 2755 1217 2808 adnumerum
1236 2773 1296 2822 per·

165 2821 243 2884 tinet,
266 2821 340 2874 solus
360 2840 374 2872 e
393 2824 493 2874 multus
510 2825 684 2890 intelligitur.

242 2891 437 2941 Soloecismum
451 2898 479 2941 et
491 2889 700 2958 barbarismum]
715 2893 739 2943 G
758 2909 783 2958 p.
797 2891 831 2942 ou
849 2909 876 2942 u.
895 2891 929 2943 40
946 2913 981 2935 =
998 2891 1025 2941 Η
1037 2909 1063 2958 p.
1084 2891 1129 2942 12:
1150 2891 1296 2944 ‘Soloeciu

166 2959 262 3008 musio
280 2959 424 3020 sensuit,
444 2961 632 3010 barbarismus
651 2962 678 3010 iu
697 2960 786 3012 uocc.’

242 3028 329 3092 Super
347 3033 376 3076 et
393 3025 521 3093 suprsJG
540 3045 565 3094 p.
579 3027 612 3078 93
625 3044 650 3078 rr.
665 3029 710 3077 51:
731 3029 832 3094 {Super
845 3035 887 3078 est
906 3029 976 3094 quod
995 3030 1104 3090 eminet,
1124 3045 1207 3095 supra
1226 3029 1298 3094 quod

165 3091 260 3158 aliquirl
278 3095 445 3145 substratum
463 3094 567 3146 hebet)
591 3097 616 3146 H
630 3114 654 3160 p.
670 3097 713 3146 17:
733 3097 829 3162 ‘Super
848 3103 890 3146 est
908 3111 990 3162 supra
1008 3096 1133 3161 superior
1150 3095 1298 3147 inferiori’

165 3159 251 3211 1509:
274 3163 376 3228 ‘Super
394 3163 526 3227 estquod
544 3164 681 3226 imminet,
705 3179 788 3229 supro
806 3164 876 3230 quod
895 3165 1061 3214 substratum
1081 3165 1185 3230 aliquid
1202 3163 1296 3214 habet.

165 3225 225 3277 item
237 3245 316 3296 super
329 3231 465 3280 interdum
478 3238 526 3280 eut
538 3231 650 3280 nimium
664 3237 711 3280 out
724 3234 793 3281 setis
804 3231 975 3297 accipimus)
988 3259 1021 3266 -
1034 3234 1180 3298 Agroetius
1193 3249 1218 3296 p.
1229 3231 1297 3284 2273

166 3295 198 3343 P:
215 3297 307 3364 ‘Super
326 3299 458 3362 estquod
477 3298 587 3360 eminet,
608 3315 689 3364 supro
709 3300 778 3364 qood
797 3299 964 3350 substratum
984 3300 1086 3366 aliquid
1105 3299 1210 3348 hebet!

242 3365 326 3415 Simul
347 3371 375 3415 ct
398 3365 500 3432 simitu]
521 3365 544 3416 G
568 3384 594 3432 p.
618 3367 651 3416 et
669 3383 696 3417 n.
715 3365 768 3416 oo?
788 3367 887 3417 ‘Simul
909 3373 940 3416 ut
962 3381 1017 3416 unu
1041 3383 1084 3417 res
1103 3365 1169 3427 (una
1193 3365 1298 3432 puriter

166 3443 289 3494 quaeres
309 3434 438 3496 Gothosr.)
457 3435 561 3499 puriter
585 3435 705 3492 clareat,
730 3439 761 3484 ut
783 3435 862 3484 simul
880 3435 1009 3500 legimus,
1039 3434 1118 3484 simul
1141 3433 1295 3484 scribimus.

165 3499 276 3550 simitum
297 3501 367 3551 lucri
385 3501 485 3568 recipit
503 3502 742 3568 significationem,
763 3503 841 3568 qussi
859 3500 1029 3552 simulitum!

241 3569 358 3620 Saeuum
382 3575 411 3618 et
433 3567 582 3636 crudelem]
602 3571 626 3620 G
644 3587 670 3636 p.
697 3569 743 3618 102
767 3587 792 3620 n.
811 3567 874 3619 200:
903 3569 1021 3619 ‘Saeuus
1045 3569 1120 3620 circs
1138 3569 1224 3618 uerbo
1243 3573 1293 3632 eet,

166 3635 274 3686 erudelis
295 3643 464 3688 monstretur
487 3637 640 3702 sanguiue)
678 3640 691 3688 1
714 3636 776 3687 501:
802 3638 916 3688 ‘Saeuus
940 3638 968 3685 in
987 3639 1029 3686 iro
1046 3637 1166 3702 crudelis
1186 3637 1213 3686 iu
1232 3652 1295 3686 sen·

167 3703 262 3766 princ.¹

168 3837 357 3852 Ἣ

240 3937 257 3991 3
273 3929 420 3988 relinetus
436 3929 468 3986 M
481 3921 527 4010 lle
543 3927 695 3988 solitarius
712 3927 875 3988 ineceteris
894 3930 927 3986 M
944 3921 958 4008 ll
979 3939 996 3990 5
1012 3927 1139 3988 oliorum
1158 3929 1296 3986 Boetius:

166 4009 315 4072 multorum
330 4014 364 4072 M
381 4009 395 4096 ΙΙ
416 4023 433 4076 6
451 4015 643 4074 solecismum
660 4017 691 4072 M
710 4012 723 4092 {i
744 4013 920 4072 solecismus
934 4015 967 4070 M
985 4008 999 4093 ΙΙ
1020 4031 1129 4072 sensus
1143 4015 1177 4070 M
1194 4007 1207 4096 ΙΙ
1226 4023 1296 4076 Sec

166 4095 194 4149 Μ
204 4089 246 4176 ll⁹
264 4099 467 4158 substractum
488 4102 520 4157 M
538 4094 553 4182 ll
573 4099 708 4158 imminet
726 4101 863 4158 Rothiur:
883 4099 1039 4157 immineat
1061 4099 1095 4154 M
1111 4092 1124 4178 ll
1151 4107 1182 4158 to
1196 4097 1297 4155 simitu
1356 4086 1361 4098 ’

167 4181 314 4241 Arcoolue:
343 4185 496 4244 similitum
513 4187 544 4243 M
558 4180 571 4266 ll
586 4185 652 4244 fieri
676 4187 777 4243 audies·
792 4181 806 4264 Η
828 4195 856 4246 lt
875 4184 919 4260 ut]
936 4185 980 4241 ite
993 4177 1169 4263 Doroilliuo}
1192 4181 1295 4240 simili·

168 4271 220 4323 tum
233 4269 266 4325 M
282 4263 295 4350 {1
318 4277 351 4332 tt
369 4270 458 4328 simul
477 4271 521 4328 itu
537 4272 674 4329 Mettius:
699 4271 855 4329 similitum
871 4269 905 4326 M
923 4263 936 4349 ΙΙ
959 4279 991 4330 13
1006 4287 1111 4327 serrum
1130 4269 1163 4324 M
1183 4261 1296 4350 locrius

167 4347 196 4404 Η
211 4344 224 4432 ΙΙ
243 4353 337 4414 uerba
359 4359 479 4428 scripsi:
503 4353 631 4414 uerbere
656 4356 689 4412 M
706 4349 719 4436 {l
744 4365 775 4417 14
789 4363 972 4414 monstretur
989 4354 1137 4429 sunguine
1158 4353 1297 4410 Rutilius:

166 4447 338 4498 monstrator
352 4440 510 4518 sanguinis
525 4439 560 4498 M

1026 4539 1091 4600 te*
