3072 5064
266 405 326 473 194
765 427 896 472 unsrun

263 578 373 642 bricae
395 575 508 642 mundi
524 576 772 662 constituerunt,
791 577 952 665 siquidem
966 577 1092 642 Graece
1110 577 1250 642 mundus
1269 571 1402 660 κόσμος,

264 679 360 745 homo
383 689 490 744 alitem
511 669 629 762 μικρὸς
651 674 776 762 κόσμος
798 679 831 742 id
861 688 911 744 est
933 680 1038 743 minor
1058 679 1197 744 mundus
1217 689 1268 745 est
1293 677 1403 766 appol-

263 780 360 846 latus.
405 782 556 846 formatio
583 791 691 846 autem
713 779 827 845 mundi
849 781 896 844 itu
917 781 1167 846 demonstratur.
1197 803 1272 846 nam
1294 803 1403 870 quem·

264 881 436 948 admodum
462 885 600 969 origitur
628 883 768 948 mundus
795 883 828 946 in
857 883 1152 970 septemtrionalem
1180 883 1326 971 plagam,
1358 885 1404 948 ita

265 984 447 1050 declinatur
468 985 501 1048 in
524 984 710 1049 australem.
752 984 859 1072 capud
879 994 988 1049 autern
1014 995 1046 1048 et
1064 987 1158 1072 quasi
1179 985 1281 1051 iacies
1301 985 1431 1050 orion-:1

264 1085 339 1150 talis
357 1088 464 1170 regio,
485 1085 599 1150 ultima
615 1109 691 1174 pars
711 1085 995 1173 septemtrionalis.
1026 1107 1101 1149 nam
1120 1096 1227 1172 partos
1243 1088 1315 1150 eius
1333 1085 1404 1150 1111

265 1198 356 1252 sunt:
389 1190 493 1276 prima
519 1210 594 1274 pars
623 1187 735 1252 mundi
764 1196 813 1252 est
836 1187 1019 1270 orientalis,
1049 1189 1193 1252 secunda
1214 1187 1406 1268 meridiana,

262 1292 360 1354 tertia
381 1289 575 1373 occidentis,
596 1287 711 1354 ultima
731 1313 810 1354 ucro
833 1289 939 1376 adquc
957 1298 1104 1354 extrema
1118 1288 1405 1379 septemtrionalis.

266 1392 319 1473 [de
343 1414 407 1480 qua
427 1391 586 1479 Virgilius
609 1393 657 1456 sic
680 1393 741 1456 ait:

265 1565 351 1632 origg.
365 1565 447 1626 1115,
469 1563 497 1616 3:
522 1565 621 1615 ‘Morbi
634 1579 727 1614 omnes
741 1581 774 1614 es
788 1570 916 1630 quattuor
932 1569 1081 1615 nuscuntur
1096 1565 1253 1616 humoribus
1266 1565 1293 1615 id
1311 1569 1354 1616 est
1372 1581 1406 1615 ex

165 1667 169 1674 ·
264 1635 398 1697 sanguino
412 1638 440 1684 et
458 1633 523 1682 lello
536 1633 720 1682 melancholia
733 1643 761 1682 ot
773 1631 939 1698 phlegmate.
966 1650 999 1684 ex
1012 1635 1079 1698 ipsis
1097 1635 1167 1682 enim
1187 1639 1317 1698 reguntur
1333 1633 1406 1694 sani,

266 1718 300 1750 ex
314 1702 381 1766 ipsis
394 1701 538 1750 lacduutur
550 1701 656 1750 iulirrni.
677 1701 737 1750 dum
752 1702 823 1750 enim
839 1701 954 1766 amplius
968 1707 1044 1751 extra
1058 1717 1163 1752 cursum
1177 1702 1313 1751 creuerint
1326 1706 1406 1750 natu-

265 1785 322 1830 rae,
336 1769 522 1832 aegritudines
536 1769 649 1818 faciunt.
673 1769 743 1818 sicut
757 1778 847 1818 autum
858 1775 985 1834 quattuor
997 1773 1060 1818 sunt
1073 1770 1218 1830 vicinonia,
1232 1770 1271 1820 sic
1285 1775 1313 1818 ct
1326 1777 1406 1833 quat-

264 1843 326 1886 tuor
338 1837 477 1898 humores,
497 1843 524 1886 et
541 1837 725 1900 unnsquisque
742 1837 837 1886 humor
854 1853 929 1886 suum
952 1838 1115 1887 clcmcntum
1134 1839 1268 1887 imitatur:
1292 1838 1408 1902 sanguis

266 1922 367 1966 acrem,
380 1904 491 1954 cholera
503 1905 604 1968 ignom,
617 1903 803 1954 melancholia
816 1911 925 1967 tcrrum,
939 1905 1068 1970 phlcgma
1081 1921 1188 1970 nquam.
1215 1911 1242 1954 ct
1254 1911 1318 1955 arrnt
1327 1911 1407 1969 quat·

265 1979 326 2024 tuor
343 1973 469 2022 humores
487 1973 557 2022 sicut
576 1979 703 2038 quattuor
716 1972 866 2036 elementa,
886 1989 954 2037 quac
974 1979 1139 2024 consumant
1157 1989 1272 2038 corpora
1290 1971 1407 2024 nostra-⁹

265 2041 385 2090 isidorus
398 2041 485 2106 origg.
499 2041 537 2090 XI
553 2039 574 2103 Ι,
591 2039 633 2089 lo:
649 2041 729 2090 ‘Caro
744 2045 834 2090 autom
848 2057 881 2090 ox
894 2047 1022 2105 quattuor
1035 2041 1179 2090 olcumntis
1193 2047 1337 2106 compacta
1352 2047 1405 2090 cst.

266 2125 329 2158 nam
342 2109 456 2158 terrain
470 2124 552 2158 caruc
567 2114 609 2158 cst
627 2124 675 2158 acr
693 2109 721 2157 iu
734 2108 822 2158 halitu
834 2109 929 2160 humor
941 2109 967 2158 in
981 2110 1116 2174 sanguino
1134 2109 1206 2174 ignia
1217 2109 1246 2158 in
1260 2109 1352 2160 calore
1367 2109 1408 2157 ui-

266 2177 325 2226 tali.
350 2177 453 2226 habent
471 2177 588 2226 enimin
606 2176 684 2226 nohis
702 2175 839 2226 clementa
856 2191 932 2226 sumu
952 2193 1075 2242 quasque.
1089 2185 1208 2242 partem,
1228 2177 1324 2242 quibus
1342 2177 1409 2241 quid

267 2245 383 2294 debetur
395 2261 527 2310 compago
540 2243 680 2294 rcaolutu.'
710 2245 747 2292 cf.
761 2244 897 2310 Origenes
917 2261 960 2310 ap.
975 2245 1171 2308 Hieronymum
1193 2245 1226 2295 ad
1246 2244 1407 2294 Pammach.

266 2319 330 2362 tom.
349 2313 376 2363 11
394 2329 419 2378 p.
439 2313 486 2362 431
506 2311 579 2364 Vall.
599 2339 631 2348 -
666 2311 774 2361 Solinus
795 2312 886 2377 polyh.
906 2314 919 2361 I
938 2329 964 2378 p.
983 2312 1040 2362 rb:
1062 2313 1216 2362 ‘Monsurac
1240 2313 1310 2362 ratio
1334 2312 1408 2362 bila-

267 2382 336 2431 riam
359 2381 501 2430 conuenit:
529 2395 592 2430 nom
616 2385 732 2445 quantus
755 2380 880 2430 manibus
904 2382 1033 2446 expansis
1055 2381 1128 2430 inter
1149 2381 1250 2446 digitos
1278 2379 1408 2444 longissi-

267 2465 325 2498 mus
348 2449 442 2499 modus
465 2456 521 2510 ast,
550 2453 656 2500 tanturn
681 2453 789 2498 coristat
810 2463 871 2498 esso
894 2450 967 2498 inter
991 2448 1084 2498 calcos
1109 2455 1136 2498 ot
1156 2450 1297 2498 norticcm.
1330 2447 1408 2496 ideo·

267 2533 319 2582 quc
332 2516 436 2582 physici
449 2517 584 2567 hominem
602 2517 732 2566 minorcm
753 2516 879 2566 mundum
901 2515 1109 2566 iudicauerunt)
1134 2517 1291 2566 Macrobius
1309 2531 1408 2566 comm.

266 2584 347 2646 1112,
368 2584 401 2633 ll)
413 2601 466 2649 sq:
485 2585 587 2634 ‘anima
600 2619 625 2634 ..
641 2585 687 2648 qui
704 2599 784 2634 uerus
802 2583 880 2633 homo
900 2589 955 2646 est,
977 2584 1011 2634 ab
1027 2585 1099 2634 omni
1115 2585 1269 2634 conditione.
1285 2585 1409 2634 mortali-

267 2653 334 2702 tatis
353 2652 446 2702 aliona
467 2661 509 2702 est
527 2653 595 2704 adeo
613 2657 643 2700 ut
659 2653 692 2700 in
714 2653 895 2702 imitationem
917 2653 961 2702 dci
984 2653 1109 2702 mundum
1132 2653 1254 2718 rogent-ia
1277 2657 1358 2718 rogat
1380 2657 1410 2700 ot

267 2721 328 2784 ipsa
346 2736 456 2785 corpus,
479 2721 541 2770 drrm
560 2736 576 2769 a
594 2735 623 2768 se
641 2719 786 2768 animatur.
817 2720 878 2769 idco
896 2721 1002 2784 physici
1025 2721 1150 2770 mnndum
1170 2735 1297 2785 magnum
1320 2719 1408 2769 homi-

267 2803 329 2836 nom
343 2793 371 2836 ct
382 2787 520 2838 homiuem
537 2789 648 2836 breucm
665 2788 791 2836 mundum
806 2803 866 2837 csso
879 2786 1024 2838 dixerunt)
1039 2815 1069 2824 -
1095 2789 1159 2837 Vita
1173 2789 1346 2852 Pythagorae
1361 2803 1407 2836 au.

267 2856 346 2904 l'hot.
364 2855 429 2904 bibl.
443 2872 468 2920 p.
483 2856 541 2918 440,
555 2855 600 2906 33:
619 2843 662 2904 ὅτι
674 2847 688 2904 ὁ
701 2843 857 2920 ἄνθρωπος
874 2851 974 2921 μικρὸς
991 2847 1095 2922 κόσμος
1113 2851 1224 2921 λέγεται
1241 2853 1294 2921 οὐχ
1311 2844 1355 2906 ὅτι
1375 2827 1408 2905 la

267 2913 410 2986 τεσσάρων
422 2921 568 2989 στοιχείων
580 2915 725 2987 σύγκειται
737 2949 769 2958 —-
782 2921 867 2973 corito
879 2919 932 2988 γὰρ
943 2919 991 2974 acl
1006 2917 1192 2974 ἕκαστοντῶν
1204 2917 1281 2986 ζώων
1292 2920 1411 2974 καὶτῶν

268 2981 472 3041 εὐτελεστάτων
484 3017 514 3028 -
526 2981 587 3040 drt'
600 2979 641 3039 ὅτι
654 2982 748 3048 πάσας
762 2985 818 3056 ἔχει
831 2984 882 3050 τὰς
894 2989 945 3042 τοῦ
957 2985 1008 3042 utic
1029 3007 1064 3042 oo
1081 2984 1220 3058 δυνάμεις
1235 3010 1257 3042 c.
1273 3009 1298 3056 q.
1312 3007 1333 3041 s.
1361 2989 1406 3040 cf.

268 3059 301 3108 rle
315 3073 500 3108 macrocosmo
519 3064 546 3108 et
563 3059 740 3108 microcosmo
758 3059 880 3109 Lobeclr.
899 3009 1033 3126 Aglaopll.
1048 3061 1072 3110 11
1084 3059 1108 3110 ll.
1125 3077 1149 3126 p.
1164 3059 1215 3109 008
1227 3077 1295 3126 sqq..
1315 3060 1359 3124 qui
1373 3059 1409 3107 dc

269 3143 352 3191 parvo
366 3127 463 3177 mundo
476 3126 525 3176 hos
539 3133 664 3176 auctores
677 3127 757 3175 citat:
772 3127 905 3177 Galerium
918 3128 951 3178 ‹lc
965 3143 1014 3178 usu
1027 3133 1097 3194 part.
1106 3127 1183 3178 11110
1196 3127 1277 3194 psus
1285 3129 1317 3178 K.
1345 3126 1409 3176 l’hi·

269 3193 358 3244 lonem
376 3194 409 3242 do
429 3196 487 3244 vita
504 3196 572 3244 Mos.
592 3195 629 3242 lll
647 3211 673 3258 p.
687 3193 737 3243 urs
750 3195 765 3242 d
778 3195 849 3244 etdo
868 3197 957 3246 mund.
971 3197 1036 3261 opii.
1063 3213 1090 3261 p.
1106 3195 1164 3244 ise
1181 3197 1311 3262 Porphyr.
1331 3195 1409 3244 Stoh.

268 3278 348 3312 serm.
362 3263 425 3310 XXI
441 3261 488 3310 185
506 3261 818 3328 Cosm.11ulopl.Vllp.
837 3263 888 3312 ’289
899 3264 997 3314 Montf.
1011 3291 1043 3300 -
1061 3265 1177 3314 isidorus
1194 3267 1280 3328 origg.
1300 3263 1341 3312 111
1361 3263 1409 3312 29:

270 3331 320 3380 ‘lle
334 3331 422 3380 forma
434 3331 534 3379 mundi.
558 3331 698 3380 Formatio
711 3331 801 3380 mundi
814 3331 854 3380 ita
870 3332 1079 3382 demonstratur.
1102 3347 1165 3382 nam
1183 3331 1409 3396 quemadmodum

269 3399 383 3464 origitur
400 3399 513 3448 mundus
531 3399 559 3448 in
577 3398 827 3463 septemtrionalam
845 3399 955 3464 plagam
974 3401 1013 3450 ita
1025 3400 1178 3450 declinatur
1199 3401 1226 3449 iu
1249 3398 1410 3450 australem.

269 3473 352 3532 caput
366 3473 457 3516 nutent
470 3467 530 3516 cius
543 3471 570 3515 ot
583 3467 660 3530 quasi
674 3467 761 3516 inuios
775 3467 917 3517 orientalis
931 3469 1006 3533 regio
1020 3475 1075 3528 cst,
1094 3468 1190 3518 ultima
1207 3483 1271 3532 pars
1288 3473 1409 3532 septem-

269 3533 414 3584 trionalis’
445 3534 481 3584 cl.
500 3533 539 3584 lll
559 3533 604 3582 lo:
629 3534 684 3584 ‘Dc
703 3535 814 3598 gemina
832 3537 906 3586 lucio
928 3537 1008 3586 caeli.
1038 3536 1138 3585 Facies
1161 3536 1232 3586 caeli
1255 3536 1301 3585 uel
1325 3541 1411 3600 caput

269 3601 412 3652 orientalis
424 3603 500 3666 rogia
514 3607 568 3662 ast,
588 3602 682 3662 ultinpr
700 3601 943 3667 septemtrionalis)
968 3603 1077 3653 Servius
1096 3604 1154 3653 cod.
1174 3604 1266 3652 (lucis.
1285 3618 1380 3668 georg.
1398 3603 1408 3652 l

269 3669 332 3720 240:
352 3671 477 3720 ‘Mundus
494 3686 542 3735 pro
561 3669 640 3719 caelo
659 3671 805 3735 accipitur:
823 3687 886 3720 rrum
900 3671 992 3720 mundi
1009 3671 1116 3721 nominc
1131 3678 1258 3736 quattuor
1270 3671 1410 3722 elcnrcntn

270 3739 451 3788 continentur.
475 3738 697 3802 quemadmodum
712 3739 825 3802 origitur
842 3739 955 3788 numdua
972 3741 999 3788 in
1017 3739 1267 3804 septemtrionalcm
1286 3739 1411 3804 plagam,

269 3807 310 3856 ita
322 3806 476 3856 declinatur
488 3807 515 3856 iu
530 3805 737 3856 atrstralcm.'-
750 3807 854 3856 Plinius
867 3808 898 3856 N.
907 3807 1010 3857 lilio:
1025 3809 1160 3857 ‘Formam
1175 3809 1233 3856 uitrs
1245 3809 1273 3856 in
1286 3807 1410 3872 speciem

270 3875 343 3924 orbis
361 3875 479 3924 absoluti
497 3873 637 3940 globatam
655 3888 715 3924 osso
734 3889 831 3924 nomen
851 3876 878 3924 in
897 3876 990 3940 primis
1008 3881 1035 3925 et
1053 3891 1201 3926 consensus
1219 3877 1247 3924 in
1260 3891 1292 3925 oo
1306 3879 1410 3924 morta·

1113 3989 1123 4016 Ε

357 4039 366 4090 Ι
383 4025 526 4086 comosA¹
537 4029 735 4088 oossrmusB¹
752 4025 765 4108 11
780 4031 1280 4109 amieroscosmossmigrosmosn
1296 4027 1309 4108 11
1324 4029 1412 4108 apol-

269 4112 350 4174 latus
368 4123 415 4172 ost
435 4109 523 4196 11113
543 4123 643 4173 autem
663 4135 716 4172 om.
738 4111 824 4196 11114
840 4113 1021 4192 erogitat-11¹
1040 4111 1053 4198 11
1069 4117 1336 4196 septentrionalem
1357 4119 1383 4174 B
1406 4132 1409 4194 1

271 4210 288 4260 5
306 4197 475 4258 doclirmtur
489 4202 518 4258 B
535 4199 697 4258 dodinatur
714 4205 738 4258 A
759 4195 772 4280 11
793 4200 890 4278 capud
909 4197 975 4260 ΑΒ2
995 4196 1009 4282 11
1031 4202 1308 4280 fiscptcntrionalis
1325 4205 1380 4260 AB
1397 4199 1412 4282 11

271 4289 372 4344 ῖειιιιῑ
388 4287 419 4355 J·
439 4284 603 4342 secuudum
624 4284 791 4344 meridiana
810 4290 840 4358 ,1
862 4291 886 4344 Α
906 4283 919 4366 11
942 4287 1065 4345 orientis
1090 4289 1114 4345 Β
1135 4284 1148 4369 11
1170 4287 1305 4346 secunda
1320 4289 1412 4346 ureri-

273 4367 363 4426 diana
386 4372 450 4511 121.
474 4389 527 4426 om.
546 4365 598 4451 All
613 4381 630 4431 8
648 4381 739 4450 atquo
766 4373 791 4427 B
810 4379 840 4428 ct
862 4366 896 4427 A¹
914 4367 928 4452 11
944 4373 1190 4450 septentrionalis
1208 4376 1234 4430 B
1249 4367 1294 4452 119
1326 4375 1413 4448 l'ery.

268 4469 366 4527 peorp.
439 4461 475 4512 35
