3072 5064
293 409 355 476 206
795 427 926 470 ennrvn

294 592 395 655 aionis
428 590 567 677 amplius
601 591 780 656 incalescit.
835 592 927 656 cuius
960 592 1068 677 ignem
1102 590 1214 656 dieunt
1247 589 1432 680 philosophi

294 713 379 778 aqua
391 692 508 758 nutriri
522 701 584 757 ete
598 694 761 758 contrario
778 695 935 758 elemento
952 694 1105 758 uirtutem
1123 694 1255 758 luminis
1268 702 1301 757 et
1313 692 1432 758 caloris

294 794 451 881 accipere,
471 794 558 860 unde
580 795 730 860 uidemus
751 815 823 859 eum
845 797 975 882 saepius
997 794 1164 860 madidum
1186 803 1217 860 et
1237 805 1415 861 rorantem.

293 1017 345 1052 nce
362 1001 466 1067 ignitus
483 1007 584 1051 natura
600 1001 645 1050 sit.
671 1001 772 1066 siquid
788 1001 874 1050 habet
891 1001 1006 1065 caloris,
1024 1002 1116 1052 lerunt
1136 1019 1184 1068 per
1201 1002 1311 1052 nimium
1330 1007 1434 1054 metum

294 1069 482 1120 conuersionis
495 1069 636 1119 accidere:
655 1070 725 1134 qnod
739 1085 804 1134 ergo
822 1069 965 1120 dicendum
978 1075 1088 1136 putant,
1107 1077 1136 1120 nt
1154 1071 1221 1120 nihil
1240 1071 1368 1121 uideatur
1384 1071 1433 1121 lur-

294 1138 375 1188 moris
393 1153 567 1200 consumere,
585 1138 648 1202 quia
668 1137 786 1187 calorem
806 1153 858 1202 qno
877 1139 971 1188 humer
991 1138 1036 1188 uel
1057 1139 1185 1188 minuitur
1206 1138 1250 1188 uel
1273 1139 1434 1204 plerumque

295 1206 417 1256 exuritur
439 1221 494 1256 non
517 1205 604 1255 hahet
625 1205 790 1256 naturalem.
820 1205 867 1256 sed
889 1205 956 1256 nihil
979 1211 1078 1272 agunt,
1103 1221 1164 1259 cum
1186 1207 1241 1256 ista
1267 1215 1433 1272 proponunt,

295 1275 359 1340 quia
376 1274 446 1324 nihil
463 1275 594 1336 interest,
612 1279 702 1322 utrum
720 1290 753 1324 ox
771 1272 871 1324 naturis
889 1273 1008 1324 calorem
1038 1274 1097 1339 quia
1119 1273 1223 1324 habeat
1246 1291 1282 1324 an
1311 1291 1345 1324 ex
1367 1291 1433 1340 pas·

293 1345 370 1392 sione
388 1341 433 1392 uel
453 1358 485 1392 ex
512 1342 605 1406 aliqua
623 1357 717 1391 causa
751 1357 801 1392 nos
824 1347 916 1392 aretem
934 1342 1069 1392 eredimus
1088 1357 1147 1392 eum
1165 1343 1236 1393 sicrrt
1256 1343 1358 1392 hahere
1377 1344 1433 1392 uir-

293 1417 380 1460 tutem
393 1409 583 1472 inluminandi‚
602 1410 642 1459 ita
655 1410 737 1459 etiam
751 1410 911 1475 uaporandi.
936 1410 1034 1475 igneus
1047 1411 1118 1460 enim
1132 1410 1241 1472 estaol,
1254 1411 1326 1477 ignis
1339 1415 1432 1461 autem

294 1483 322 1528 et
335 1477 480 1528 inluminat
494 1483 521 1528 et
534 1479 629 1528 exurit.
644 1477 761 1540 Quidam
774 1483 865 1528 antem
877 1477 972 1528 dieunt
984 1478 1069 1528 solis
1081 1479 1193 1543 ignem
1206 1495 1293 1543 aqua
1305 1479 1433 1530 nutriri

294 1551 328 1596 ct
352 1563 367 1596 e
392 1546 571 1596 contrario
599 1545 764 1596 elimento
792 1547 954 1596 uirtutem
982 1545 1120 1596 luminis
1144 1551 1173 1596 ct
1198 1548 1310 1612 uaporis
1337 1547 1433 1596 acei-

294 1629 388 1680 pere;
407 1614 477 1664 ande
496 1615 655 1678 frequenter
673 1612 757 1664 solem
776 1613 900 1664 uidemus
917 1613 1054 1664 madidum
1072 1615 1160 1678 adque
1173 1621 1324 1676 rorantem,
1338 1615 1366 1664 in
1379 1631 1434 1680 que

294 1683 408 1732 euidens
421 1683 469 1732 nat
481 1681 621 1742 indicium,
635 1681 705 1747 quenl
719 1681 877 1732 elimentum
891 1697 1020 1746 aquarum
1035 1682 1069 1732 od
1081 1683 1240 1747 temperiem
1254 1684 1296 1732 sui
1309 1697 1432 1748 sumpse-

294 1751 338 1808 rit.
367 1749 418 1799 hoc
437 1754 567 1815 qnantum
586 1749 621 1798 ad
638 1755 763 1800 naturam
782 1752 841 1800 eius
854 1751 981 1814 pertinet.
1007 1751 1041 1802 ad
1060 1765 1125 1800 uero
1137 1751 1214 1800 iuxta
1225 1751 1379 1816 spiritalem
1392 1752 1433 1800 in·

293 1817 485 1882 tellegcntiom
503 1817 543 1868 eol
565 1816 689 1868 Christus
708 1824 761 1880 cst,
784 1819 856 1868 sicut
873 1820 901 1868 in
919 1818 1057 1868 llalachia
1074 1818 1216 1868 scribitur:
1239 1819 1323 1868 Vobis
1341 1825 1433 1868 autem

294 1887 340 1952 qui
354 1887 467 1936 creditis
485 1886 589 1936 orietur
605 1885 645 1936 sol
664 1886 788 1936 institiae
808 1891 835 1934 et
853 1887 958 1936 sanitas
976 1886 1004 1936 in
1020 1887 1113 1952 pinnis
1131 1887 1198 1936 eins.
1222 1885 1322 1936 Merite
1340 1891 1432 1935 autem

295 1955 419 2004 Christus
437 1953 477 2005 eol
496 1953 668 2020 intellegitur
686 1953 790 2014 dietus,
809 1955 873 2018 quio
891 1961 966 2004 ortus
983 1955 1087 2005 occidit
1107 1955 1255 2004 secundum
1275 1969 1386 2004 comem
1405 1961 1434 2003 et

293 2021 442 2072 secundum
460 2023 585 2088 spiritum
605 2022 638 2071 (le
657 2037 758 2072 occasu
774 2037 866 2072 rursus
884 2029 993 2072 exortus
1013 2029 1063 2074 est.
1093 2023 1159 2072 item
1181 2022 1220 2072 sol
1241 2023 1387 2072 inluminat
1405 2029 1434 2070 et

294 2091 384 2141 exrrrit
394 2096 422 2140 et
434 2106 521 2156 opaco
532 2095 653 2156 ternpore
664 2090 793 2140 consonet
803 2105 892 2152 sanos,
908 2089 1100 2140 febricitantes
1111 2105 1176 2140 uero
1188 2091 1334 2154 flagrantia
1346 2091 1433 2155 gerni-

294 2159 353 2210 nati
366 2159 467 2210 caloris
479 2159 618 2209 incendit:
630 2159 671 2207 ita
683 2161 710 2206 et
722 2155 846 2224 Christus
855 2158 998 2208 credentes
1010 2158 1073 2208 fidei
1085 2160 1184 2224 spiritu
1195 2163 1345 2224 uegetante
1361 2157 1433 2207 inlu-

294 2229 389 2290 minat,
402 2223 538 2292 negantes
550 2243 580 2276 ec
594 2226 701 2276 aeterni
714 2227 787 2290 ignis
801 2226 897 2276 ardore
912 2225 1046 2277 terrebit.’
1064 2226 1221 2276 Ambrosius
1232 2225 1293 2276 hex.
1304 2226 1332 2275 Il
1345 2225 1371 2287 3,
1388 2225 1432 2274 ll:

294 2297 422 2346 ‘Tantum
436 2299 528 2346 autern
541 2297 614 2345 inest
627 2294 684 2344 illis
696 2294 874 2360 impugnandi
888 2294 1015 2356 studium,
1028 2301 1059 2343 ut
1070 2295 1155 2344 solem
1169 2297 1256 2360 ipsum
1268 2299 1371 2360 negent
1386 2311 1432 2342 ca-

293 2363 367 2414 lialae
377 2369 492 2414 naturae
503 2379 563 2414 esee
575 2379 607 2414 eo
620 2362 691 2428 qnod
704 2361 783 2412 albus
796 2365 841 2424 sit,
855 2377 908 2412 uon
921 2362 1087 2412 rubicundus
1099 2369 1147 2412 aut
1159 2363 1256 2412 rutilus
1269 2362 1433 2428 inspeciem

293 2433 374 2496 ignia.
401 2437 428 2482 et
441 2432 503 2482 idco
517 2433 604 2494 aiunt,
628 2430 699 2496 quod
712 2445 762 2480 nec
776 2431 880 2496 ignitus
891 2435 991 2482 natura
1004 2432 1041 2480 sit
1053 2435 1081 2480 et
1093 2432 1117 2480 si
1135 2431 1200 2495 quid
1217 2431 1302 2480 hahet
1313 2429 1433 2492 'caloris,

294 2501 386 2550 lerunt
400 2517 433 2550 ex
445 2501 529 2550 nimio
543 2505 617 2550 motu
631 2499 817 2549 conuersionis
832 2499 969 2550 accidere.
998 2499 1068 2564 quod
1080 2499 1143 2549 ideo
1162 2498 1306 2548 dicendum
1323 2503 1433 2564 putant,

293 2573 323 2617 nt
336 2568 405 2618 nihil
418 2569 545 2618 uideatur
558 2568 677 2618 humoris
689 2581 862 2629 consumere,
880 2567 945 2632 qnia
958 2565 1077 2616 calorem
1091 2583 1142 2632 quo
1160 2566 1255 2616 humor
1272 2565 1316 2615 uel
1334 2566 1433 2615 minui·

293 2643 337 2686 tur
349 2636 393 2686 nel
406 2637 564 2702 plerumque
578 2635 737 2685 exhauritur
755 2650 809 2684 non
826 2635 910 2684 habet
922 2634 1086 2684 naturalem.
1110 2635 1157 2684 sed
1171 2633 1240 2684 nihil
1254 2639 1352 2700 agunt,
1371 2649 1433 2682 cunr

294 2705 349 2754 ista
362 2709 539 2770 componunt,
559 2704 624 2768 quia
641 2702 710 2752 nihil
729 2703 843 2752 interest
854 2709 943 2752 utrum
962 2719 995 2752 ex
1012 2707 1111 2752 uatrrra
1123 2702 1242 2752 calorem
1256 2703 1316 2766 quis
1328 2701 1435 2751 haheat

295 2788 331 2822 an
349 2789 381 2822 ex
399 2773 528 2838 passione
549 2775 596 2821 aut
614 2771 708 2836 aliqua
726 2786 759 2819 ex
777 2770 883 2820 causa.'
912 2769 1016 2834 11113,
1038 2771 1067 2820 ll:
1087 2771 1132 2820 ‘aa
1148 2785 1212 2820 uero
1225 2769 1265 2820 sol
1279 2785 1332 2819 non
1344 2769 1433 2818 solnm

295 2841 422 2888 uirtutem
441 2838 613 2890 illuminandi
631 2837 716 2888 hahet
732 2837 780 2886 scrl
800 2839 882 2888 etiarn
899 2839 1066 2904 uaperarrdi;
1084 2840 1181 2904 igneus
1199 2844 1242 2888 est
1254 2839 1334 2887 enirn.
1359 2837 1434 2901 ignis

295 2913 385 2958 autem
400 2913 427 2958 et
440 2907 585 2958 inluminat
598 2910 625 2956 et
638 2901 747 2955 exurit!
764 2905 823 2968 113,
840 2904 883 2956 13:
899 2905 985 2956 ‘Vnde
999 2907 1157 2971 frequenter
1170 2895 1294 2956 et'solem
1307 2905 1434 2954 uidemus

295 2975 430 3024 madidum
445 2979 526 3040 atque
539 2979 685 3024 rorantem.
711 2975 740 3022 in
758 2988 810 3038 quo
824 2974 937 3024 euidens
954 2975 1001 3024 (lat
1020 2975 1166 3036 indicium,
1184 2973 1254 3038 quod
1272 2973 1434 3024 alimentum

241 3097 246 3108 ,
294 3043 349 3093 sihi
362 3059 492 3108 aquarum
506 3043 541 3094 ad
553 3043 714 3106 temperiem
727 3042 769 3090 sui
781 3040 946 3106 sumpserit’
964 3048 1074 3108 praeter
1084 3041 1169 3092 uerba
1181 3041 1260 3092 ‘uude
1271 3041 1433 3106 frequenter

352 3109 503 3160 rorantem'
524 3128 557 3160 ex
575 3109 660 3160 Basili
679 3109 740 3158 hex.
760 3125 823 3174 pag.
842 3107 875 3158 29
892 3109 918 3160 h.
938 3126 962 3159 c.
981 3110 1145 3160 Plutarchus
1157 3111 1187 3160 P.
1201 3110 1231 3160 l‘.
1245 3110 1272 3159 11
1290 3109 1336 3159 20:
1359 3105 1434 3166 Περὶ

295 3167 394 3258 οῦσίας
415 3169 507 3244 ἡλίου.
533 3169 766 3243 Ἀναξίμανδρος,
785 3171 891 3228 κύκλον
909 3170 985 3228 εἶναι
1003 3169 1366 3228 ὀκτωκαιεικοσαπλασίονα
1382 3177 1434 3242 τῆς

295 3245 356 3326 γῆς,
369 3246 528 3314 αμαρτείου
539 3243 642 3328 τροχοῦ
654 3237 707 3312 τὴν
718 3237 814 3308 ἁψῖδα
826 3239 1026 3312 παραπλήσιον
1040 3240 1141 3325 ἔχοντα
1154 3245 1263 3326 κοίλην)
1275 3239 1370 3312 πλὴρη
1380 3261 1433 3294 πυ-

295 3329 352 3380 ρος·
366 3303 400 3394 ἡς
412 3309 485 3366 κατά
496 3333 520 3366 τι
534 3331 568 3382 με
589 3330 619 3373 ος
633 3305 784 3394 ἐκφαίνειν
796 3306 843 3364 διά
858 3313 975 3380 στομίου
985 3308 1016 3364 τὸ
1030 3329 1097 3378 πυρ,
1109 3303 1202 3378 ὥσπερ
1213 3311 1261 3364 δια
1271 3311 1434 3380 πρηστῆρος

295 3375 394 3434 αῦλου·
414 3379 463 3434 καλ
475 3373 550 3434 τοῦτ’
563 3331 638 3434 sivos
651 3397 702 3432 τον
714 3371 803 3448 ἡλιον.
827 3375 1009 3448 Ξενοφάνης,
1020 3373 1051 3432 ἐκ
1061 3380 1202 3446 πυριδίων
1211 3381 1267 3432 τῶν
1275 3381 1432 3444 συναθροι-

294 3447 419 3534 ζομένων
435 3445 489 3518 μὲν
508 3443 538 3502 ἐκ
556 3449 606 3517 τῆς
624 3441 713 3516 ῦγρῦς
731 3441 954 3514 ἀναθυμιάσεως
972 3443 1219 3514 συναθροιζόντων
1235 3443 1267 3502 δὲ
1278 3444 1328 3500 τόν
1339 3439 1433 3514 ἥλιον·

325 3515 412 3586 νέφος
422 3513 634 3587 πεπυρωμένον.
656 3513 695 3570 Oi
706 3515 838 3581 Στωικοί,
847 3507 966 3584 άναμμα
977 3511 1076 3583 νοερὸν
1087 3510 1117 3569 ἐκ
1127 3510 1281 3584 θαλάττης.
1301 3509 1434 3578 Πλάτων,

295 3537 326 3640 ln
339 3589 473 3639 πλείστου
490 3581 588 3668 πυρός.
614 3578 801 3652 Ἀναξαγόρας
814 3579 991 3653 Δημόκριτος
1003 3577 1205 3652 Μητρόδωρος,
1225 3581 1336 3652 μύδρον
1350 3575 1367 3652 ἡ
1386 3580 1433 3634 κε’-

294 3673 363 3720 τρον
386 3649 535 3721 διάπυρον.
573 3649 767 3720 Αριστοτέλης,
795 3657 924 3722 σφαῖραν
942 3670 973 3706 εκ
996 3653 1047 3704 τοῦ
1065 3649 1193 3720 πέμπτου
1211 3650 1347 3721 σώματος.
1384 3652 1432 3702 Φι-

295 3719 396 3802 λόλαος
409 3717 424 3774 ὁ
438 3719 639 3790 Πυθαγόρειος
657 3715 804 3786 temera,
823 3715 979 3790 δεχόμενον
997 3717 1050 3789 μὲν
1067 3722 1118 3773 τοῦ
1137 3715 1168 3773 ἐν
1180 3715 1325 3790 spinione
1342 3715 1434 3786 πυρὸς

294 3787 347 3862 τὴν
370 3785 560 3858 ανταῦγειαν,
584 3789 748 3859 διηθοῦντα
767 3739 799 3842 ol
818 3787 887 3856 πρὸς
904 3781 980 3872 ἡμᾶς
998 3783 1030 3841 τό
1048 3789 1122 3855 φῶς,
1146 3779 1215 3842 ιόστε
1233 3783 1433 3856 προσεοικέναι

294 3854 366 3928 ἡλίφ
389 3855 421 3912 τό
440 3853 471 3911 ἰν
488 3860 528 3928 τῷ
549 3851 663 3926 οὐρανῷ
686 3859 828 3939 πυρῶδες,
852 3853 883 3910 τό
909 3857 941 3910 δε
965 3851 1002 3925 δὴ
1025 3847 1074 3910 άπ’
1095 3847 1185 3910 αῦιοῦ
1208 3851 1359 3924 πυροειδὲς
1383 3855 1434 3908 καλ

295 3923 498 3994 εσοπιροειδές·
518 3925 566 3980 καλ
579 3928 689 3994 τρίτον,
713 3945 764 3995 την
786 3919 844 3978 α’πό
868 3926 919 3979 τοῦ
943 3917 1081 3990 ἐσόπτρου
1103 3917 1164 3978 κατ’
1186 3917 1345 3978 άνάκλασιν
1369 3923 1432 3976 δια-

295 3991 485 4064 σπειρομένην
497 3991 567 4062 πρῦς
584 3990 660 4064 ἡμᾶς
679 3986 781 4062 αῦγὴν·
799 3991 850 4046 καλ
868 3989 922 4061 γάρ
939 3987 1049 4060 ταῦτην
1066 3988 1315 4061 προσαγορεύομεν
1338 3983 1432 4060 ῆλιον.

294 4059 384 4118 οἱονεὶ
403 4059 523 4116 είδιόλον
542 4063 670 4116 εἴδωλον.
684 4053 878 4130 Ἐμπεδοκλῆς
896 4056 949 4115 δόο
971 4054 1084 4129 ἡλίους.
1112 4057 1162 4114 τόν
1184 4057 1237 4129 μὲν
1260 4051 1433 4128 άργέτοπον,

294 4134 355 4198 πῦρ
365 4126 397 4184 ἐν
414 4132 452 4202 τῷ
471 4124 556 4199 laipno
568 4124 745 4200 ἡμισφαιρίῳ
763 4131 814 4183 τοῦ
831 4125 952 4198 κόσμου,
976 4125 1160 4197 πεπληρωκὸς
1183 4125 1215 4184 τὸ
1232 4122 1433 4208 ἡμισφαίριρν,

294 4193 340 4252 άελ
353 4193 525 4266 καταντικρῦ
539 4201 573 4268 τῇ
584 4191 740 4267 α’νταυγείρι
754 4191 858 4252 ἑαυτοῦ
870 4194 1050 4266 τεταγμένον·
1069 4193 1118 4250 τόν
1131 4193 1162 4250 δὲ
1176 4193 1362 4266 φαινόμενον,
1382 4215 1433 4248 αν-

295 4264 431 4336 ταόγειαν
444 4261 474 4320 ἒν
487 4269 525 4338 τῴ
538 4261 623 4336 ἕτὲρῳ
640 4262 818 4336 ἡμισφαιρίῳ
836 4267 874 4334 τῷ
891 4267 942 4320 τοῦ
959 4257 1043 4350 α’ίρος
1055 4267 1106 4319 τοῦ
1118 4267 1173 4334 θερ
1195 4265 1313 4336 ομιγοῦς
1326 4267 1435 4384 astrip-

296 4332 425 4404 ρωμὲνῳ,
444 4329 501 4388 α’πό
520 4337 706 4401 κυκλοτεροῦς
724 4336 774 4402 τῆς
797 4327 886 4401 αῦγῆς
908 4325 969 4386 κατ’
989 4329 1148 4386 ανάκλασιν
1181 4329 1369 4402 γγιγνομένης
1393 4351 1435 4392 ες

294 4398 344 4455 τόν
363 4395 445 4470 ἡλιον
465 4398 515 4456 τόν
532 4405 768 4472 κρυσταλλοειδῆ,
787 4399 1065 4486 συμπεριελκομένην
1083 4398 1115 4454 δὲ
1133 4401 1167 4484 τῆ
1184 4399 1293 4470 κινῆσαι
1312 4402 1366 4455 τοῦ
1382 4419 1434 4454 πυ-

295 4471 387 4540 ρίνου·
414 4467 452 4532 (ὃς
476 4467 509 4524 δὲ
532 4469 657 4541 βραχέως
685 4465 826 4540 εὑρῆσθαι
855 4487 1043 4540 συντεμονκα,
1074 4464 1249 4538 α’νταυγειαν
1277 4466 1355 4524 εἶναι
1384 4469 1436 4522 τοῦ
