3174 5068
581 401 623 444 ne
647 402 734 446 vmrs
756 401 971 444 runvsrsrsvs
1287 383 1346 448 ¹³9

289 565 317 621 «ξε
338 548 530 614 asteriscum
551 547 790 636 Aristophanes
819 547 1006 636 apponebat
1027 546 1093 612 illis
1121 545 1202 612 loeis
1226 548 1345 636 quibus

203 671 322 714 sensus
335 649 475 732 deesset,
487 649 696 716 Aristarchus
712 659 819 716 autem
833 649 876 714 ad
888 671 943 714 eos
957 651 1113 734 (uersus),
1127 650 1182 734 qni
1194 648 1255 713 hoc
1267 659 1346 734 puta

203 751 277 816 loco
299 752 418 837 (recte)
438 751 536 838 positi
553 760 661 833 erant,
682 773 755 816 cum
777 751 850 816 aliis
863 749 989 816 scilicet
1004 771 1068 814 non
1090 757 1345 838 recteponeren·

203 862 267 918 tur.
295 855 375 917 item
396 853 523 919 Probus
546 862 579 918 et
602 854 729 939 antiqui
749 855 863 918 nostri.

180 975 194 1013 ⁵
289 967 359 1023 ※-
381 956 558 1020 asteriscus
586 975 658 1018 cum
687 952 781 1020 obelo
811 953 943 1040 propria
969 960 1047 1018 note
1075 960 1125 1016 est
1148 951 1344 1016 Aristarchi.

202 1054 357 1122 utebatur
383 1065 491 1120 eutem
522 1077 561 1119 ea
588 1055 623 1120 in
644 1055 696 1120 his
719 1056 887 1132 uersibus,
915 1054 971 1140 qui
994 1075 1059 1118 non
1079 1075 1137 1118 suo
1154 1053 1226 1120 loco
1248 1054 1347 1140 positi

203 1165 308 1228 erant.
353 1159 431 1222 item
454 1156 581 1252 qutiqui
603 1157 707 1221 nostri
729 1167 760 1222 et
780 1157 917 1222 Probus.

293 1271 328 1324 >
355 1257 493 1345 simplex
514 1258 632 1322 ductus
658 1259 744 1324 inter
772 1279 887 1324 uersus
912 1255 1095 1342 ponebatur
1124 1256 1166 1321 ad
1194 1278 1345 1344 separan-

204 1359 264 1422 das
285 1381 340 1422 res
360 1381 380 1422 a
400 1359 499 1424 rebus
512 1380 597 1445 quae
617 1360 795 1424 inconexa
814 1367 1053 1442 concurrerent,
1074 1358 1347 1446 quemadmodum

168 1457 269 1544 ro(in)
294 1461 458 1544 catalogo,
487 1482 560 1526 curu
584 1459 656 1526 loca
676 1482 696 1526 a
716 1461 796 1526 locis
822 1468 878 1525 aut
901 1461 1065 1545 (regiones
1087 1459 1120 1546 a)
1144 1459 1345 1545 regionibus,

206 1561 294 1624 etin
316 1581 431 1646 agone,
453 1563 557 1644 (cum)
581 1563 727 1648 praemia
748 1583 769 1626 e
788 1563 960 1649 praemiis,
987 1561 1167 1627 certamina
1192 1582 1212 1624 a
1239 1561 1346 1626 diner-

206 1663 251 1726 sis
272 1662 505 1727 certaminibus
527 1671 729 1748 separantur.
754 1713 757 1727 .

293 1792 329 1855 >
355 1779 465 1866 diplen
487 1780 695 1866 aperisticton
718 1781 842 1868 primus
864 1779 1032 1866 Leogoras
1050 1778 1277 1867 Syracusanus
1292 1803 1346 1868 ap-

204 1881 315 1967 posuit
336 1881 520 1946 Homericis
542 1880 692 1946 uersibus
713 1881 755 1946 ad
778 1882 1019 1968 separationem·
1039 1880 1172 1968 Olympi
1201 1903 1221 1944 a
1245 1881 1346 1966 caelo,

171 1983 337 2068 isproprie
357 1981 534 2070 Olympum
563 1982 605 2047 ab
635 2003 672 2047 eo
694 2003 754 2069 pro
776 1985 885 2046 mo'nte
905 1983 1046 2070 positum
1070 1983 1243 2064 adnotans,
1272 2005 1346 2046 nus·

205 2105 303 2168 quam
324 2105 383 2170 pro
402 2085 501 2162 caelo,
522 2082 609 2170 quod
632 2105 730 2169 saepe
753 2075 902 2167 οὐρανὸν
924 2075 1027 2164 εὐρὺν
1055 2084 1143 2148 dicat
1165 2095 1198 2149 et
1216 2075 1347 2167 μακρὰν

194 2176 381 2267 Ὄλυμπον,
404 2205 547 2272 nequeo
570 2187 732 2251 contrario
754 2185 898 2271 epitheta
919 2193 1091 2271 permutet.
1129 2185 1271 2273 ponebat
1292 2206 1347 2248 au·

206 2293 270 2348 tem
291 2294 358 2348 tam
378 2285 419 2349 ad
442 2287 562 2350 montis
585 2287 842 2370 significationes
869 2308 967 2372 quam
989 2287 1031 2350 ad
1053 2285 1151 2350 caeli:
1183 2287 1347 2372 utrimque

204 2386 433 2451 manifestatur
448 2387 601 2452 uoluntas
618 2389 698 2452 eius.
737 2409 815 2451 usus
831 2395 881 2451 est
897 2409 934 2451 ca
951 2387 984 2451 in
1001 2385 1113 2450 multis
1127 2383 1347 2465 Aristarchus,

170 2507 292 2552 annno
315 2508 451 2576 eaquae
468 2497 598 2576 praeter
612 2488 967 2554 consuetudinemtam
991 2488 1080 2554 uitae
1101 2495 1233 2552 nostrae
1250 2507 1347 2576 quam

206 2749 327 2807 currunt,
347 2744 573 2810 quemadmodum
590 2747 619 2796 in
639 2747 768 2812 catalogo
786 2747 849 2797 loca
873 2763 890 2796 a
908 2747 979 2798 locis
998 2753 1026 2798 ct
1045 2749 1173 2812 regiones
1192 2761 1209 2796 a
1227 2748 1346 2812 regioni-

205 2813 264 2874 bus,
285 2813 313 2862 in
333 2827 422 2878 agone
460 2813 565 2862 rsemia
584 2829 601 2863 a
619 2816 765 2878 praemiis,
791 2817 946 2865 certamina
969 2832 985 2865 a
1008 2817 1126 2865 diuersis
1149 2815 1348 2864 certaminibus

205 2885 380 2944 separantur.
415 2831 605 2932 *lPositrrrod
625 2881 712 2946 figura
732 2883 908 2948 paragrapho
926 2884 1067 2934 contraria
1090 2887 1119 2932 et
1142 2883 1204 2932 ideo
1228 2883 1269 2932 sic
1294 2884 1347 2932 for-

205 2955 281 2996 mata
300 2949 365 3012 quia
384 2950 456 2999 sicut
474 2948 521 2997 ille
540 2951 679 3014 principia
697 2955 790 3012 notat,
809 2951 850 2999 its
868 2952 923 3000 ista
942 2951 1009 3000 lincs
1028 2967 1043 3000 a
1061 2951 1207 3016 principiis
1226 2955 1347 3015 separat.

206 3035 229 3069 c)
250 3015 371 3080 Cryphia
395 3016 492 3067 circuli
515 3031 580 3081 pars
604 3019 720 3067 insertor
743 3033 804 3067 curu
827 3023 929 3083 puncto
955 3020 1066 3084 ponitur
1090 3019 1117 3068 in
1140 3018 1184 3068 his
1207 3017 1276 3067 locis
1300 3017 1348 3067 ubi

206 3085 332 3148 quaestio
351 3083 418 3134 dnm
437 3089 465 3134 et
483 3083 601 3134 obscura
620 3086 723 3150 aperiri
734 3085 786 3144 ‚uel
805 3085 875 3135 solui
894 3102 949 3136 non
966 3087 1065 3151 potnit.
1100 3087 1256 3150 Antisigrna
1269 3086 1346 3149 poni-

205 3157 249 3200 tur
273 3151 307 3199 ad
333 3167 380 3201 eos
399 3167 508 3214 uersus,
533 3167 645 3215 quonrm
668 3153 733 3202 ordo
755 3153 951 3218 permutandus
976 3159 1026 3206 est.
1067 3157 1108 3204 sic
1132 3159 1160 3203 ct
1178 3154 1206 3202 in
1225 3153 1347 3217 antiquis

206 3218 366 3268 auctoribus
390 3221 507 3284 positum
531 3220 696 3269 iuuenirnus.
737 3220 893 3284 Antisigmn
918 3237 978 3271 cunr
1003 3227 1105 3286 puncto
1129 3221 1240 3286 ponitur
1258 3219 1286 3268 in
1304 3219 1348 3268 his

205 3286 275 3335 locis
293 3286 341 3334 ubi
360 3287 388 3335 in
407 3287 501 3336 eodem
520 3301 603 3337 sensu
621 3289 747 3352 duplices
766 3303 861 3337 uersus
880 3293 956 3350 suut,
982 3295 1010 3339 et
1033 3289 1175 3338 dubitatur
1193 3289 1238 3352 qui
1256 3288 1353 3351 potins

206 3353 350 3418 eligendus
369 3355 414 3404 sit.
451 3354 542 3420 Ilipla.
570 3355 642 3404 hanc
666 3357 813 3420 scriptores
837 3358 925 3406 nostri
948 3357 1089 3422 adponnnt
1112 3354 1237 3406 inlibris
1257 3353 1346 3404 eccle·

205 3421 381 3475 siasticorum
400 3423 518 3471 uirorum
538 3424 572 3472 ad
591 3423 746 3487 separanda
759 3423 804 3472 uel
818 3423 852 3472 ad
865 3422 1078 3474 demonstranda
1091 3423 1250 3472 testimonia
1261 3419 1347 3486 scrip·

206 3495 327 3538 turarnm
355 3505 504 3540 sacrarum.
549 3501 567 3560 p
600 3491 682 3554 Diplc
710 3492 769 3556 pcri
798 3492 926 3554 stigmcn.
970 3491 1043 3540 hanc
1071 3492 1173 3556 primus
1205 3491 1347 3554 Leugoras

206 3557 397 3618 Syracusanus
415 3559 508 3622 posuit
525 3559 681 3607 Homericis
700 3559 826 3608 uersibus
840 3557 875 3607 ad
887 3559 1091 3624 separationem
1105 3557 1213 3622 Olympi
1228 3573 1244 3605 u
1258 3555 1347 3606 caelo.

205 3623 289 3688 Dipte
308 3626 523 3690 pericstigmene
542 3625 569 3674 id
589 3631 631 3676 est
650 3641 711 3675 cnm
730 3627 847 3688 gentinis
866 3626 985 3691 punctis.
1026 3625 1099 3675 hanc
1123 3623 1231 3689 antiqui
1254 3625 1282 3672 in
1303 3623 1348 3672 his

206 3691 390 3756 adponcbant,
410 3707 480 3757 quus
494 3693 649 3744 Zenodotns
662 3693 798 3757 Ephesius
812 3709 866 3742 nou
883 3699 958 3742 recte
974 3693 1116 3742 adiecerat
1130 3697 1177 3742 urst
1189 3693 1348 3742 detraxerat
1377 3700 1381 3709 '
1401 3726 1407 3738 .

206 3763 255 3808 aut
273 3765 490 3824 permutauerat.
525 3763 554 3810 in
573 3761 616 3810 his
637 3767 664 3810 ct
681 3763 769 3811 nostri
794 3776 827 3810 cu
846 3762 888 3810 usi
906 3765 979 3810 sunt.
1016 3761 1099 3826 lliplc
1118 3759 1287 3810 obelismene
1307 3758 1347 3807 ln·
1409 3811 1412 3818 ι

239 4019 247 4032 ·
293 3993 304 4044 Ι
326 3981 509 4040 aristofanss
524 3985 551 4040 P
564 3978 577 4065 ll
593 3991 609 4044 t
625 3983 655 4041 in
666 3982 724 4040 hoo
739 3984 766 4039 P
784 3975 798 4060 Η
820 4001 926 4041 uersus
938 3985 1037 4040 addidi
1051 3975 1064 4064 ll
1079 3991 1096 4044 3
1110 3989 1194 4040 recte
1209 3984 1308 4040 addidi
1320 3974 1334 4060 Η

204 4065 401 4130 tutabantur
422 4071 449 4124 P
468 4061 481 4148 ll
502 4077 519 4130 9
546 4077 761 4126 concurrerent
783 4070 905 4140 scripsi:
935 4075 1090 4124 currerent
1111 4068 1138 4123 P
1158 4060 1171 4148 ΙΙ
1192 4085 1347 4146 quemam-

204 4151 325 4210 modum
347 4148 400 4230 ΡΗ
417 4164 449 4213 Ιθ
478 4153 508 4210 in
532 4155 631 4210 addidi
645 4147 657 4233 ll
672 4153 813 4228 regiones
838 4173 856 4209 a
882 4155 981 4210 addidi
1009 4145 1013 4230 Ι
1036 4161 1066 4212 ll
1092 4171 1159 4210 cum
1182 4153 1281 4210 addidi
1300 4147 1313 4231 Η
1329 4172 1349 4211 a

117 4285 119 4291 ,
205 4235 335 4294 diuersis
357 4240 477 4308 scripsi:
501 4235 639 4296 aduersis
660 4231 712 4318 ΡΗ
729 4244 761 4297 12
782 4245 927 4400 seqaraut
948 4232 997 4316 ΡΙ
1024 4245 1055 4298 13
1078 4237 1232 4312 Lcagorns
1248 4229 1301 4318 Pl}
1316 4247 1350 4300 14

204 4321 291 4379 cocle
310 4324 336 4378 Ρ
354 4315 367 4400 ll
386 4329 417 4383 16
432 4341 505 4401 prae
529 4321 595 4379 celo
614 4317 664 4402 ΡΗ
680 4339 764 4396 ευριν
781 4323 807 4376 Ρ
851 4329 880 4384 17
897 4328 1048 4399 permutet
1060 4326 1168 4394 scripsi
1174 4344 1182 4379 r
1198 4329 1349 4400 permutat

204 4409 232 4464 P
244 4401 259 4488 ΙΙ
276 4415 309 4468 18
319 4407 470 4487 utrimque
491 4411 598 4481 scripsi
604 4431 612 4463 .·
635 4417 796 4486 utnrmqns
811 4409 837 4463 P
851 4401 864 4488 ΙΙ
881 4413 913 4470 19
929 4413 976 4464 cst
991 4411 1162 4482 asscripsi:
1177 4415 1208 4466 et
1220 4409 1248 4466 P
