3190 5098
698 395 802 438 csrvr
825 399 836 438 1
1274 383 1336 447 385

285 543 348 604 Sed
364 552 398 603 ut
414 545 509 604 oratio
529 555 701 606 revertatur
722 547 762 607 ad
778 547 964 626 excerpendi
981 549 1129 610 rationem
1143 551 1335 634 Hieronymi,

199 645 258 704 iam
280 649 390 706 certius
413 666 450 706 ea
474 646 512 706 de
533 667 566 706 re
592 649 695 708 vorbis
715 650 779 708 eius
802 649 841 708 ad
862 649 1000 709 codicum
1022 651 1204 731 scripturam
1221 655 1335 714 refictis

198 748 332 808 indicare
350 750 434 811 licet.
466 749 625 820 audiamus
644 751 736 830 igitur
752 771 830 831 quae
846 753 912 832 ipse
934 751 971 812 de
991 753 1107 813 ratione
1123 775 1179 814 sua
1193 755 1335 815 ebronieo

198 853 354 929 praefatus
386 859 433 911 cst
460 851 557 929 (VIII
584 873 613 931 p.
635 861 651 915 7
675 853 795 933 Vall.):
825 875 843 912 o
876 857 961 913 Troia
985 873 1076 930 usque
1105 861 1143 916 od
1169 861 1334 918 uicesimum

200 953 377 1011 Constantini
396 973 503 1011 annum
526 973 604 1013 nnuc
624 959 722 1014 addite
743 976 820 1015 nunc
842 961 934 1015 mista
952 967 1019 1016 suut
1037 963 1181 1031 plurima,
1205 979 1279 1036 quus
1300 966 1335 1022 dc

201 1057 367 1128 Tranquillo
390 1063 417 1113 ct
434 1060 538 1114 ceteris
561 1059 719 1116 illustribus
743 1063 886 1118 historicis
912 1063 1104 1118 curiosissime
1127 1067 1334 1138 excerpsimus.

197 1155 284 1216 vides
305 1157 403 1236 ipsum
425 1177 529 1217 curam
550 1177 636 1217 suam
661 1159 857 1238 praedicare,
887 1179 978 1238 quam
999 1170 1100 1221 tamen
1118 1162 1239 1224 laudem
1267 1185 1335 1225 eum

197 1277 257 1317 nou
283 1259 430 1318 meruisse
457 1260 589 1320 clamant
614 1261 679 1321 fere
702 1281 821 1336 omnes,
849 1263 901 1342 qui
923 1263 1085 1324 occasione
1107 1263 1179 1323 deta
1206 1264 1244 1324 de
1270 1267 1334 1326 eius

197 1359 402 1419 notationibus
430 1360 631 1442 disputarunt.
676 1383 713 1422 ac
735 1363 971 1424 demonstratum
1001 1372 1047 1424 eet
1075 1385 1093 1424 a
1117 1365 1285 1426 Ritschclio
1312 1367 1332 1426 1.

199 1483 225 1522 c.
249 1472 301 1527 623
329 1483 396 1544 sqq.
427 1465 643 1544 conparatione
673 1465 811 1525 instituta
835 1467 915 1526 inter
944 1476 1089 1546 excerpta
1113 1467 1335 1548 chronographi

198 1575 228 1624 et
256 1565 364 1625 librum
390 1564 429 1625 de
457 1567 661 1643 grammaticis
690 1575 721 1626 et
745 1566 930 1641 rhetoribus,
961 1577 1108 1647 conputos
1131 1570 1195 1629 eins
1220 1572 1251 1630 iu
1275 1570 1334 1630 hac

198 1667 322 1748 quidem
332 1677 419 1746 parte
431 1667 663 1736 satisinbecilla
674 1669 791 1726 ratione
802 1670 867 1728 niti.
890 1691 960 1729 nam
972 1671 1037 1730 fere
1047 1679 1167 1751 s'emper
1180 1691 1247 1730 curn
1259 1671 1334 1732 Sue-

201 1771 302 1830 tonius
318 1771 502 1847 generaliter
517 1779 802 1850 tantumtempora,
824 1771 932 1850 quibus
954 1773 1142 1851 grammatici
1158 1774 1334 1834 rhetoresve

197 1873 362 1944 vixissent,
379 1872 598 1950 significasset,
616 1873 823 1951 Hieronymus
839 1874 985 1934 audacter
1001 1883 1084 1934 certo
1101 1895 1180 1934 anno
1196 1875 1334 1935 floruisse
1432 1915 1437 1923 -

198 1971 387 2045 conscribit,
410 1995 498 2053 quem
517 1995 578 2033 non
595 1982 717 2054 poteret
739 1977 797 2034 nisi
819 1977 994 2037 coniectura
1015 1997 1112 2056 eaque
1129 1995 1223 2055 saepe
1241 1977 1332 2037 levis·

197 2075 273 2134 sima
293 2073 431 2154 adsequi.
476 2075 532 2134 sed
556 2076 634 2134 haec
655 2075 828 2136 tolerabilia
850 2088 967 2154 essent,
994 2079 1051 2138 nisi
1072 2078 1164 2136 latius
1195 2078 1259 2137 eius
1281 2097 1333 2136 no-

197 2178 353 2256 glegentia
378 2185 512 2256 pateret,
544 2198 612 2238 oum
641 2177 732 2236 etiarn
759 2177 810 2238 ubi
841 2181 950 2238 aetatis
979 2187 1064 2240 certa
1093 2177 1226 2238 definitio
1253 2176 1333 2257 apud

197 2279 373 2338 Suetonium
398 2279 523 2338 extabat
549 2279 666 2338 incuria
688 2297 742 2338 sua
759 2299 867 2358 passus
885 2281 925 2339 sit
941 2299 1161 2360 saepenumero
1184 2299 1251 2338 eam
1266 2299 1331 2338 eor-

197 2382 304 2460 rumpi.
346 2382 431 2441 cnins
459 2381 673 2459 neglegentiae
700 2380 904 2441 emendationi
929 2383 1072 2442 maiorem
1098 2380 1188 2440 fidem
1214 2399 1332 2440 accres-

198 2503 267 2543 cere
285 2503 373 2542 nemo
391 2503 453 2542 non
468 2482 568 2554 videt,
590 2483 616 2541 si
636 2501 674 2541 ea
695 2503 750 2562 per
772 2484 923 2563 quaedam
945 2483 1035 2562 quasi
1054 2503 1169 2561 genera
1189 2481 1332 2542 describi-

197 2593 259 2658 tur,
282 2597 371 2665 qnam
394 2586 420 2644 si
441 2592 473 2642 ut
489 2583 588 2642 adhuc
604 2584 717 2643 factum
734 2591 780 2644 est
797 2585 918 2662 singula
935 2587 1000 2646 eius
1016 2583 1157 2664 exempla
1173 2585 1331 2662 proferun-

196 2695 254 2748 tur.
289 2687 332 2746 sic
349 2685 503 2746 commode
520 2685 703 2764 explicatur,
726 2707 785 2766 quo
802 2695 893 2766 pacto
909 2687 1022 2746 factum
1039 2687 1093 2761 sit,
1117 2686 1198 2766 quod
1219 2685 1333 2745 facturn

198 2808 265 2847 esse
281 2797 365 2848 certa
379 2786 530 2847 Ritscheli
551 2786 781 2848 ratiocinatione
797 2795 932 2860 constet,
950 2789 1028 2847 utin
1047 2789 1199 2868 excerptis
1215 2787 1253 2846 de
1270 2788 1334 2847 vita

197 2891 299 2950 Plauti
316 2889 435 2968 (fragm.
449 2887 503 2964 7²⁸)
519 2909 574 2967 pro
589 2893 689 2947 clcrrts
703 2893 825 2948 nubetur
840 2890 983 2969 scriptum
999 2891 1039 2948 sit
1054 2895 1184 2952 moritur.
1216 2909 1286 2949 uam
1303 2887 1333 2947 id

198 2992 279 3071 quod
298 3013 358 3052 uno
377 2989 516 3070 exemplo
533 2991 585 3049 vix
605 2993 722 3070 patiare
745 2992 798 3051 tibi
820 2991 1014 3071 persuaderi,
1038 2992 1259 3072 Hieronymum
1278 2991 1333 3050 has

198 3093 273 3153 dures
294 3094 433 3152 notiones
456 3091 646 3165 confudisse,
666 3093 782 3153 duobus
802 3093 869 3152 aliis
893 3093 1029 3154 eiusdem
1050 3092 1209 3153 socordiae
1232 3113 1332 3152 exem·

198 3195 256 3273 plis
272 3194 467 3274 patefaciam.
499 3193 621 3254 Gallum
645 3196 724 3254 enim
744 3194 885 3254 Asinium
906 3194 977 3264 diris
998 3194 1155 3273 suppliciis
1172 3213 1192 3251 a
1208 3192 1332 3252 Tiberio

198 3304 356 3356 enecatum
381 3316 449 3356 esse
470 3296 591 3374 (fragm.
608 3295 678 3370 68²²)
705 3315 740 3354 co
763 3315 842 3352 arrno
866 3296 974 3368 tradit,
997 3315 1056 3374 quo
1079 3295 1205 3373 primurn
1227 3293 1333 3352 Tiberi

198 3399 329 3458 animum
351 3399 416 3458 eius
438 3395 562 3456 libertas
579 3396 721 3469 offendit,
741 3415 862 3476 quoquc
878 3397 903 3456 si
925 3394 1106 3454 attendisset
1127 3397 1332 3474 Hieronymus

198 3517 313 3558 emere
328 3499 423 3578 ipsius
440 3497 553 3557 clarum
570 3518 636 3558 surm
659 3499 754 3558 fuisse
776 3497 970 3558 scribendum
992 3505 1067 3556 erat.
1102 3494 1208 3556 eadem
1227 3493 1331 3571 negle-

197 3602 302 3676 gentia
324 3599 488 3679 conspicua
513 3611 558 3660 est
582 3602 612 3659 in
635 3601 679 3659 eis
701 3620 779 3680 qaae
800 3600 838 3660 de
855 3597 1034 3658 Fenestella
1051 3594 1173 3674 (fragm.
1190 3597 1263 3675 78*)
1288 3595 1331 3655 di-

199 3711 316 3761 cuntur.
359 3721 448 3782 quem
471 3722 538 3761 cunr
556 3703 719 3762 novissimo
739 3701 845 3762 Tiberi
864 3699 1035 3780 principatu
1054 3698 1154 3758 obisse
1170 3697 1251 3758 Plini
1273 3705 1333 3756 tes

198 3803 321 3874 timonio
335 3805 480 3875 sciamus,
496 3805 700 3884 Hieronymus
714 3825 749 3864 eo
762 3814 896 3882 tempore
911 3821 979 3860 eum
1001 3811 1149 3860 mortuum
1170 3817 1239 3858 esse
1260 3798 1332 3856 seri·

198 3903 243 3964 bit
266 3925 325 3984 quo
350 3907 414 3964 iare
446 3905 600 3984 suspicere
632 3905 747 3965 clarum
771 3924 839 3964 eum
863 3903 965 3962 fuisse.
997 3902 1096 3961 levius
1124 3910 1171 3960 est
1201 3899 1333 3960 incuriae

198 4024 294 4082 genus
309 4025 368 4086 quo
386 4007 526 4066 consules
545 4007 740 4083 cognomines
757 4005 903 4066 confudit.
940 4005 979 4065 of.
996 4004 1103 4081 fragm·
1124 4004 1181 4063 Ὦ*
1195 4002 1252 4064 23*
1268 3999 1332 4064 60²⁸.

199 4127 258 4166 uno
273 4106 384 4169 deinde
396 4109 464 4169 loco
482 4109 595 4169 accidit
610 4109 808 4186 Hieronymo,
827 4114 860 4166 ut
878 4125 1008 4166 errorem
1027 4106 1104 4164 Acci
1120 4121 1209 4182 quem
1226 4101 1332 4160 Sueto-

199 4210 267 4268 nius
294 4211 360 4272 sine
386 4211 477 4272 dubio
501 4218 570 4290 post
594 4209 761 4268 Varronem
784 4217 815 4268 et
837 4207 1017 4268 Ciceronem
1041 4207 1252 4282 exagitaverat
1279 4221 1332 4280 pro

199 4331 273 4372 vera
290 4315 446 4372 notatione
465 4313 620 4391 arriperet.
660 4309 743 4390 quod
764 4311 877 4368 factum
894 4327 962 4368 esso
984 4289 1124 4388 equidem
1141 4313 1214 4384 puto
1230 4303 1261 4361 in
1282 4321 1332 4360 ex-

200 4416 313 4492 cerptis
327 4414 365 4474 de
380 4414 449 4473 Livi
463 4413 631 4472 Andronici
647 4412 712 4472 vita
725 4413 847 4490 (fragm.
862 4411 925 4488 5*).
956 4427 1035 4487 quae
1049 4405 1188 4485 exempla
1203 4405 1246 4464 its
1263 4423 1332 4462 con·

268 4529 386 4565 ercrosr
407 4529 468 4563 nun.
1092 4505 1131 4565 25
