3190 5098
607 117 622 146 Ν

239 355 301 424 {isit
576 367 797 418 usnas‘cronss
820 352 1045 410 surrentinus.

237 531 450 614 cortpunuutur
469 543 537 588 cum
553 520 632 604 epici
644 521 786 582 carminis
801 527 833 580 et
847 519 1023 580 comoedias
1039 521 1184 600 miniique
1199 517 1380 594 delinitioni-

236 631 309 704 bus,
336 647 389 692 ens
411 645 513 688 omnes
536 621 670 684 eiusdem
693 622 826 682 auctoris
842 642 908 682 csse
923 621 1034 682 elucet.
1072 621 1271 696 necanducis
1286 621 1380 682 homi·

238 733 284 796 nis
311 729 453 792 uidentur
475 724 595 804 longina
619 715 764 804 progredi
791 731 822 784 et
847 725 944 804 ipsam
964 726 1113 804 poematis
1137 725 1169 783 in
1189 725 1248 784 tria
1267 743 1382 802 genera

239 831 463 894 distinctionem
475 847 530 908 pre
542 826 777 906 Theophrastus
788 824 909 888 babere.
923 846 980 886 nec
989 825 1213 905 neglegendum
1225 836 1272 886 est
1281 826 1380 886 Theo·

238 933 396 1016 pbrautum
418 928 532 992 eadem.
546 928 648 1010 poesis
669 945 784 1006 genera
805 928 965 1002 statuisse,
993 949 1072 1010 quae
1093 927 1183 986 Plato
1211 927 1251 988 de
1273 947 1306 988 re
1326 947 1381 1006 pn-

239 1035 320 1096 blies
331 1033 380 1094 111
394 1031 522 1112 tttbsq.
534 1027 752 1108 distinguenda
764 1049 832 1090 esse
845 1029 1017 1092 arbitratur.
1029 1090 1037 1108 ,
1048 1028 1102 1089 sed
1119 1049 1200 1110 qnae
1215 1029 1305 1090 Plato
1318 1030 1338 1090 l.
1355 1049 1382 1088 ct

239 1137 337 1219 magis
352 1135 425 1196 iecit
441 1153 533 1213 quum
543 1133 697 1212 exposuit,
714 1131 797 1210 apud
808 1130 988 1194 Diomedem
1003 1134 1047 1192 sie
1061 1132 1269 1211 proferuntur,
1284 1141 1318 1192 ut
1329 1151 1382 1210 pa·

239 1245 304 1300 test
313 1235 407 1296 elium
419 1243 486 1314 post
498 1234 657 1296 Platonem
669 1243 701 1296 et
710 1233 910 1296 Aristotelem
920 1233 1003 1295 illius
1014 1234 1197 1294 sententiam
1210 1227 1398 1294 executum‘

325 1339 400 1399 Post
416 1337 496 1398 bane
510 1335 731 1418 praefationem
744 1335 945 1416 Tranquillus
960 1337 1039 1396 vitas
1054 1345 1212 1416 puetarum
1228 1337 1384 1396 enarravit

240 1441 284 1500 ite
303 1447 337 1502 ut
351 1423 404 1500 eos
420 1437 556 1502 ordinem
575 1459 635 1520 quo
651 1437 794 1514 aixerunt
806 1447 928 1498 secutus
940 1438 1012 1498 iude
1025 1459 1044 1498 a
1057 1437 1127 1498 Livi
1142 1447 1245 1511 aetate
1260 1457 1382 1500 enume-

241 1549 332 1602 raret.
363 1539 568 1602 Mommsenu's
584 1537 708 1622 quidem
723 1540 742 1598 l.
763 1559 787 1598 c.
805 1560 835 1620 p.
850 1549 903 1604 674
917 1540 1027 1602 librum
1043 1539 1083 1600 de
1093 1541 1194 1622 puetis
1209 1539 1384 1619 bipertitum

243 1643 335 1704 fuisse
353 1642 499 1714 coniecit,
516 1642 548 1724 in
571 1643 668 1702 altera
690 1643 771 1710 enim
788 1652 877 1722 parte
893 1641 1106 1724 Tranquillum
1123 1650 1228 1721 poetae
1241 1644 1260 1702 i.
1276 1663 1304 1702 e.
1321 1644 1383 1724 epi·

243 1765 295 1806 cos
310 1744 448 1810 satiricos
462 1743 573 1826 lyricos
582 1791 593 1820 ,.
602 1745 633 1804 in
645 1743 744 1814 altera
757 1744 980 1807 comoediarum
991 1743 1218 1822 tragoediarum
1230 1745 1386 1805 mimorum

242 1847 407 1926 scriptores
428 1849 578 1926 posuisse.
613 1845 673 1928 sed¹
687 1845 764 1906 haec
784 1848 960 1909 coniectura
976 1847 1127 1908 refellitur
1141 1847 1202 1908 illis
1220 1847 1384 1926 praefatio·

241 1948 290 2009 nis
305 1949 459 2028 excerptis
476 1947 635 2036 Diomedis
654 1968 747 2029 opera
762 1949 906 2025 servetis,
922 1949 1033 2030 quibus
1048 1949 1139 2012 alium
1149 1948 1296 2012 Suetonio
1312 1969 1385 2030 poe·
1424 1957 1429 1970 '

244 2059 356 2112 matum
371 2050 552 2115 divisionem
562 2051 726 2131 ,probatum
738 2051 833 2112 fuisse
850 2049 1008 2126 doeemur,
1021 2071 1081 2112 uec
1098 2049 1192 2112 babet
1205 2071 1260 2132 per
1271 2073 1305 2112 se
1319 2053 1386 2132 ipsa

244 2172 304 2234 quo
323 2151 556 2216 commendetur.
583 2171 654 2212 nam
669 2153 779 2212 utalia
795 2153 946 2227 omittam,
960 2153 1085 2214 ubinam
1096 2154 1214 2232 positus
1231 2155 1386 2216 essetEn·

243 2255 311 2318 nius
334 2253 528 2316 multiformis
548 2254 599 2316 ille
624 2255 674 2316 vel
692 2251 828 2316 biformis
846 2254 971 2336 saltem,
995 2255 1021 2314 si
1039 2255 1310 2318 Mommseuianam
1326 2255 1386 2316 dis·

245 2357 423 2438 criptionem
439 2366 575 2438 spectas,
593 2357 708 2436 poeta?
727 2426 731 2434 ¹

329 2457 415 2542 Libri
428 2468 529 2520 autem
542 2460 581 2520 de
593 2460 694 2540 poetis
711 2460 824 2532 clarum
840 2461 1003 2538 imaginem
1014 2467 1248 2540 repraesentant
1259 2479 1297 2520 ea
1308 2479 1388 2542 quae

244 2564 450 2648 Hieronymus
467 2563 498 2620 in
513 2562 657 2622 chronico
673 2561 745 2624 iude
760 2561 886 2642 recepit.
923 2561 1005 2642 apud
1027 2582 1095 2624 eum
1113 2562 1193 2625 enirn
1210 2561 1248 2624 de
1264 2563 1389 2640 triginta

244 2677 403 2746 poetarum
429 2664 500 2724 vitis
527 2663 699 2744 fragmenta
721 2683 812 2744 snper
834 2672 918 2739 sunt,
941 2672 1056 2727 utnon
1078 2664 1169 2726 facile
1191 2662 1298 2724 credas
1320 2683 1389 2726 eum

246 2765 362 2844 multus¹
373 2765 626 2848 praetermisisse.
656 2775 717 2826 tres
729 2775 831 2828 tamen
846 2785 962 2848 sosque
977 2765 1160 2826 clarissimos
1175 2775 1282 2846 poetas
1297 2767 1388 2826 'umis-

246 2887 295 2930 sos
312 2887 380 2928 esse
399 2869 524 2942 scimus,
544 2867 704 2930 Afranium
718 2867 875 2930 Tibullum
890 2867 1095 2948 Propertium.
1124 2868 1230 2928 horum
1249 2869 1328 2928 enim
1343 2869 1387 2926 vi·

245 2979 306 3042 tam
322 2989 341 3030 a
356 2967 504 3033 Suetonio
526 2970 718 3032 inlustratum
739 2970 834 3030 fuisse
857 2979 939 3030 certo
962 2969 1075 3032 indicio
1097 2971 1248 3048 arguitur,
1269 2991 1336 3030 enm
1358 2971 1389 3030 iu

245 3072 439 3152 praefatione
456 3072 616 3134 Afranium
633 3081 791 3135 auctorem
813 3071 1021 3147 tabernariae,
1037 3071 1193 3134 Tibullum
1210 3083 1241 3134 et
1260 3073 1388 3152 Proper-

247 3175 322 3236 tium
335 3178 522 3256 praeeipuos
541 3176 707 3254 elegiarum
728 3175 890 3256 scriptores
907 3175 1120 3256 appellaverit.
1151 3174 1225 3256 quid
1251 3173 1333 3255 quod
1351 3173 1390 3234 de

247 3277 365 3340 Tibulli
382 3279 447 3339 vita
467 3277 670 3358 fragmentum
686 3277 745 3336 nisi
765 3278 867 3356 opinio
882 3298 930 3338 me
946 3277 1027 3337 fallit
1046 3286 1178 3338 aetatem
1196 3277 1276 3338 tulit.
1294 3279 1325 3336 in
1341 3295 1389 3336 eo·

248 3379 367 3442 dicibus
391 3381 474 3440 euim
493 3379 611 3440 'l'ibulli
636 3379 822 3458 epigramma
845 3380 956 3458 legitur
978 3380 1094 3440 Domiti
1115 3379 1211 3438 Marsi
1233 3379 1272 3439 de
1293 3387 1390 3438 morte

247 3489 356 3564 poetae
371 3484 538 3556 inmatura,
552 3499 631 3564 quae
646 3481 740 3542 multo
754 3482 900 3561 plenioris
913 3483 1077 3544 memoriae
1091 3481 1242 3561 particula
1259 3479 1389 3542 videtur.

248 3586 342 3647 utitur
358 3585 435 3644 adeo
454 3583 616 3646 Suetonius
635 3584 807 3666 testimonio
832 3583 968 3646 eiusdem
983 3584 1099 3644 Domiti
1114 3583 1177 3657 bis,
1201 3584 1232 3642 in
1254 3582 1318 3644 nita
1333 3581 1390 3643 Or·

248 3687 303 3748 bili
317 3687 433 3766 Pupilii
449 3695 479 3748 et
491 3685 609 3748 Caecili
621 3687 766 3766 Epirotae
784 3687 1055 3764 grammaticorum.
1083 3686 1205 3748 tertium
1222 3683 1303 3744 infra
1314 3683 1391 3744 Sne·

248 3789 330 3850 tenio
346 3790 537 3851 restituemus
549 3788 667 3862 lucum,
688 3808 748 3869 quo
767 3787 806 3850 ud
824 3787 953 3852 eandem
970 3788 1150 3868 provocavit
1170 3786 1390 3848 auctoritatem.

248 3890 304 3952 sed
319 3911 387 3952 eum
401 3892 529 3954 sentiam
544 3911 609 3953 rem
623 3911 684 3952 nen
698 3890 790 3970 plane
805 3899 918 3952 certam
933 3909 1017 3966 esse,
1034 3889 1152 3950 Domiti
1169 3887 1336 3970 querellam
1352 3885 1391 3948 de

247 4002 343 4057 morte
359 3991 478 4054 Tibulli
495 3995 525 4054 in
539 3993 775 4074 fragmentorum
793 4013 949 4056 nnmerum
964 3993 1102 4072 recipere
1118 4011 1179 4054 nou
1199 3991 1306 4052 ausim.

334 4093 441 4156 Redeo
463 4094 504 4156 ad
518 4097 754 4180 Hieronymum,
777 4097 863 4158 cuius
886 4096 982 4170 ratio,
1005 4113 1068 4176 qua
1091 4094 1213 4155 omnino
1237 4092 1268 4152 iu
1284 4111 1392 4152 excer-

248 4195 350 4278 pendo
361 4197 508 4260 Suetonio
524 4207 663 4260 versatus
682 4200 735 4272 sit,
754 4197 917 4278 diligenter
930 4195 1123 4259 inlustranda
1141 4195 1272 4256 videtur.
1303 4202 1392 4254 vetus

249 4301 342 4380 igitur
355 4321 420 4362 mes
439 4309 505 4361 erat
522 4309 659 4382 tempora
675 4299 847 4362 inlustrium
861 4301 993 4360 virorum
1014 4301 1046 4360 in
1067 4298 1217 4358 chronicis
1233 4294 1392 4358 adnotare.

249 4403 289 4464 cf.
306 4399 426 4464 Gellius
443 4403 598 4466 xviim.
628 4421 718 4484 quem
738 4403 771 4465 iu
793 4402 944 4465 chronicis
961 4400 1024 4462 suis
1045 4399 1201 4460 christiani
1225 4407 1392 4478 temporum
