3078 5072
228 403 261 443 Vl
701 393 883 436 PRAEFATIO

228 568 337 645 operae
366 567 430 610 rem
452 565 519 609 cum
541 545 703 625 pulvisculo
723 543 891 606 exhauriret
913 563 947 604 eo
969 544 1116 624 inpeditus
1137 551 1214 606 esset
1236 545 1313 625 qnod
1337 547 1365 606 in

187 645 189 650 ’
228 659 290 712 toto
312 652 452 712 Suetonio
479 649 661 710 recensendo
689 647 860 717 desudaret,
888 645 960 707 mihi
980 644 1116 707 relictum
1144 647 1179 707 iri
1200 647 1364 726 sperabam.

229 753 355 831 denique
378 770 415 813 ne
436 751 506 831 qnid
527 750 707 812 dissimulem
728 748 821 810 laudis
849 749 945 810 studio
972 748 1135 810 detinebar.
1171 767 1227 809 nec
1247 749 1367 812 'eventus

230 855 423 916 constantiam
438 853 520 914 lusit:
545 854 819 938 commentationem
835 853 911 910 enim
937 869 1036 938 meam·
1054 850 1127 911 ordo
1145 852 1276 928 praemio
1297 868 1366 929 prc-

230 957 326 1036 posito
350 966 433 1016 ‘cum
456 954 578 1015 lionoris
601 950 781 1015 testimonio’
801 953 923 1014 ornarit.
1203 953 1212 964 ‘

315 1057 358 1118 Ex
380 1075 438 1136 qno
461 1064 595 1136 tempore
621 1055 935 1134 praestantissimorum
954 1062 1180 1134 praeceptorum
1196 1055 1367 1117 anctoritate

231 1159 374 1220 adductus
397 1166 425 1219 ct
447 1159 649 1219 retractandae
668 1157 905 1217 commentationi
927 1175 1010 1218 meae
1032 1163 1061 1217 ct
1088 1158 1159 1235 ipsis
1179 1155 1310 1235 reliquiis
1331 1158 1367 1217 ad

230 1259 374 1320 librorum
391 1261 477 1322 tidem
496 1259 672 1339 retingendis
687 1257 835 1320 vacabam.
872 1264 958 1337 atque
974 1259 1185 1320 annmcvs
1197 1255 1367 1320 'Rrrscnn-

232 1374 310 1420 nrvs
322 1369 498 1440 praeceptor
511 1363 618 1440 optime
630 1359 666 1419 de
677 1378 725 1420 me
740 1361 862 1420 meritus
873 1359 906 1420 ll.
924 1359 959 1420 G.
976 1359 1164 1420 Teubnerum
1178 1358 1368 1437 bibliopolam

232 1463 469 1550 honestissimum
494 1463 626 1530 adduxit,
647 1468 679 1520 ut
702 1461 769 1521 libri
790 1462 894 1522 edendi
912 1469 1045 1540 sumptas
1065 1481 1098 1522 ea
1120 1460 1185 1538 lege
1208 1460 1368 1522 liberaliter

233 1564 424 1634 concederet,
448 1571 480 1625 nt
501 1566 561 1642 ipsa
583 1563 747 1640 fragmenta
770 1581 786 1622 a
807 1582 854 1626 me
877 1563 1065 1625 adderentur.
1108 1581 1164 1624 nec
1185 1561 1280 1624 solum
1301 1569 1368 1625 rit-a

233 1673 369 1746 typorum
386 1665 611 1743 chartarumque
630 1663 772 1743 elegantia
795 1665 869 1727 liber
883 1684 967 1728 meus
989 1666 1246 1727 commendaretur
1266 1685 1368 1728 verum

232 1769 319 1828 ctiam
340 1776 374 1828 ut
399 1767 632 1846 splendidissimo
649 1775 822 1828 ornamento
838 1767 994 1830 decoratus
1016 1768 1045 1828 in
1066 1765 1218 1846 publicum
1236 1768 1370 1846 prodiret

232 1869 337 1930 eximia
363 1871 416 1930 riri
444 1869 640 1931 inlustrissimi
667 1887 736 1946 erga
766 1888 813 1930 me
842 1868 1044 1931 benevolentia
1073 1869 1209 1930 ellectum
1238 1876 1282 1930 est
1310 1889 1368 1947 qua

231 1971 318 2030 vitam
338 1970 491 2032 Terentia
513 1988 544 2030 se
568 1970 749 2031 emendatam
778 1979 806 2032 et
828 1977 994 2032 enarratam
1017 1973 1115 2032 inesse
1139 1972 1166 2031 ei
1189 1970 1287 2032 voluit.
1329 1973 1368 2032 si·

231 2069 292 2131 mul
318 2071 444 2134 subsidia
471 2072 507 2132 ad
534 2071 732 2133 recensendas
759 2072 897 2150 reliquias
924 2071 1084 2133 lautissima
1107 2075 1136 2132 in
1160 2090 1259 2134 meum
1282 2091 1368 2134 usum

230 2173 342 2250 pararit
364 2181 393 2234 et
413 2191 465 2234 sua
488 2174 660 2234 auctoritate
682 2172 848 2234 Canonvu
869 2175 1034 2236 Hauurvu
1054 2179 1082 2234 et
1105 2173 1274 2235 orromna
1293 2174 1368 2236 Rre-

230 2287 387 2336 BEcntvu
407 2277 511 2346 movit,
533 2283 565 2336 ut
587 2294 663 2354 quae
687 2281 731 2336 est
753 2278 938 2354 egregiorum
964 2276 1094 2336 virorum
1121 2277 1244 2355 insignis
1265 2277 1369 2338 buma-

230 2367 305 2438 nitas
323 2375 413 2437 libros
434 2378 490 2456 ipsi
515 2385 687 2440 excuterent
707 2379 937 2440 conterendosre
963 2384 1111 2440 curarent.
1153 2378 1257 2439 eodem
1277 2381 1369 2440 inter·

231 2479 352 2540 cedente
375 2478 551 2540 Gnonnrvs
574 2479 685 2542 Tamo
707 2481 871 2559 scripturae
893 2481 1117 2544 varietatem'ad
1140 2481 1212 2540 ritas
1235 2489 1263 2541 et
1284 2481 1369 2542 sclic-

230 2579 266 2642 lia
287 2580 394 2657 Vergili
417 2581 580 2643 conlectam
602 2601 666 2642 mea
688 2585 780 2658 gratia
801 2582 1004 2645 liberalissime
1027 2583 1181 2659 excerpsit.

314 2683 448 2744 Summas
470 2683 576 2744 deinde
597 2683 705 2759 gratias
728 2683 822 2745 debeo
841 2669 973 2744 O'rrodt
989 2683 1131 2752 lanum,
1150 2683 1233 2743 cuius
1249 2683 1285 2742 de
1297 2684 1370 2744 Sue·

229 2783 309 2842 tonio
338 2801 404 2844 meo
433 2786 537 2846 merita
564 2786 674 2844 maiora
702 2791 772 2846 sunt
806 2803 893 2865 quam
934 2802 1008 2865 quae
1036 2783 1203 2861 singillatim
1231 2787 1370 2863 persequi

214 2885 348 2968 possim.
399 2902 518 2963 sparsae
550 2885 666 2964 quidem
696 2894 765 2948 sunt
793 2904 847 2965 per
884 2893 976 2948 totum
1005 2887 1113 2948 librum
1151 2885 1371 2948 observationes

231 2985 267 3045 ab
290 2986 354 3064 ipso
380 3005 496 3050 mecum
523 2990 767 3058 communicatae,
802 2988 910 3068 quibus
936 2987 1043 3050 licebat
1064 2990 1126 3050 eius
1151 3006 1259 3050 nomen
1279 2988 1370 3068 adpo·

230 3105 319 3158 nere,
356 3087 497 3151 adnotare
527 3099 623 3151 autem
651 3108 711 3151 non
733 3097 868 3170 poteram
890 3109 966 3170 quae
991 3091 1165 3151 institutioni
1195 3092 1259 3152 eius
1287 3091 1370 3150 lami·

229 3188 293 3250 liari
323 3198 441 3269 accepta
475 3192 573 3252 retem
607 3192 748 3252 beneficia
777 3195 923 3270 graviora.
972 3199 1082 3254 rectam
1111 3193 1188 3252 enim
1224 3193 1297 3252 viam
1326 3195 1370 3252 in-

229 3309 364 3368 gressum
388 3311 434 3354 me
463 3293 635 3356 hortabatur
655 3295 864 3372 sumebatque,
893 3295 939 3354 sin
967 3313 1037 3356 vero
1064 3291 1228 3374 periculum
1250 3301 1313 3354 erat
1333 3312 1370 3353 ne

230 3392 310 3456 lalsis
332 3395 549 3472 opinationibus
577 3397 715 3457 inretirer
742 3403 776 3457 ut
801 3414 851 3458 res
877 3395 989 3458 larebat
1017 3397 1105 3458 modo
1133 3397 1255 3456 comiter
1282 3393 1370 3456 modo

229 3513 331 3558 serere
351 3515 399 3558 me
418 3496 603 3564 admonebat.
641 3515 733 3576 porro
754 3499 816 3560 eius
835 3515 924 3576 opera
948 3498 1069 3576 contigit
1091 3497 1250 3576 splendidis
1275 3496 1370 3557 subsi-

230 3597 285 3657 diis
309 3600 367 3668 uti,
396 3618 522 3678 quorum
548 3598 673 3688 alterum
696 3601 841 3662 llvnatn
863 3601 1040 3680 professoris
1055 3599 1301 3678 lllontepessulani
1320 3617 1370 3660 co·
1404 3585 1409 3593 ’

229 3699 321 3762 mitati
344 3699 469 3762 alterum
490 3703 649 3764 doonrin
672 3703 866 3764 ilicitanus
885 3702 1106 3764 benevolentiae
1126 3701 1260 3763 debetur.

313 3802 444 3882 Denique
466 3803 618 3864 loannes
646 3803 964 3865 anvnnunnamvs
993 3810 1167 3882 praeceptor
1196 3802 1264 3864 olim
1287 3821 1371 3864 meus

229 3907 259 3964 in
282 3906 431 3983 gymnasio
454 3905 601 3966 Bonnensi
621 3908 809 3968 suavissimae
828 3907 988 3969 memoriae
1014 3923 1070 3985 pro
1093 3908 1211 3984 antiqua
1231 3922 1300 3983 erga
1323 3922 1371 3966 me

229 4004 377 4066 voluntate
411 4005 643 4069 luculentissimo
678 4009 749 4068 artis
782 4011 901 4070 criticae
929 4011 1123 4070 instrumento
1152 4026 1199 4069 me
1222 4007 1368 4067 instruxit.

229 4123 297 4168 nam
320 4105 573 4170 lersclrianas
591 4108 770 4171 conlationes
792 4112 947 4190 fragmenti
973 4111 1010 4172 de
1033 4110 1230 4189 grammaticis
1252 4115 1281 4169 et
1302 4109 1370 4170 rhe-

229 4206 343 4268 toribus
357 4206 540 4285 plenissimas
552 4217 618 4272 ante
631 4209 742 4290 aliquot
755 4229 848 4272 annos
863 4232 880 4272 a
895 4231 926 4273 se
941 4213 977 4273 ad
989 4213 1176 4274 llan'rmvn
1188 4210 1371 4270 llnssnztvu

229 4311 333 4370 missas
354 4309 426 4370 mihi
447 4312 570 4373 utendas
592 4313 739 4392 permisitl
763 4330 818 4374 nec
839 4320 958 4390 gravate
979 4313 1027 4374 laic
1048 4331 1107 4385 eas¹
1121 4312 1192 4372 mibi
1215 4312 1369 4380 concessit,

229 4409 315 4472 simul
343 4412 404 4472 suis
430 4411 498 4474 inde
520 4416 678 4492 excerptis,
707 4413 813 4494 quibus
841 4415 965 4478 varietas
992 4414 1155 4494 scripturae
1183 4431 1199 4472 a
1228 4411 1369 4474 Lerschio
