3064 5064
568 415 609 462 ns
626 415 812 464 arsroatars
1120 429 1123 436 ⁴
1220 398 1260 466 93

129 569 192 636 ocio
207 567 387 658 scripserit.
421 568 532 658 itaque
553 562 640 635 bella
662 571 785 651 omnia,
815 590 898 656 quae
919 589 1072 656 amquam
1094 590 1166 634 eam
1183 568 1262 634 (ier-

129 672 227 734 1aaais
250 681 345 756 gesta
367 683 442 736 suat
470 671 539 735 XX
560 672 782 736 uoluminibus
806 669 1065 758 coarprehendit3
1109 673 1186 734 item
1207 692 1264 734 na·

128 773 237 838 taralis
258 771 415 838 historiae
437 771 607 838 XXXVII
627 773 730 862 libros
749 771 900 838 absoluit.
939 771 1036 858 periit
1054 771 1146 838 clade
1169 773 1263 837 Cam-

130 875 257 960 paniae3
301 895 374 938 cum
403 875 489 940 enim
517 875 694 940 Misenensi
723 873 820 938 classi
852 883 1020 960 praeesset
1047 883 1079 939 et
1104 874 1263 961 flagrante

113 973 267 1040 aVesuaio
285 976 328 1039 ad
347 975 563 1063 explorandas
581 977 712 1064 propius
729 995 844 1040 causas
861 974 1022 1041 liburnica
1036 977 1263 1064 portendisset‚

130 1099 182 1141 aec
194 1076 446 1142 aduersantibus
461 1080 569 1144 uentis
579 1097 721 1144 remeare
734 1085 854 1164 posset,
871 1076 904 1140 ui
920 1075 1064 1162 pulueris
1076 1100 1114 1142 ae
1130 1075 1264 1141 fauillae

129 1199 304 1264 oppressusv
320 1188 384 1261 est,
409 1179 462 1244 uel
483 1190 519 1245 ut
541 1179 672 1266 quidam
692 1179 880 1245 existimant
899 1200 919 1242 a
940 1199 1033 1243 seruo
1051 1201 1110 1244 suo
1128 1179 1264 1262 occisus,

128 1302 217 1366 quem
242 1291 336 1344 aesta
353 1279 523 1364 deficiens,
545 1295 582 1346 ut
602 1303 714 1346 necem
736 1280 800 1345 sihi
817 1289 1010 1363 maturaret,
1033 1285 1182 1347 orauerit.
1266 1349 1269 1358 ,

128 1501 207 1550 raque
237 1487 392 1551 conposuit.
430 1487 463 1537 de
486 1489 546 1538 uita
570 1489 703 1554 Pomponi
726 1487 846 1538 Secundi
869 1486 935 1537 duo:
972 1503 989 1537 a
1012 1504 1063 1552 quo
1086 1487 1265 1553 singulariter

129 1561 232 1603 amatus
255 1553 308 1604 hoe
331 1557 480 1605 memoriae
506 1557 589 1606 amici
607 1558 686 1622 quasi
704 1557 826 1607 debiturn
849 1569 945 1604 munus
965 1556 1091 1606 exsoluit.
1133 1557 1265 1608 bellorum

129 1621 291 1672 Germaniae
315 1623 428 1686 uiginti:
466 1623 564 1688 quibus
586 1627 679 1675 emnia
703 1639 772 1690 qaae
797 1640 858 1673 cam
876 1617 1021 1674 Germanis
1037 1625 1172 1690 gausianis
1191 1626 1265 1677 bella

128 1689 251 1756 collegit,
288 1689 445 1754 inchoauit,
465 1707 526 1742 curn
544 1693 573 1742 in
592 1693 741 1743 Germania
763 1689 912 1754 militaret,
935 1693 1039 1742 serneio
1059 1695 1190 1742 monitus:
1217 1695 1263 1743 ad-

129 1759 197 1808 stitit
210 1759 237 1808 ei
251 1759 407 1823 quiescenti
425 1761 508 1809 Drusi
521 1761 638 1811 Neronis
651 1761 768 1826 effigies,
784 1760 831 1826 qui
844 1760 1009 1810 Germaniae
1022 1760 1157 1812 latissime
1175 1763 1266 1812 uictor

129 1827 163 1874 ibi
181 1825 280 1892 periit,
306 1827 515 1878 commendabat
533 1830 691 1880 memoriam
710 1844 788 1879 saara
806 1829 972 1892 orabatque,
997 1833 1027 1878 ut
1050 1845 1079 1878 se
1104 1829 1138 1878 ab
1163 1829 1265 1878 iniuria

129 1895 274 1944 obliuioais
298 1895 447 1953 adsereret.
483 1897 600 1947 studiosi
622 1903 693 1960 tres,
720 1898 749 1946 in
771 1913 818 1946 sex
840 1896 981 1946 uolumina
1004 1902 1115 1962 propter
1138 1897 1264 1962 amplitu-

130 1963 216 2012 dinem
235 1963 332 2013 diuisi:
357 1963 455 2028 quibus
479 1969 616 2016 oratorem
640 1967 676 2016 ab
698 1963 874 2014 incunabulis
898 1965 1018 2014 instituit
1036 1971 1064 2015 st
1082 1966 1197 2030 perlicit.
1217 1965 1264 2014 du-

129 2029 165 2079 bii
187 2031 323 2080 sermonis
346 2026 425 2081 ceto:
462 2034 575 2097 scripsit
597 2035 647 2084 sub
670 2034 778 2083 Nerone
800 2032 955 2082 nouissimis
980 2034 1074 2096 anais,
1107 2048 1167 2082 eum
1186 2049 1264 2084 omae

129 2099 276 2148 studiorum
294 2115 382 2164 genus
399 2099 481 2166 paulo
504 2101 618 2151 liberius
645 2110 669 2151 et
694 2101 813 2151 erectius
836 2098 1018 2165 periculosum
1041 2102 1160 2150 seruitus
1183 2101 1265 2151 fecis-

112 2172 176 2215 set.
219 2183 236 2216 a
259 2167 313 2216 line
335 2167 425 2216 Aufidi
448 2169 529 2217 Bassi
552 2169 668 2234 triginta
693 2185 770 2218 uuus.
815 2173 932 2217 naturae
954 2167 1131 2218 historiarum
1150 2170 1265 2234 triginta

129 2240 245 2299 septem:
268 2249 336 2300 opus
358 2235 485 2300 diffusam
509 2237 642 2286 eruditum
661 2253 713 2287 nec
731 2238 819 2286 miuus
838 2236 944 2286 ararium
969 2251 1049 2300 quara
1073 2237 1133 2301 ipsa
1155 2242 1263 2286 natura.

130 2304 234 2352 miraris
252 2303 325 2366 quod
344 2309 385 2352 tot
404 2303 543 2354 uolumina
562 2304 702 2369 multaque
721 2307 749 2354 in
768 2305 810 2354 his
829 2310 885 2354 tara
903 2304 1063 2369 scrupulosa
1088 2305 1166 2353 honre
1185 2319 1265 2354 occa·

78 2372 81 2379 '
130 2377 206 2434 patus
226 2371 397 2420 absoluerit?
432 2373 521 2436 magis
540 2374 699 2436 miraberis,
723 2374 746 2422 si
763 2373 862 2422 scieris
886 2370 962 2420 illam
981 2371 1142 2436 aliquandiu
1167 2387 1265 2422 euersas
1312 2399 1314 2408 =
1343 2367 1347 2380 ⁸

131 2441 275 2500 actitasse,
299 2439 453 2488 decessisse
477 2455 549 2489 anao
572 2447 650 2490 sexto
680 2445 708 2491 et
731 2440 989 2506 quinquagensimo,
1015 2439 1132 2488 modium
1159 2446 1266 2506 tempus

130 2507 277 2556 distentum
296 2507 509 2572 impeditumque
535 2523 588 2573 qua
611 2509 712 2559 officiis
735 2509 862 2558 maximis
886 2523 939 2572 qua
963 2509 1089 2557 amicitia
1112 2509 1265 2572 principum

132 2575 227 2634 egisse.
258 2574 307 2624 sed
326 2580 385 2624 erat
404 2589 468 2624 acre
487 2577 628 2641 ingenium
652 2575 815 2637 incredibile
834 2577 952 2624 etardum
975 2587 1079 2624 samma
1097 2573 1264 2640 uigilantia!

133 2643 151 2688 ι’
165 2643 195 2705 8,
215 2643 244 2692 5:
282 2643 338 2691 ‘rae
355 2657 421 2692 uero
436 2644 471 2692 ad
493 2642 545 2694 boc
563 2645 682 2695 stadium
699 2643 817 2709 impellit
839 2643 1017 2692 domesticum
1040 2659 1144 2708 quoque
1177 2659 1265 2694 exem·

132 2709 209 2774 plum.
246 2709 399 2760 auunculus
417 2726 494 2760 meus
512 2711 637 2778 idemque
656 2729 705 2778 per
722 2712 898 2777 adoptionem
915 2715 996 2776 pater
1012 2711 1143 2760 historias
1163 2717 1190 2761 et
1208 2713 1265 2776 qui-

133 2778 188 2827 dem
206 2777 414 2844 religiosissime
428 2778 560 2844 scripsit)
584 2780 660 2831 Idem
670 2781 707 2830 VI
729 2779 759 2830 16
777 2781 878 2830 exitum
898 2778 1028 2830 avunculi
1041 2780 1141 2828 Tacito
1160 2781 1267 2844 scribit,

135 2847 200 2895 uuile
217 2862 308 2911 pauca
326 2847 494 2897 notabiliora
513 2863 666 2914 excerpam.
682 2849 715 2908 βε
736 2847 992 2914 ‘pulcherrimarum
1011 2847 1089 2898 clads
1108 2846 1265 2898 terrarum'.

137 2914 161 2962 l:
179 2917 248 2964 ‘erat
265 2915 365 2964 Miseni
384 2913 555 2980 classemque
574 2917 688 2982 imperio
706 2931 838 2981 praescus
856 2917 979 2980 regebat.
1002 2931 1101 2966 nonum
1119 2916 1181 2965 Kal.
1201 2919 1266 2980 Sep·

138 2983 248 3032 tcurbrss
271 2982 338 3032 hora
361 2982 420 3033 fere
443 2985 562 3049 septima
585 2991 674 3035 mater
691 3001 753 3035 mea
771 2983 878 3034 indicat
896 2983 922 3034 ei
941 2999 1073 3049 apparere
1090 2985 1189 3033 nubem
1208 2986 1267 3034 iau·

138 3051 215 3100 citata
231 3057 259 3100 ct
271 3051 463 3117 magnitudine
482 3057 510 3102 et
522 3052 641 3118 specie)
666 3053 695 3101 7:
716 3053 852 3117 ‘magnum
871 3052 1035 3118 propiusque
1053 3053 1218 3102 noscendum
1238 3058 1268 3102 at

140 3119 314 3169 eruditissimo
332 3120 392 3169 uiro
410 3120 508 3169 uisum.
545 3121 623 3172 iubet
645 3121 809 3171 liburnicam
829 3117 943 3186 aptari’
976 3119 1017 3168 12:
1044 3120 1150 3170 ‘certus
1172 3121 1267 3184 lupae,

139 3186 160 3232 si
181 3189 331 3236 contrarius
354 3193 453 3237 uentus
476 3186 649 3240 resedisset’.
692 3187 738 3239 19:
765 3188 899 3240 ‘innitens
917 3187 1033 3237 seruolis
1050 3189 1154 3238 duobus
1174 3189 1268 3238 adsar-

141 3255 203 3303 rexit
218 3262 245 3304 et
262 3257 358 3304 statim
376 3256 512 3320 concidit,
532 3261 563 3306 ut
581 3273 632 3322 ego
656 3257 769 3322 coIIIgo,
795 3257 930 3306 crassiore
954 3255 1074 3321 ealigine
1098 3257 1196 3322 spiritrr
1220 3255 1267 3305 ob·

142 3327 233 3371 stmcto
256 3323 405 3388 clausoque
429 3325 584 3386 stomacho,
615 3325 661 3392 qai
684 3325 725 3374 illi
749 3331 849 3374 natura
872 3323 1010 3374 inualidus
1034 3331 1062 3373 ct
1089 3329 1221 3388 angustus
1240 3329 1268 3374 et

143 3387 287 3453 frequenter
305 3398 438 3441 aestuans
457 3396 534 3442 erat*
558 3393 604 3441 22:
626 3395 722 3442 ‘anum
742 3393 875 3454 adiciam,
896 3393 988 3441 omnia
1005 3407 1048 3440 me
1068 3391 1165 3456 quihus
1182 3393 1267 3441 inter-

144 3455 236 3508 lucram
254 3474 378 3550 quaeque
397 3460 505 3524 statim,
530 3475 591 3510 cam
609 3461 727 3512 maxime
745 3476 812 3511 uera
831 3465 1028 3522 memararrtur,
1049 3461 1189 3509 audieram
1207 3475 1268 3524 per·

144 3535 261 3577 uantum.

218 3680 398 3764 tamquam]
418 3683 551 3766 trudique
580 3687 736 3744 Vaticanus
755 3679 769 3766 ss
790 3683 950 3744 Germanis
971 3685 1179 3742 Escericleasis
1195 3685 1267 3740 anti-

146 3771 215 3838 quior
236 3771 403 3828 Tolctaaus:
435 3769 579 3828 Romaais
606 3774 672 3829 libri
691 3775 810 3844 patrimi
831 3765 844 3850 ll
865 3779 881 3830 2
901 3769 966 3828 XX
997 3773 1078 3828 edd:
1107 3767 1267 3827 XXXVII

145 3854 200 3908 libri
216 3849 229 3934 Η
247 3856 318 3912 item
334 3857 514 3913 Barbariana
537 3857 707 3914 Vaticanus:
722 3855 853 3935 itemque
868 3860 969 3914 relicui
982 3857 1017 3929 (2‘)
1034 3850 1047 3935 ΙΙ
1062 3853 1175 3917 delude
1191 3855 1267 3911 Hor·

147 3942 240 3997 astaus
259 3943 428 3998 Barbarus:
460 3939 555 4018 gades
582 3947 626 4001 ael
638 3941 726 4019 gadis
741 3943 928 4014 (Vaticanus)
944 3945 988 3998 oei
1004 3939 1114 4016 grades
1130 3942 1196 3997 libri
1216 3936 1230 4021 Η
1251 3951 1267 4001 h

147 4020 279 4084 liburnica
302 4029 470 4100 Toutapos:
493 4025 657 4088 liburnicas
675 4028 859 4101 (Vaticanus)
883 4030 927 4085 oei
941 4024 1120 4084 liburnicam
1135 4027 1238 4084 reticui
1254 4019 1266 4104 ll

147 4111 334 4186 portendisset
355 4113 558 4170 Burmannus:
585 4112 808 4192 praetendisset
825 4115 891 4170 libri
909 4107 922 4194 ΙΙ
941 4120 959 4176 8
981 4111 1113 4169 creuerit
1135 4111 1268 4169 Viaetas:

147 4207 272 4256 eraserat
282 4201 349 4256 libri
362 4191 375 4278 Η
391 4205 539 4256 eraserat.
552 4197 601 4258 bic
613 4201 643 4258 in
656 4199 702 4257 his
717 4195 801 4257 libris
822 4229 828 4242 ·
844 4197 909 4256 XX
928 4227 935 4240 ·
957 4195 1040 4254 milia
1049 4215 1149 4255 rerurn
1162 4195 1267 4274 digna·

148 4297 201 4338 ιιιιιι
215 4300 249 4340 ex
262 4283 410 4343 Lectione
430 4282 616 4343 uoluminum
639 4284 758 4342 circiter
777 4283 867 4340 duum
887 4282 1000 4340 milium
1016 4281 1190 4360 complexus
1212 4291 1266 4341 est.

147 4362 250 4426 Primus
262 4379 362 4428 autera
379 4367 455 4427 liber
469 4371 557 4448 quasi
572 4369 664 4428 iudex
685 4402 690 4414 ·
709 4369 851 4428 XXXVI
872 4401 879 4414 ·
903 4367 1063 4426 Librorum
1078 4369 1268 4447 sequentiam

148 4457 387 4514 consumationem
402 4456 494 4513 totius
505 4457 605 4534 macris
619 4465 647 4514 et
660 4455 780 4532 species
793 4454 927 4512 continet
940 4453 1093 4512 titulorum
1114 4455 1269 4512 Vaticanus
