<?xml version="1.0" encoding="UTF-8"?>
<!DOCTYPE html PUBLIC "-//W3C//DTD XHTML 1.0 Transitional//EN"
    "http://www.w3.org/TR/xhtml1/DTD/xhtml1-transitional.dtd">
<html xmlns="http://www.w3.org/1999/xhtml" xml:lang="en" lang="en">
 <head>
  <title>
</title>
<meta http-equiv="Content-Type" content="text/html;charset=utf-8" />
  <meta name='ocr-system' content='tesseract 3.04.00' />
  <meta name='ocr-capabilities' content='ocr_page ocr_carea ocr_par ocr_line ocrx_word'/>
</head>
<body>
  <div class='ocr_page' id='page_1' title='image "./csvetonitranqvi01ritsgoog_0164.png"; bbox 0 0 3064 5064; ppageno 0'>
   <div class='ocr_carea' id='block_1_1' title="bbox 505 417 1264 482">
    <p class='ocr_par' dir='ltr' id='par_1_1' title="bbox 505 417 1264 482">
     <span class='ocr_line' id='line_1_1' title="bbox 505 417 1264 482; baseline 0.011 -10"><span class='ocrx_word' id='word_1_1' title='bbox 505 431 547 472; x_wconf 82' lang='lat' dir='ltr'><strong>ns</strong></span> <span class='ocrx_word' id='word_1_2' title='bbox 570 431 655 472; x_wconf 81' lang='lat' dir='ltr'><strong>vrnrs</strong></span> <span class='ocrx_word' id='word_1_3' title='bbox 679 431 892 474; x_wconf 82' lang='lat' dir='ltr'><strong>rnnvsrsrnvs</strong></span> <span class='ocrx_word' id='word_1_4' title='bbox 1206 417 1264 482; x_wconf 81' lang='lat'><strong>133</strong></span> 
     </span>
    </p>
   </div>
   <div class='ocr_carea' id='block_1_2' title="bbox 8 575 1375 1774">
    <p class='ocr_par' dir='ltr' id='par_1_2' title="bbox 8 575 1375 1774">
     <span class='ocr_line' id='line_1_2' title="bbox 123 575 1263 668; baseline 0.009 -30"><span class='ocrx_word' id='word_1_5' title='bbox 123 596 228 661; x_wconf 85' lang='lat' dir='ltr'><strong>neque</strong></span> <span class='ocrx_word' id='word_1_6' title='bbox 245 575 435 662; x_wconf 89' lang='lat' dir='ltr'><strong>pauimenta</strong></span> <span class='ocrx_word' id='word_1_7' title='bbox 454 575 520 641; x_wconf 90' lang='lat' dir='ltr'><strong>alia</strong></span> <span class='ocrx_word' id='word_1_8' title='bbox 542 597 639 664; x_wconf 89' lang='lat' dir='ltr'><strong>quam</strong></span> <span class='ocrx_word' id='word_1_9' title='bbox 663 601 680 642; x_wconf 92' lang='lat' dir='ltr'><strong>e</strong></span> <span class='ocrx_word' id='word_1_10' title='bbox 704 577 862 664; x_wconf 86' lang='lat' dir='ltr'><strong>Carysteo</strong></span> <span class='ocrx_word' id='word_1_11' title='bbox 881 597 1057 662; x_wconf 89' lang='lat' dir='ltr'><strong>marmore,</strong></span> <span class='ocrx_word' id='word_1_12' title='bbox 1085 582 1170 668; x_wconf 92' lang='lat' dir='ltr'><strong>quod</strong></span> <span class='ocrx_word' id='word_1_13' title='bbox 1192 585 1263 648; x_wconf 89' lang='lat' dir='ltr'><strong>auri</strong></span> 
     </span>
     <span class='ocr_line' id='line_1_3' title="bbox 123 674 1276 764; baseline 0.01 -26"><span class='ocrx_word' id='word_1_14' title='bbox 123 674 231 760; x_wconf 83' lang='lat' dir='ltr'><strong>fulgor</strong></span> <span class='ocrx_word' id='word_1_15' title='bbox 253 675 394 760; x_wconf 89' lang='lat' dir='ltr'><strong>hebetet,</strong></span> <span class='ocrx_word' id='word_1_16' title='bbox 416 687 451 742; x_wconf 86' lang='lat' dir='ltr'><strong>at</strong></span> <span class='ocrx_word' id='word_1_17' title='bbox 475 677 626 764; x_wconf 80' lang='lat' dir='ltr'><strong>Carystei</strong></span> <span class='ocrx_word' id='word_1_18' title='bbox 648 679 800 744; x_wconf 89' lang='lat' dir='ltr'><strong>uiriditas</strong></span> <span class='ocrx_word' id='word_1_19' title='bbox 823 678 948 742; x_wconf 88' lang='lat' dir='ltr'><strong>reficiat</strong></span> <span class='ocrx_word' id='word_1_20' title='bbox 970 681 1090 745; x_wconf 84' lang='lat' dir='ltr'><strong>oculos.</strong></span> <span class='ocrx_word' id='word_1_21' title='bbox 1134 705 1208 747; x_wconf 91' lang='lat' dir='ltr'><strong>nam</strong></span> <span class='ocrx_word' id='word_1_22' title='bbox 1232 695 1276 748; x_wconf 83' lang='lat' dir='ltr'><strong>ct·</strong></span> 
     </span>
     <span class='ocr_line' id='line_1_4' title="bbox 123 777 1262 869; baseline 0.009 -31"><span class='ocrx_word' id='word_1_23' title='bbox 123 778 177 862; x_wconf 90' lang='lat' dir='ltr'><strong>qui</strong></span> <span class='ocrx_word' id='word_1_24' title='bbox 203 777 453 842; x_wconf 82' lang='lat' dir='ltr'><strong>nummulariam</strong></span> <span class='ocrx_word' id='word_1_25' title='bbox 478 778 608 843; x_wconf 88' lang='lat' dir='ltr'><strong>discunt</strong></span> <span class='ocrx_word' id='word_1_26' title='bbox 644 780 850 844; x_wconf 86' lang='lat' dir='ltr'><strong>denariorum</strong></span> <span class='ocrx_word' id='word_1_27' title='bbox 878 780 991 845; x_wconf 87' lang='lat' dir='ltr'><strong>formis</strong></span> <span class='ocrx_word' id='word_1_28' title='bbox 1017 791 1160 868; x_wconf 83' lang='lat' dir='ltr'><strong>myrteos</strong></span> <span class='ocrx_word' id='word_1_29' title='bbox 1185 805 1262 869; x_wconf 92' lang='lat' dir='ltr'><strong>pan-</strong></span> 
     </span>
     <span class='ocr_line' id='line_1_5' title="bbox 123 877 1264 970; baseline 0.008 -29"><span class='ocrx_word' id='word_1_30' title='bbox 123 899 180 942; x_wconf 91' lang='lat' dir='ltr'><strong>nos</strong></span> <span class='ocrx_word' id='word_1_31' title='bbox 200 877 394 966; x_wconf 57' lang='lat' dir='ltr'><strong>subiciente</strong></span> <span class='ocrx_word' id='word_1_32' title='bbox 413 889 446 945; x_wconf 92' lang='lat' dir='ltr'><strong>et</strong></span> <span class='ocrx_word' id='word_1_33' title='bbox 473 901 674 964; x_wconf 88' lang='lat' dir='ltr'><strong>gemmarum</strong></span> <span class='ocrx_word' id='word_1_34' title='bbox 697 880 876 968; x_wconf 72' lang='lat' dir='ltr'>scalptores</span> <span class='ocrx_word' id='word_1_35' title='bbox 900 882 1148 949; x_wconf 78' lang='lat' dir='ltr'><strong>scarabaeorum</strong></span> <span class='ocrx_word' id='word_1_36' title='bbox 1169 893 1264 970; x_wconf 90' lang='lat' dir='ltr'><strong>terga</strong></span> 
     </span>
     <span class='ocr_line' id='line_1_6' title="bbox 103 978 1261 1070; baseline 0.007 -28"><span class='ocrx_word' id='word_1_37' title='bbox 103 978 240 1064; x_wconf 73' lang='lat' dir='ltr'><strong>aquibus</strong></span> <span class='ocrx_word' id='word_1_38' title='bbox 259 979 341 1044; x_wconf 84' lang='lat' dir='ltr'>nihil</span> <span class='ocrx_word' id='word_1_39' title='bbox 364 988 414 1046; x_wconf 88' lang='lat' dir='ltr'><strong>est</strong></span> <span class='ocrx_word' id='word_1_40' title='bbox 435 979 575 1044; x_wconf 90' lang='lat' dir='ltr'><strong>uiridius</strong></span> <span class='ocrx_word' id='word_1_41' title='bbox 597 980 738 1046; x_wconf 81' lang='lat' dir='ltr'><strong>subinde</strong></span> <span class='ocrx_word' id='word_1_42' title='bbox 756 984 952 1069; x_wconf 88' lang='lat' dir='ltr'><strong>respiciunt:</strong></span> <span class='ocrx_word' id='word_1_43' title='bbox 976 994 1007 1047; x_wconf 92' lang='lat' dir='ltr'><strong>et</strong></span> <span class='ocrx_word' id='word_1_44' title='bbox 1021 985 1160 1070; x_wconf 91' lang='lat' dir='ltr'><strong>pictores</strong></span> <span class='ocrx_word' id='word_1_45' title='bbox 1175 985 1261 1050; x_wconf 89' lang='lat' dir='ltr'><strong>idem</strong></span> 
     </span>
     <span class='ocr_line' id='line_1_7' title="bbox 123 1079 1095 1162; baseline 0.005 -19"><span class='ocrx_word' id='word_1_46' title='bbox 123 1079 256 1162; x_wconf 83' lang='lat' dir='ltr'><strong>iaciunt,</strong></span> <span class='ocrx_word' id='word_1_47' title='bbox 282 1090 317 1143; x_wconf 90' lang='lat' dir='ltr'><strong>ut</strong></span> <span class='ocrx_word' id='word_1_48' title='bbox 339 1080 482 1146; x_wconf 88' lang='lat' dir='ltr'><strong>lahorem</strong></span> <span class='ocrx_word' id='word_1_49' title='bbox 504 1082 597 1146; x_wconf 91' lang='lat' dir='ltr'><strong>uisus</strong></span> <span class='ocrx_word' id='word_1_50' title='bbox 618 1105 728 1148; x_wconf 90' lang='lat' dir='ltr'><strong>eorum</strong></span> <span class='ocrx_word' id='word_1_51' title='bbox 752 1083 916 1148; x_wconf 91' lang='lat' dir='ltr'><strong>uiriditate</strong></span> <span class='ocrx_word' id='word_1_52' title='bbox 937 1094 1095 1149; x_wconf 83' lang='lat' dir='ltr'>recreent.</span> 
     </span>
     <span class='ocr_line' id='line_1_8' title="bbox 205 1173 1375 1268; baseline 0.008 -25"><span class='ocrx_word' id='word_1_53' title='bbox 205 1179 379 1260; x_wconf 80' lang='lat' dir='ltr'><strong>Quaedam</strong></span> <span class='ocrx_word' id='word_1_54' title='bbox 401 1203 524 1268; x_wconf 91' lang='lat' dir='ltr'><strong>genera</strong></span> <span class='ocrx_word' id='word_1_55' title='bbox 547 1182 704 1248; x_wconf 89' lang='lat' dir='ltr'><strong>librorum</strong></span> <span class='ocrx_word' id='word_1_56' title='bbox 718 1185 816 1249; x_wconf 89' lang='lat' dir='ltr'><strong>certis</strong></span> <span class='ocrx_word' id='word_1_57' title='bbox 834 1184 973 1250; x_wconf 90' lang='lat' dir='ltr'><strong>modulis</strong></span> <span class='ocrx_word' id='word_1_58' title='bbox 989 1185 1260 1252; x_wconf 88' lang='lat' dir='ltr'><strong>conficiebantur:</strong></span> <span class='ocrx_word' id='word_1_59' title='bbox 1275 1173 1375 1246; x_wconf 71' lang='lat' dir='ltr'><strong>llll*</strong></span> 
     </span>
     <span class='ocr_line' id='line_1_9' title="bbox 122 1281 1261 1371; baseline 0.005 -25"><span class='ocrx_word' id='word_1_60' title='bbox 122 1281 264 1346; x_wconf 91' lang='lat' dir='ltr'><strong>breuiori</strong></span> <span class='ocrx_word' id='word_1_61' title='bbox 286 1281 391 1346; x_wconf 77' lang='lat' dir='ltr'><strong>forma</strong></span> <span class='ocrx_word' id='word_1_62' title='bbox 411 1285 557 1348; x_wconf 90' lang='lat' dir='ltr'><strong>carmina</strong></span> <span class='ocrx_word' id='word_1_63' title='bbox 572 1293 669 1370; x_wconf 88' lang='lat' dir='ltr'><strong>atque</strong></span> <span class='ocrx_word' id='word_1_64' title='bbox 685 1285 852 1371; x_wconf 81' lang='lat' dir='ltr'><strong>epistulae,</strong></span> <span class='ocrx_word' id='word_1_65' title='bbox 869 1293 903 1350; x_wconf 89' lang='lat' dir='ltr'><strong>at</strong></span> <span class='ocrx_word' id='word_1_66' title='bbox 924 1307 1002 1351; x_wconf 90' lang='lat' dir='ltr'><strong>uero</strong></span> <span class='ocrx_word' id='word_1_67' title='bbox 1021 1285 1176 1352; x_wconf 86' lang='lat' dir='ltr'><strong>historiae</strong></span> <span class='ocrx_word' id='word_1_68' title='bbox 1195 1309 1261 1352; x_wconf 90' lang='lat' dir='ltr'><strong>ma·</strong></span> 
     </span>
     <span class='ocr_line' id='line_1_10' title="bbox 123 1381 1261 1454; baseline 0.005 -8"><span class='ocrx_word' id='word_1_69' title='bbox 123 1384 180 1447; x_wconf 89' lang='lat' dir='ltr'><strong>iori</strong></span> <span class='ocrx_word' id='word_1_70' title='bbox 201 1381 336 1447; x_wconf 88' lang='lat' dir='ltr'><strong>modulo</strong></span> <span class='ocrx_word' id='word_1_71' title='bbox 360 1383 604 1449; x_wconf 84' lang='lat' dir='ltr'><strong>scribebantur:</strong></span> <span class='ocrx_word' id='word_1_72' title='bbox 630 1393 671 1448; x_wconf 74' lang='lat' dir='ltr'><strong>‘et</strong></span> <span class='ocrx_word' id='word_1_73' title='bbox 695 1406 761 1450; x_wconf 94' lang='lat' dir='ltr'><strong>non</strong></span> <span class='ocrx_word' id='word_1_74' title='bbox 788 1387 892 1452; x_wconf 92' lang='lat' dir='ltr'><strong>solum</strong></span> <span class='ocrx_word' id='word_1_75' title='bbox 918 1388 950 1450; x_wconf 91' lang='lat' dir='ltr'><strong>in</strong></span> <span class='ocrx_word' id='word_1_76' title='bbox 974 1395 1068 1452; x_wconf 81' lang='lat' dir='ltr'><strong>carta</strong></span> <span class='ocrx_word' id='word_1_77' title='bbox 1084 1387 1138 1452; x_wconf 89' lang='lat' dir='ltr'><strong>uel</strong></span> <span class='ocrx_word' id='word_1_78' title='bbox 1163 1393 1261 1454; x_wconf 86' lang='lat' dir='ltr'><strong>mem&#39;-</strong></span> 
     </span>
     <span class='ocr_line' id='line_1_11' title="bbox 8 1473 1261 1575; baseline 0.003 -27"><span class='ocrx_word' id='word_1_79' title='bbox 8 1473 9 1496; x_wconf 57' lang='lat'>¹</span> <span class='ocrx_word' id='word_1_80' title='bbox 95 1483 425 1565; x_wconf 74' lang='lat' dir='ltr'><strong>11·branis,sedetiam</strong></span> <span class='ocrx_word' id='word_1_81' title='bbox 446 1485 480 1550; x_wconf 93' lang='lat' dir='ltr'><strong>in</strong></span> <span class='ocrx_word' id='word_1_82' title='bbox 497 1487 634 1550; x_wconf 89' lang='lat' dir='ltr'><strong>omentis</strong></span> <span class='ocrx_word' id='word_1_83' title='bbox 647 1484 864 1572; x_wconf 83' lang='lat' dir='ltr'><strong>elephantinis</strong></span> <span class='ocrx_word' id='word_1_84' title='bbox 884 1487 1119 1575; x_wconf 74' lang='lat' dir='ltr'><strong>textilibusque</strong></span> <span class='ocrx_word' id='word_1_85' title='bbox 1136 1490 1261 1554; x_wconf 90' lang='lat' dir='ltr'><strong>malua-</strong></span> 
     </span>
     <span class='ocr_line' id='line_1_12' title="bbox 121 1583 1259 1672; baseline 0.006 -25"><span class='ocrx_word' id='word_1_86' title='bbox 121 1605 188 1648; x_wconf 91' lang='lat' dir='ltr'><strong>rum</strong></span> <span class='ocrx_word' id='word_1_87' title='bbox 205 1583 298 1649; x_wconf 89' lang='lat' dir='ltr'><strong>foliis</strong></span> <span class='ocrx_word' id='word_1_88' title='bbox 320 1595 416 1672; x_wconf 91' lang='lat' dir='ltr'><strong>atque</strong></span> <span class='ocrx_word' id='word_1_89' title='bbox 438 1585 628 1672; x_wconf 88' lang='lat' dir='ltr'><strong>palmarum.</strong></span> <span class='ocrx_word' id='word_1_90' title='bbox 659 1589 752 1655; x_wconf 90' lang='lat' dir='ltr'><strong>cuius</strong></span> <span class='ocrx_word' id='word_1_91' title='bbox 767 1589 896 1672; x_wconf 79' lang='lat' dir='ltr'><strong>generis</strong></span> <span class='ocrx_word' id='word_1_92' title='bbox 914 1587 1020 1653; x_wconf 86' lang='lat' dir='ltr'><strong>Cinna</strong></span> <span class='ocrx_word' id='word_1_93' title='bbox 1034 1591 1080 1654; x_wconf 91' lang='lat' dir='ltr'><strong>sic</strong></span> <span class='ocrx_word' id='word_1_94' title='bbox 1096 1593 1259 1656; x_wconf 84' lang='lat' dir='ltr'><strong>meminit:</strong></span> 
     </span>
     <span class='ocr_line' id='line_1_13' title="bbox 271 1675 1078 1774; baseline 0.006 -25"><span class='ocrx_word' id='word_1_95' title='bbox 271 1675 351 1750; x_wconf 88' lang='lat' dir='ltr'><strong>haee</strong></span> <span class='ocrx_word' id='word_1_96' title='bbox 372 1685 433 1750; x_wconf 92' lang='lat' dir='ltr'><strong>tibi</strong></span> <span class='ocrx_word' id='word_1_97' title='bbox 455 1687 588 1754; x_wconf 87' lang='lat' dir='ltr'><strong>Arateis</strong></span> <span class='ocrx_word' id='word_1_98' title='bbox 611 1687 747 1754; x_wconf 91' lang='lat' dir='ltr'><strong>multum</strong></span> <span class='ocrx_word' id='word_1_99' title='bbox 772 1688 910 1774; x_wconf 90' lang='lat' dir='ltr'><strong>uigilata</strong></span> <span class='ocrx_word' id='word_1_100' title='bbox 933 1689 1078 1756; x_wconf 84' lang='lat' dir='ltr'><strong>lucernis&#39;</strong></span> 
     </span>
    </p>
   </div>
   <div class='ocr_carea' id='block_1_3' title="bbox 114 1823 1289 3509">
    <p class='ocr_par' dir='ltr' id='par_1_3' title="bbox 114 1823 1289 3509">
     <span class='ocr_line' id='line_1_14' title="bbox 121 1823 1260 1895; baseline 0.006 -21"><span class='ocrx_word' id='word_1_101' title='bbox 121 1824 206 1874; x_wconf 86' lang='lat' dir='ltr'><strong>hendo</strong></span> <span class='ocrx_word' id='word_1_102' title='bbox 225 1823 377 1874; x_wconf 88' lang='lat' dir='ltr'><strong>inuelucris</strong></span> <span class='ocrx_word' id='word_1_103' title='bbox 395 1823 551 1876; x_wconf 82' lang='lat' dir='ltr'><strong>chartarum</strong></span> <span class='ocrx_word' id='word_1_104' title='bbox 570 1827 788 1893; x_wconf 84' lang='lat' dir='ltr'><strong>segestriumque</strong></span> <span class='ocrx_word' id='word_1_105' title='bbox 808 1827 945 1878; x_wconf 82' lang='lat' dir='ltr'><strong>mercibus</strong></span> <span class='ocrx_word' id='word_1_106' title='bbox 963 1845 1040 1879; x_wconf 90' lang='lat' dir='ltr'><strong>usum</strong></span> <span class='ocrx_word' id='word_1_107' title='bbox 1054 1831 1178 1895; x_wconf 89' lang='lat' dir='ltr'><strong>praebet,</strong></span> <span class='ocrx_word' id='word_1_108' title='bbox 1198 1831 1260 1881; x_wconf 90' lang='lat' dir='ltr'><strong>ideo</strong></span> 
     </span>
     <span class='ocr_line' id='line_1_15' title="bbox 121 1892 1261 1962; baseline 0.006 -21"><span class='ocrx_word' id='word_1_109' title='bbox 121 1909 136 1941; x_wconf 81' lang='lat' dir='ltr'><strong>a</strong></span> <span class='ocrx_word' id='word_1_110' title='bbox 153 1892 355 1942; x_wconf 82' lang='lat' dir='ltr'><strong>mercatoribus</strong></span> <span class='ocrx_word' id='word_1_111' title='bbox 373 1895 578 1958; x_wconf 87' lang='lat' dir='ltr'><strong>cognominata.</strong></span> <span class='ocrx_word' id='word_1_112' title='bbox 614 1900 677 1960; x_wconf 89' lang='lat' dir='ltr'><strong>post</strong></span> <span class='ocrx_word' id='word_1_113' title='bbox 693 1893 765 1944; x_wconf 92' lang='lat' dir='ltr'><strong>hanc</strong></span> <span class='ocrx_word' id='word_1_114' title='bbox 778 1910 911 1959; x_wconf 85' lang='lat' dir='ltr'><strong>papyrum</strong></span> <span class='ocrx_word' id='word_1_115' title='bbox 924 1902 967 1946; x_wconf 89' lang='lat' dir='ltr'><strong>est</strong></span> <span class='ocrx_word' id='word_1_116' title='bbox 985 1903 1187 1962; x_wconf 81' lang='lat' dir='ltr'><strong>extremumque</strong></span> <span class='ocrx_word' id='word_1_117' title='bbox 1201 1901 1261 1948; x_wconf 89' lang='lat' dir='ltr'><strong>cius</strong></span> 
     </span>
     <span class='ocr_line' id='line_1_16' title="bbox 121 1958 1260 2026; baseline 0.007 -18"><span class='ocrx_word' id='word_1_118' title='bbox 121 1963 209 2024; x_wconf 80' lang='lat' dir='ltr'><strong>scirpo</strong></span> <span class='ocrx_word' id='word_1_119' title='bbox 228 1958 327 2019; x_wconf 85' lang='lat' dir='ltr'><strong>simile,</strong></span> <span class='ocrx_word' id='word_1_120' title='bbox 348 1975 381 2010; x_wconf 89' lang='lat' dir='ltr'><strong>ac</strong></span> <span class='ocrx_word' id='word_1_121' title='bbox 400 1975 434 2008; x_wconf 93' lang='lat' dir='ltr'><strong>ne</strong></span> <span class='ocrx_word' id='word_1_122' title='bbox 453 1962 565 2012; x_wconf 79' lang='lat' dir='ltr'><strong>funibus</strong></span> <span class='ocrx_word' id='word_1_123' title='bbox 584 1963 692 2026; x_wconf 91' lang='lat' dir='ltr'><strong>quidem</strong></span> <span class='ocrx_word' id='word_1_124' title='bbox 706 1963 760 2011; x_wconf 84' lang='lat' dir='ltr'><strong>rrisi</strong></span> <span class='ocrx_word' id='word_1_125' title='bbox 774 1963 907 2012; x_wconf 72' lang='lat' dir='ltr'><strong>instruere</strong></span> <span class='ocrx_word' id='word_1_126' title='bbox 926 1964 1003 2014; x_wconf 89' lang='lat' dir='ltr'><strong>utile.</strong></span> <span class='ocrx_word' id='word_1_127' title='bbox 1040 1965 1154 2015; x_wconf 84' lang='lat' dir='ltr'><strong>Texitur</strong></span> <span class='ocrx_word' id='word_1_128' title='bbox 1172 1969 1260 2017; x_wconf 90' lang='lat' dir='ltr'><strong>omnis</strong></span> 
     </span>
     <span class='ocr_line' id='line_1_17' title="bbox 120 2026 1260 2098; baseline 0.005 -22"><span class='ocrx_word' id='word_1_129' title='bbox 120 2027 247 2076; x_wconf 84' lang='lat' dir='ltr'><strong>madente</strong></span> <span class='ocrx_word' id='word_1_130' title='bbox 270 2026 368 2076; x_wconf 85' lang='lat' dir='ltr'><strong>tabula</strong></span> <span class='ocrx_word' id='word_1_131' title='bbox 390 2027 448 2078; x_wconf 83' lang='lat' dir='ltr'><strong>Nili</strong></span> <span class='ocrx_word' id='word_1_132' title='bbox 473 2043 553 2092; x_wconf 86' lang='lat' dir='ltr'><strong>aqna.</strong></span> <span class='ocrx_word' id='word_1_133' title='bbox 595 2030 719 2078; x_wconf 86' lang='lat' dir='ltr'><strong>turbidus</strong></span> <span class='ocrx_word' id='word_1_134' title='bbox 743 2029 831 2093; x_wconf 91' lang='lat' dir='ltr'><strong>liquor</strong></span> <span class='ocrx_word' id='word_1_135' title='bbox 855 2031 909 2078; x_wconf 90' lang='lat' dir='ltr'><strong>nim</strong></span> <span class='ocrx_word' id='word_1_136' title='bbox 932 2031 1048 2096; x_wconf 82' lang='lat' dir='ltr'><strong>glutinis</strong></span> <span class='ocrx_word' id='word_1_137' title='bbox 1070 2033 1195 2098; x_wconf 86' lang='lat' dir='ltr'><strong>praebet.</strong></span> <span class='ocrx_word' id='word_1_138' title='bbox 1231 2035 1260 2082; x_wconf 91' lang='lat' dir='ltr'><strong>in</strong></span> 
     </span>
     <span class='ocr_line' id='line_1_18' title="bbox 120 2095 1259 2165; baseline 0.009 -23"><span class='ocrx_word' id='word_1_139' title='bbox 120 2101 221 2144; x_wconf 88' lang='lat' dir='ltr'><strong>rectum</strong></span> <span class='ocrx_word' id='word_1_140' title='bbox 241 2096 329 2159; x_wconf 89' lang='lat' dir='ltr'><strong>primo</strong></span> <span class='ocrx_word' id='word_1_141' title='bbox 347 2095 448 2160; x_wconf 87' lang='lat' dir='ltr'><strong>supina</strong></span> <span class='ocrx_word' id='word_1_142' title='bbox 466 2096 579 2146; x_wconf 87' lang='lat' dir='ltr'><strong>tabulae</strong></span> <span class='ocrx_word' id='word_1_143' title='bbox 598 2097 700 2146; x_wconf 88' lang='lat' dir='ltr'><strong>scheda</strong></span> <span class='ocrx_word' id='word_1_144' title='bbox 720 2096 852 2146; x_wconf 85' lang='lat' dir='ltr'><strong>adlinitur</strong></span> <span class='ocrx_word' id='word_1_145' title='bbox 869 2097 1042 2162; x_wconf 84' lang='lat' dir='ltr'><strong>longitudine</strong></span> <span class='ocrx_word' id='word_1_146' title='bbox 1066 2102 1164 2165; x_wconf 81' lang='lat' dir='ltr'><strong>papyri</strong></span> <span class='ocrx_word' id='word_1_147' title='bbox 1188 2115 1259 2164; x_wconf 84' lang='lat' dir='ltr'><strong>quac</strong></span> 
     </span>
     <span class='ocr_line' id='line_1_19' title="bbox 119 2163 1260 2232; baseline 0.006 -21"><span class='ocrx_word' id='word_1_148' title='bbox 119 2163 205 2226; x_wconf 92' lang='lat' dir='ltr'><strong>potuit</strong></span> <span class='ocrx_word' id='word_1_149' title='bbox 231 2177 293 2211; x_wconf 86' lang='lat' dir='ltr'><strong>esse</strong></span> <span class='ocrx_word' id='word_1_150' title='bbox 317 2163 518 2226; x_wconf 80' lang='lat' dir='ltr'><strong>resegminibus</strong></span> <span class='ocrx_word' id='word_1_151' title='bbox 542 2165 676 2228; x_wconf 87' lang='lat' dir='ltr'><strong>utrimque</strong></span> <span class='ocrx_word' id='word_1_152' title='bbox 702 2166 866 2228; x_wconf 88' lang='lat' dir='ltr'><strong>amputatis,</strong></span> <span class='ocrx_word' id='word_1_153' title='bbox 897 2171 1022 2216; x_wconf 85' lang='lat' dir='ltr'><strong>trauerss</strong></span> <span class='ocrx_word' id='word_1_154' title='bbox 1046 2173 1144 2232; x_wconf 88' lang='lat' dir='ltr'><strong>postca</strong></span> <span class='ocrx_word' id='word_1_155' title='bbox 1167 2173 1260 2218; x_wconf 82' lang='lat' dir='ltr'><strong>crates</strong></span> 
     </span>
     <span class='ocr_line' id='line_1_20' title="bbox 119 2229 1260 2298; baseline 0.004 -18"><span class='ocrx_word' id='word_1_156' title='bbox 119 2230 236 2294; x_wconf 88' lang='lat' dir='ltr'><strong>peragit.</strong></span> <span class='ocrx_word' id='word_1_157' title='bbox 272 2229 405 2293; x_wconf 91' lang='lat' dir='ltr'><strong>premitur</strong></span> <span class='ocrx_word' id='word_1_158' title='bbox 422 2230 522 2280; x_wconf 91' lang='lat' dir='ltr'><strong>deinde</strong></span> <span class='ocrx_word' id='word_1_159' title='bbox 541 2230 651 2295; x_wconf 84' lang='lat' dir='ltr'><strong>praelis,</strong></span> <span class='ocrx_word' id='word_1_160' title='bbox 672 2235 700 2280; x_wconf 91' lang='lat' dir='ltr'><strong>ct</strong></span> <span class='ocrx_word' id='word_1_161' title='bbox 719 2232 860 2282; x_wconf 86' lang='lat' dir='ltr'><strong>siccantur</strong></span> <span class='ocrx_word' id='word_1_162' title='bbox 872 2233 928 2282; x_wconf 89' lang='lat' dir='ltr'><strong>sole</strong></span> <span class='ocrx_word' id='word_1_163' title='bbox 942 2233 1071 2298; x_wconf 85' lang='lat' dir='ltr'><strong>plagnlnc</strong></span> <span class='ocrx_word' id='word_1_164' title='bbox 1091 2240 1173 2298; x_wconf 88' lang='lat' dir='ltr'><strong>atque</strong></span> <span class='ocrx_word' id='word_1_165' title='bbox 1186 2237 1260 2284; x_wconf 88' lang='lat' dir='ltr'><strong>inter</strong></span> 
     </span>
     <span class='ocr_line' id='line_1_21' title="bbox 118 2299 1258 2364; baseline 0.004 -17"><span class='ocrx_word' id='word_1_166' title='bbox 118 2313 144 2347; x_wconf 83' lang='lat' dir='ltr'><strong>re</strong></span> <span class='ocrx_word' id='word_1_167' title='bbox 168 2302 322 2361; x_wconf 87' lang='lat' dir='ltr'><strong>iunguntur</strong></span> <span class='ocrx_word' id='word_1_168' title='bbox 344 2313 535 2362; x_wconf 81' lang='lat' dir='ltr'><strong>proxumarum</strong></span> <span class='ocrx_word' id='word_1_169' title='bbox 554 2313 662 2364; x_wconf 89' lang='lat' dir='ltr'><strong>semper</strong></span> <span class='ocrx_word' id='word_1_170' title='bbox 680 2299 814 2348; x_wconf 84' lang='lat' dir='ltr'><strong>bonitatis</strong></span> <span class='ocrx_word' id='word_1_171' title='bbox 833 2299 1019 2350; x_wconf 86' lang='lat' dir='ltr'><strong>deminutione</strong></span> <span class='ocrx_word' id='word_1_172' title='bbox 1039 2301 1074 2350; x_wconf 91' lang='lat' dir='ltr'><strong>ad</strong></span> <span class='ocrx_word' id='word_1_173' title='bbox 1087 2302 1258 2352; x_wconf 87' lang='lat' dir='ltr'><strong>deterrimas.</strong></span> 
     </span>
     <span class='ocr_line' id='line_1_22' title="bbox 117 2362 1258 2430; baseline 0.004 -16"><span class='ocrx_word' id='word_1_174' title='bbox 117 2379 263 2430; x_wconf 83' lang='lat' dir='ltr'><strong>numquam</strong></span> <span class='ocrx_word' id='word_1_175' title='bbox 281 2362 374 2428; x_wconf 86' lang='lat' dir='ltr'><strong>plures</strong></span> <span class='ocrx_word' id='word_1_176' title='bbox 392 2380 477 2430; x_wconf 88' lang='lat' dir='ltr'><strong>scapo</strong></span> <span class='ocrx_word' id='word_1_177' title='bbox 497 2381 577 2430; x_wconf 87' lang='lat' dir='ltr'><strong>quarn</strong></span> <span class='ocrx_word' id='word_1_178' title='bbox 596 2367 723 2415; x_wconf 88' lang='lat' dir='ltr'><strong>uicenac.</strong></span> <span class='ocrx_word' id='word_1_179' title='bbox 758 2367 862 2430; x_wconf 84' lang='lat' dir='ltr'><strong>Magna</strong></span> <span class='ocrx_word' id='word_1_180' title='bbox 880 2369 908 2417; x_wconf 92' lang='lat' dir='ltr'><strong>in</strong></span> <span class='ocrx_word' id='word_1_181' title='bbox 927 2367 1074 2418; x_wconf 90' lang='lat' dir='ltr'><strong>latitudine</strong></span> <span class='ocrx_word' id='word_1_182' title='bbox 1094 2384 1187 2418; x_wconf 87' lang='lat' dir='ltr'><strong>earum</strong></span> <span class='ocrx_word' id='word_1_183' title='bbox 1206 2371 1258 2420; x_wconf 84' lang='lat' dir='ltr'><strong>dis-</strong></span> 
     </span>
     <span class='ocr_line' id='line_1_23' title="bbox 117 2431 1258 2501; baseline 0.004 -20"><span class='ocrx_word' id='word_1_184' title='bbox 117 2433 250 2482; x_wconf 85' lang='lat' dir='ltr'><strong>ferentia:</strong></span> <span class='ocrx_word' id='word_1_185' title='bbox 268 2431 337 2480; x_wconf 86' lang='lat' dir='ltr'><strong>xl11</strong></span> <span class='ocrx_word' id='word_1_186' title='bbox 353 2431 502 2501; x_wconf 76' lang='lat' dir='ltr'><strong>digitorum</strong></span> <span class='ocrx_word' id='word_1_187' title='bbox 522 2434 647 2498; x_wconf 83' lang='lat' dir='ltr'><strong>optumis,</strong></span> <span class='ocrx_word' id='word_1_188' title='bbox 668 2433 720 2483; x_wconf 94' lang='lat' dir='ltr'><strong>duo</strong></span> <span class='ocrx_word' id='word_1_189' title='bbox 734 2433 916 2484; x_wconf 89' lang='lat' dir='ltr'><strong>detrahuntur</strong></span> <span class='ocrx_word' id='word_1_190' title='bbox 928 2435 1091 2498; x_wconf 84' lang='lat' dir='ltr'><strong>hieraticae,</strong></span> <span class='ocrx_word' id='word_1_191' title='bbox 1110 2437 1258 2486; x_wconf 86' lang='lat' dir='ltr'><strong>Fanniana</strong></span> 
     </span>
     <span class='ocr_line' id='line_1_24' title="bbox 116 2499 1258 2566; baseline 0.005 -18"><span class='ocrx_word' id='word_1_192' title='bbox 116 2499 198 2549; x_wconf 89' lang='lat' dir='ltr'><strong>denos</strong></span> <span class='ocrx_word' id='word_1_193' title='bbox 208 2499 306 2560; x_wconf 85' lang='lat' dir='ltr'><strong>babet,</strong></span> <span class='ocrx_word' id='word_1_194' title='bbox 325 2503 353 2548; x_wconf 90' lang='lat' dir='ltr'><strong>et</strong></span> <span class='ocrx_word' id='word_1_195' title='bbox 365 2514 419 2549; x_wconf 90' lang='lat' dir='ltr'><strong>uuo</strong></span> <span class='ocrx_word' id='word_1_196' title='bbox 430 2501 518 2550; x_wconf 91' lang='lat' dir='ltr'><strong>minus</strong></span> <span class='ocrx_word' id='word_1_197' title='bbox 531 2500 796 2566; x_wconf 86' lang='lat' dir='ltr'><strong>amphitheatritica,</strong></span> <span class='ocrx_word' id='word_1_198' title='bbox 816 2503 961 2566; x_wconf 88' lang='lat' dir='ltr'><strong>pauciores</strong></span> <span class='ocrx_word' id='word_1_199' title='bbox 974 2503 1081 2552; x_wconf 78' lang='lat' dir='ltr'><strong>Saitica</strong></span> <span class='ocrx_word' id='word_1_200' title='bbox 1093 2519 1145 2554; x_wconf 91' lang='lat' dir='ltr'><strong>uec</strong></span> <span class='ocrx_word' id='word_1_201' title='bbox 1159 2505 1258 2554; x_wconf 85' lang='lat' dir='ltr'><strong>malleo</strong></span> 
     </span>
     <span class='ocr_line' id='line_1_25' title="bbox 115 2567 1258 2636; baseline 0.004 -19"><span class='ocrx_word' id='word_1_202' title='bbox 115 2567 231 2628; x_wconf 79' lang='lat' dir='ltr'><strong>sufficit3</strong></span> <span class='ocrx_word' id='word_1_203' title='bbox 256 2581 320 2615; x_wconf 87' lang='lat' dir='ltr'><strong>nam</strong></span> <span class='ocrx_word' id='word_1_204' title='bbox 344 2567 523 2632; x_wconf 84' lang='lat' dir='ltr'><strong>emporiticae</strong></span> <span class='ocrx_word' id='word_1_205' title='bbox 543 2569 666 2617; x_wconf 85' lang='lat' dir='ltr'><strong>breuitas</strong></span> <span class='ocrx_word' id='word_1_206' title='bbox 690 2584 737 2618; x_wconf 81' lang='lat' dir='ltr'><strong>sex</strong></span> <span class='ocrx_word' id='word_1_207' title='bbox 762 2569 863 2634; x_wconf 85' lang='lat' dir='ltr'><strong>digitos</strong></span> <span class='ocrx_word' id='word_1_208' title='bbox 885 2585 939 2618; x_wconf 92' lang='lat' dir='ltr'><strong>nen</strong></span> <span class='ocrx_word' id='word_1_209' title='bbox 958 2569 1075 2620; x_wconf 87' lang='lat' dir='ltr'><strong>excedit.</strong></span> <span class='ocrx_word' id='word_1_210' title='bbox 1111 2578 1258 2636; x_wconf 86' lang='lat' dir='ltr'><strong>praeterea</strong></span> 
     </span>
     <span class='ocr_line' id='line_1_26' title="bbox 116 2631 1259 2699; baseline 0.004 -15"><span class='ocrx_word' id='word_1_211' title='bbox 116 2639 258 2699; x_wconf 85' lang='lat' dir='ltr'><strong>spectatur</strong></span> <span class='ocrx_word' id='word_1_212' title='bbox 276 2633 305 2682; x_wconf 90' lang='lat' dir='ltr'><strong>in</strong></span> <span class='ocrx_word' id='word_1_213' title='bbox 324 2633 428 2683; x_wconf 87' lang='lat' dir='ltr'><strong>chartis</strong></span> <span class='ocrx_word' id='word_1_214' title='bbox 446 2631 569 2684; x_wconf 89' lang='lat' dir='ltr'><strong>t&#39;cnuitas</strong></span> <span class='ocrx_word' id='word_1_215' title='bbox 588 2636 712 2684; x_wconf 88' lang='lat' dir='ltr'><strong>densitas</strong></span> <span class='ocrx_word' id='word_1_216' title='bbox 731 2635 833 2686; x_wconf 89' lang='lat' dir='ltr'><strong>candor</strong></span> <span class='ocrx_word' id='word_1_217' title='bbox 851 2636 936 2686; x_wconf 89' lang='lat' dir='ltr'><strong>lenor.</strong></span> <span class='ocrx_word' id='word_1_218' title='bbox 972 2638 1122 2687; x_wconf 84' lang='lat' dir='ltr'><strong>Primatum</strong></span> <span class='ocrx_word' id='word_1_219' title='bbox 1141 2641 1259 2689; x_wconf 87' lang='lat' dir='ltr'><strong>mutauit</strong></span> 
     </span>
     <span class='ocr_line' id='line_1_27' title="bbox 115 2701 1258 2768; baseline 0.005 -18"><span class='ocrx_word' id='word_1_220' title='bbox 115 2701 247 2751; x_wconf 80' lang='lat' dir='ltr'><strong>Claudius</strong></span> <span class='ocrx_word' id='word_1_221' title='bbox 271 2701 390 2762; x_wconf 73' lang='lat' dir='ltr'><strong>Caesar,</strong></span> <span class='ocrx_word' id='word_1_222' title='bbox 421 2703 507 2752; x_wconf 77' lang='lat' dir='ltr'><strong>nimia</strong></span> <span class='ocrx_word' id='word_1_223' title='bbox 531 2705 632 2768; x_wconf 89' lang='lat' dir='ltr'><strong>quippe</strong></span> <span class='ocrx_word' id='word_1_224' title='bbox 655 2703 797 2766; x_wconf 84' lang='lat' dir='ltr'><strong>Augustae</strong></span> <span class='ocrx_word' id='word_1_225' title='bbox 819 2705 942 2753; x_wconf 86' lang='lat' dir='ltr'><strong>tenuitas</strong></span> <span class='ocrx_word' id='word_1_226' title='bbox 960 2705 1111 2754; x_wconf 85' lang='lat' dir='ltr'><strong>tolerandis</strong></span> <span class='ocrx_word' id='word_1_227' title='bbox 1130 2722 1184 2759; x_wconf 86' lang='lat' dir='ltr'><strong>nen</strong></span> <span class='ocrx_word' id='word_1_228' title='bbox 1202 2707 1258 2757; x_wconf 82' lang='lat' dir='ltr'><strong>suf-</strong></span> 
     </span>
     <span class='ocr_line' id='line_1_28' title="bbox 116 2768 1258 2828; baseline 0.005 -10"><span class='ocrx_word' id='word_1_229' title='bbox 116 2769 228 2819; x_wconf 88' lang='lat' dir='ltr'><strong>lieiebat</strong></span> <span class='ocrx_word' id='word_1_230' title='bbox 253 2768 384 2828; x_wconf 79' lang='lat' dir='ltr'><strong>calamis3</strong></span> <span class='ocrx_word' id='word_1_231' title='bbox 409 2769 443 2818; x_wconf 87' lang='lat' dir='ltr'><strong>ad</strong></span> <span class='ocrx_word' id='word_1_232' title='bbox 466 2769 517 2819; x_wconf 91' lang='lat' dir='ltr'><strong>hoe</strong></span> <span class='ocrx_word' id='word_1_233' title='bbox 541 2771 698 2819; x_wconf 84' lang='lat' dir='ltr'><strong>tramittens</strong></span> <span class='ocrx_word' id='word_1_234' title='bbox 726 2770 823 2819; x_wconf 87' lang='lat' dir='ltr'><strong>literas</strong></span> <span class='ocrx_word' id='word_1_235' title='bbox 852 2772 952 2821; x_wconf 85' lang='lat' dir='ltr'><strong>liturae</strong></span> <span class='ocrx_word' id='word_1_236' title='bbox 980 2778 1081 2822; x_wconf 88' lang='lat' dir='ltr'><strong>metum</strong></span> <span class='ocrx_word' id='word_1_237' title='bbox 1111 2773 1258 2824; x_wconf 85' lang='lat' dir='ltr'><strong>adferebat</strong></span> 
     </span>
     <span class='ocr_line' id='line_1_29' title="bbox 116 2836 1258 2909; baseline 0.005 -24"><span class='ocrx_word' id='word_1_238' title='bbox 116 2853 147 2886; x_wconf 83' lang='lat' dir='ltr'><strong>er</strong></span> <span class='ocrx_word' id='word_1_239' title='bbox 166 2836 283 2890; x_wconf 86' lang='lat' dir='ltr'><strong>auersis,</strong></span> <span class='ocrx_word' id='word_1_240' title='bbox 302 2841 330 2884; x_wconf 90' lang='lat' dir='ltr'><strong>et</strong></span> <span class='ocrx_word' id='word_1_241' title='bbox 349 2837 421 2885; x_wconf 88' lang='lat' dir='ltr'><strong>alias</strong></span> <span class='ocrx_word' id='word_1_242' title='bbox 440 2837 569 2902; x_wconf 85' lang='lat' dir='ltr'><strong>indecoro</strong></span> <span class='ocrx_word' id='word_1_243' title='bbox 588 2839 651 2886; x_wconf 89' lang='lat' dir='ltr'><strong>uisu</strong></span> <span class='ocrx_word' id='word_1_244' title='bbox 669 2837 865 2903; x_wconf 87' lang='lat' dir='ltr'><strong>pertralucida.</strong></span> <span class='ocrx_word' id='word_1_245' title='bbox 902 2840 987 2904; x_wconf 90' lang='lat' dir='ltr'><strong>igitur</strong></span> <span class='ocrx_word' id='word_1_246' title='bbox 1010 2856 1025 2888; x_wconf 91' lang='lat' dir='ltr'><strong>e</strong></span> <span class='ocrx_word' id='word_1_247' title='bbox 1044 2841 1164 2891; x_wconf 89' lang='lat' dir='ltr'><strong>secundo</strong></span> <span class='ocrx_word' id='word_1_248' title='bbox 1184 2843 1258 2909; x_wconf 84' lang='lat' dir='ltr'><strong>corio</strong></span> 
     </span>
     <span class='ocr_line' id='line_1_30' title="bbox 114 2904 1258 2972; baseline 0.004 -19"><span class='ocrx_word' id='word_1_249' title='bbox 114 2905 266 2954; x_wconf 80' lang='lat' dir='ltr'><strong>statumina</strong></span> <span class='ocrx_word' id='word_1_250' title='bbox 284 2904 362 2952; x_wconf 84' lang='lat' dir='ltr'><strong>laeta</strong></span> <span class='ocrx_word' id='word_1_251' title='bbox 381 2911 443 2954; x_wconf 91' lang='lat' dir='ltr'><strong>sunt</strong></span> <span class='ocrx_word' id='word_1_252' title='bbox 462 2909 490 2952; x_wconf 90' lang='lat' dir='ltr'><strong>et</strong></span> <span class='ocrx_word' id='word_1_253' title='bbox 507 2906 594 2968; x_wconf 89' lang='lat' dir='ltr'><strong>primo</strong></span> <span class='ocrx_word' id='word_1_254' title='bbox 613 2905 778 2964; x_wconf 73' lang='lat' dir='ltr'><strong>subtemina.</strong></span> <span class='ocrx_word' id='word_1_255' title='bbox 815 2907 892 2954; x_wconf 80' lang='lat' dir='ltr'><strong>auxit</strong></span> <span class='ocrx_word' id='word_1_256' title='bbox 911 2913 938 2955; x_wconf 93' lang='lat' dir='ltr'><strong>et</strong></span> <span class='ocrx_word' id='word_1_257' title='bbox 956 2907 1144 2970; x_wconf 86' lang='lat' dir='ltr'><strong>latitudinem,</strong></span> <span class='ocrx_word' id='word_1_258' title='bbox 1163 2909 1258 2972; x_wconf 83' lang='lat' dir='ltr'><strong>pedali</strong></span> 
     </span>
     <span class='ocr_line' id='line_1_31' title="bbox 115 2970 1257 3038; baseline 0.005 -18"><span class='ocrx_word' id='word_1_259' title='bbox 115 2987 251 3021; x_wconf 87' lang='lat' dir='ltr'><strong>mensura.</strong></span> <span class='ocrx_word' id='word_1_260' title='bbox 290 2977 350 3019; x_wconf 87' lang='lat' dir='ltr'><strong>crat</strong></span> <span class='ocrx_word' id='word_1_261' title='bbox 370 2976 398 3020; x_wconf 91' lang='lat' dir='ltr'><strong>et</strong></span> <span class='ocrx_word' id='word_1_262' title='bbox 416 2970 548 3020; x_wconf 86' lang='lat' dir='ltr'><strong>cubitalis</strong></span> <span class='ocrx_word' id='word_1_263' title='bbox 566 2972 755 3032; x_wconf 71' lang='lat' dir='ltr'><strong>maurocenis,</strong></span> <span class='ocrx_word' id='word_1_264' title='bbox 780 2973 830 3022; x_wconf 91' lang='lat' dir='ltr'><strong>scd</strong></span> <span class='ocrx_word' id='word_1_265' title='bbox 857 2975 929 3023; x_wconf 89' lang='lat' dir='ltr'><strong>ratio</strong></span> <span class='ocrx_word' id='word_1_266' title='bbox 952 2974 1135 3038; x_wconf 88' lang='lat' dir='ltr'><strong>deprehendit</strong></span> <span class='ocrx_word' id='word_1_267' title='bbox 1159 2977 1257 3026; x_wconf 89' lang='lat' dir='ltr'><strong>uitium</strong></span> 
     </span>
     <span class='ocr_line' id='line_1_32' title="bbox 114 3037 1257 3107; baseline 0.006 -20"><span class='ocrx_word' id='word_1_268' title='bbox 114 3041 192 3088; x_wconf 86' lang='lat' dir='ltr'><strong>unius</strong></span> <span class='ocrx_word' id='word_1_269' title='bbox 214 3037 318 3088; x_wconf 84' lang='lat' dir='ltr'><strong>scidae</strong></span> <span class='ocrx_word' id='word_1_270' title='bbox 330 3037 484 3088; x_wconf 89' lang='lat' dir='ltr'><strong>reuolsioue</strong></span> <span class='ocrx_word' id='word_1_271' title='bbox 502 3039 589 3104; x_wconf 88' lang='lat' dir='ltr'><strong>pluris</strong></span> <span class='ocrx_word' id='word_1_272' title='bbox 608 3041 759 3089; x_wconf 77' lang='lat' dir='ltr'><strong>infestante</strong></span> <span class='ocrx_word' id='word_1_273' title='bbox 778 3041 906 3105; x_wconf 83' lang='lat' dir='ltr'><strong>paginas.</strong></span> <span class='ocrx_word' id='word_1_274' title='bbox 942 3041 975 3091; x_wconf 91' lang='lat' dir='ltr'><strong>ob</strong></span> <span class='ocrx_word' id='word_1_275' title='bbox 994 3041 1065 3092; x_wconf 90' lang='lat' dir='ltr'><strong>haec</strong></span> <span class='ocrx_word' id='word_1_276' title='bbox 1084 3058 1117 3091; x_wconf 85' lang='lat' dir='ltr'><strong>ex</strong></span> <span class='ocrx_word' id='word_1_277' title='bbox 1130 3043 1257 3107; x_wconf 84' lang='lat' dir='ltr'><strong>praelata</strong></span> 
     </span>
     <span class='ocr_line' id='line_1_33' title="bbox 115 3104 1257 3172; baseline 0.005 -17"><span class='ocrx_word' id='word_1_278' title='bbox 115 3107 238 3156; x_wconf 89' lang='lat' dir='ltr'><strong>omnibus</strong></span> <span class='ocrx_word' id='word_1_279' title='bbox 264 3104 397 3168; x_wconf 83' lang='lat' dir='ltr'><strong>Claudia,</strong></span> <span class='ocrx_word' id='word_1_280' title='bbox 424 3107 567 3171; x_wconf 78' lang='lat' dir='ltr'><strong>Augustae</strong></span> <span class='ocrx_word' id='word_1_281' title='bbox 596 3107 624 3156; x_wconf 91' lang='lat' dir='ltr'><strong>in</strong></span> <span class='ocrx_word' id='word_1_282' title='bbox 654 3107 779 3172; x_wconf 88' lang='lat' dir='ltr'><strong>epistulis</strong></span> <span class='ocrx_word' id='word_1_283' title='bbox 804 3109 958 3158; x_wconf 86' lang='lat' dir='ltr'><strong>auctoritas</strong></span> <span class='ocrx_word' id='word_1_284' title='bbox 987 3109 1095 3159; x_wconf 89' lang='lat' dir='ltr'><strong>relicta.</strong></span> <span class='ocrx_word' id='word_1_285' title='bbox 1136 3111 1257 3161; x_wconf 79' lang='lat' dir='ltr'><strong>Liuiano</strong></span> 
     </span>
     <span class='ocr_line' id='line_1_34' title="bbox 114 3173 1289 3242; baseline 0.003 -20"><span class='ocrx_word' id='word_1_286' title='bbox 114 3189 189 3224; x_wconf 86' lang='lat' dir='ltr'><strong>suam</strong></span> <span class='ocrx_word' id='word_1_287' title='bbox 208 3174 308 3225; x_wconf 85' lang='lat' dir='ltr'><strong>tenuit.</strong></span> <span class='ocrx_word' id='word_1_288' title='bbox 328 3174 373 3222; x_wconf 90' lang='lat' dir='ltr'><strong>cni</strong></span> <span class='ocrx_word' id='word_1_289' title='bbox 391 3173 460 3222; x_wconf 91' lang='lat' dir='ltr'><strong>nihil</strong></span> <span class='ocrx_word' id='word_1_290' title='bbox 479 3189 493 3223; x_wconf 91' lang='lat' dir='ltr'><strong>e</strong></span> <span class='ocrx_word' id='word_1_291' title='bbox 512 3176 600 3238; x_wconf 86' lang='lat' dir='ltr'><strong>prima</strong></span> <span class='ocrx_word' id='word_1_292' title='bbox 618 3179 679 3224; x_wconf 89' lang='lat' dir='ltr'><strong>erat</strong></span> <span class='ocrx_word' id='word_1_293' title='bbox 696 3175 745 3224; x_wconf 88' lang='lat' dir='ltr'><strong>sed</strong></span> <span class='ocrx_word' id='word_1_294' title='bbox 763 3176 855 3226; x_wconf 89' lang='lat' dir='ltr'><strong>omnia</strong></span> <span class='ocrx_word' id='word_1_295' title='bbox 875 3191 889 3224; x_wconf 91' lang='lat' dir='ltr'><strong>e</strong></span> <span class='ocrx_word' id='word_1_296' title='bbox 907 3175 1048 3226; x_wconf 68' lang='lat' dir='ltr'><strong>sectanda)</strong></span> <span class='ocrx_word' id='word_1_297' title='bbox 1069 3193 1092 3227; x_wconf 88' lang='lat' dir='ltr'><strong>e.</strong></span> <span class='ocrx_word' id='word_1_298' title='bbox 1112 3193 1137 3242; x_wconf 94' lang='lat' dir='ltr'><strong>q.</strong></span> <span class='ocrx_word' id='word_1_299' title='bbox 1156 3193 1179 3228; x_wconf 88' lang='lat' dir='ltr'><strong>s.</strong></span> <span class='ocrx_word' id='word_1_300' title='bbox 1285 3220 1289 3226; x_wconf 90' lang='lat'><strong>.</strong></span> 
     </span>
     <span class='ocr_line' id='line_1_35' title="bbox 199 3238 1257 3307; baseline 0.005 -16"><span class='ocrx_word' id='word_1_301' title='bbox 199 3238 271 3292; x_wconf 67' lang='lat' dir='ltr'><strong>llll*</strong></span> <span class='ocrx_word' id='word_1_302' title='bbox 293 3240 415 3290; x_wconf 83' lang='lat' dir='ltr'><strong>Isidorus</strong></span> <span class='ocrx_word' id='word_1_303' title='bbox 439 3243 527 3307; x_wconf 83' lang='lat' dir='ltr'><strong>origg.</strong></span> <span class='ocrx_word' id='word_1_304' title='bbox 547 3243 584 3292; x_wconf 82' lang='lat' dir='ltr'><strong>VI</strong></span> <span class='ocrx_word' id='word_1_305' title='bbox 609 3241 655 3291; x_wconf 78' lang='lat'><strong>12:</strong></span> <span class='ocrx_word' id='word_1_306' title='bbox 679 3243 737 3291; x_wconf 80' lang='lat' dir='ltr'><strong>‘De</strong></span> <span class='ocrx_word' id='word_1_307' title='bbox 761 3243 840 3292; x_wconf 89' lang='lat' dir='ltr'><strong>libris</strong></span> <span class='ocrx_word' id='word_1_308' title='bbox 859 3243 1047 3294; x_wconf 84' lang='lat' dir='ltr'><strong>conficiendis.</strong></span> <span class='ocrx_word' id='word_1_309' title='bbox 1084 3245 1257 3306; x_wconf 77' lang='lat' dir='ltr'><strong>Quaedam</strong></span> 
     </span>
     <span class='ocr_line' id='line_1_36' title="bbox 115 3308 1256 3383; baseline 0.006 -27"><span class='ocrx_word' id='word_1_310' title='bbox 115 3325 241 3368; x_wconf 84' lang='lat' dir='ltr'><strong>genera</strong></span> <span class='ocrx_word' id='word_1_311' title='bbox 260 3308 426 3358; x_wconf 89' lang='lat' dir='ltr'><strong>librorum</strong></span> <span class='ocrx_word' id='word_1_312' title='bbox 446 3309 518 3374; x_wconf 85' lang='lat' dir='ltr'><strong>apud</strong></span> <span class='ocrx_word' id='word_1_313' title='bbox 536 3309 656 3374; x_wconf 86' lang='lat' dir='ltr'><strong>gentiles</strong></span> <span class='ocrx_word' id='word_1_314' title='bbox 675 3311 781 3359; x_wconf 87' lang='lat' dir='ltr'><strong>certis</strong></span> <span class='ocrx_word' id='word_1_315' title='bbox 871 3310 1093 3375; x_wconf 72' lang='lat' dir='ltr'><strong>exprolitum‘l&#39;</strong></span> <span class='ocrx_word' id='word_1_316' title='bbox 1114 3311 1175 3383; x_wconf 31' lang='lat'>¹13:</span> <span class='ocrx_word' id='word_1_317' title='bbox 1201 3315 1256 3362; x_wconf 88' lang='lat' dir='ltr'><strong>‘De</strong></span> 
     </span>
     <span class='ocr_line' id='line_1_37' title="bbox 114 3375 1255 3444; baseline 0.004 -20"><span class='ocrx_word' id='word_1_318' title='bbox 114 3375 241 3426; x_wconf 89' lang='lat' dir='ltr'><strong>librorum</strong></span> <span class='ocrx_word' id='word_1_319' title='bbox 266 3375 420 3425; x_wconf 84' lang='lat' dir='ltr'><strong>uocabulis.</strong></span> <span class='ocrx_word' id='word_1_320' title='bbox 461 3375 575 3426; x_wconf 81' lang='lat' dir='ltr'><strong>Codex</strong></span> <span class='ocrx_word' id='word_1_321' title='bbox 593 3376 841 3427; x_wconf 86' lang='lat' dir='ltr'><strong>multorum...</strong></span> <span class='ocrx_word' id='word_1_322' title='bbox 866 3379 993 3438; x_wconf 90' lang='lat' dir='ltr'><strong>dictus,</strong></span> <span class='ocrx_word' id='word_1_323' title='bbox 1018 3380 1092 3428; x_wconf 87' lang='lat' dir='ltr'><strong>sicut</strong></span> <span class='ocrx_word' id='word_1_324' title='bbox 1110 3380 1182 3444; x_wconf 88' lang='lat' dir='ltr'><strong>apud</strong></span> <span class='ocrx_word' id='word_1_325' title='bbox 1200 3380 1255 3429; x_wconf 90' lang='lat' dir='ltr'><strong>Hc·</strong></span> 
     </span>
     <span class='ocr_line' id='line_1_38' title="bbox 114 3442 1256 3509; baseline 0.007 -21"><span class='ocrx_word' id='word_1_326' title='bbox 114 3443 212 3494; x_wconf 73' lang='lat' dir='ltr'><strong>bracos</strong></span> <span class='ocrx_word' id='word_1_327' title='bbox 235 3442 378 3492; x_wconf 86' lang='lat' dir='ltr'><strong>uolumina</strong></span> <span class='ocrx_word' id='word_1_328' title='bbox 403 3443 487 3508; x_wconf 88' lang='lat' dir='ltr'><strong>legis,</strong></span> <span class='ocrx_word' id='word_1_329' title='bbox 514 3443 654 3494; x_wconf 87' lang='lat' dir='ltr'><strong>uolumina</strong></span> <span class='ocrx_word' id='word_1_330' title='bbox 679 3444 880 3509; x_wconf 90' lang='lat' dir='ltr'><strong>prophetarum.</strong></span> <span class='ocrx_word' id='word_1_331' title='bbox 921 3445 1013 3495; x_wconf 89' lang='lat' dir='ltr'><strong>liber</strong></span> <span class='ocrx_word' id='word_1_332' title='bbox 1037 3451 1089 3494; x_wconf 88' lang='lat' dir='ltr'><strong>est</strong></span> <span class='ocrx_word' id='word_1_333' title='bbox 1107 3447 1256 3496; x_wconf 87' lang='lat' dir='ltr'><strong>interior</strong></span> 
     </span>
    </p>
   </div>
   <div class='ocr_carea' id='block_1_4' title="bbox 113 3593 1257 3765">
    <p class='ocr_par' dir='ltr' id='par_1_4' title="bbox 113 3593 1257 3765">
     <span class='ocr_line' id='line_1_39' title="bbox 199 3593 1257 3682; baseline 0 -24"><span class='ocrx_word' id='word_1_334' title='bbox 199 3609 211 3658; x_wconf 90' lang='lat' dir='ltr'><strong>l</strong></span> <span class='ocrx_word' id='word_1_335' title='bbox 228 3597 378 3674; x_wconf 78' lang='lat' dir='ltr'><strong>Carysteo</strong></span> <span class='ocrx_word' id='word_1_336' title='bbox 390 3601 544 3655; x_wconf 79' lang='lat' dir='ltr'><strong>Arcesius:</strong></span> <span class='ocrx_word' id='word_1_337' title='bbox 561 3597 751 3656; x_wconf 84' lang='lat' dir='ltr'><strong>enelraristeo</strong></span> <span class='ocrx_word' id='word_1_338' title='bbox 765 3599 879 3656; x_wconf 83' lang='lat' dir='ltr'><strong>Monac.</strong></span> <span class='ocrx_word' id='word_1_339' title='bbox 893 3601 977 3682; x_wconf 68' lang='lat' dir='ltr'><strong>erclen</strong></span> <span class='ocrx_word' id='word_1_340' title='bbox 991 3593 1004 3679; x_wconf 96' lang='grc'><strong>11</strong></span> <span class='ocrx_word' id='word_1_341' title='bbox 1021 3606 1037 3658; x_wconf 75' lang='lat'><strong>2</strong></span> <span class='ocrx_word' id='word_1_342' title='bbox 1051 3598 1257 3676; x_wconf 82' lang='lat' dir='ltr'><strong>fulgoreGu.2</strong></span> 
     </span>
     <span class='ocr_line' id='line_1_40' title="bbox 113 3677 1256 3765; baseline 0.002 -25"><span class='ocrx_word' id='word_1_343' title='bbox 113 3746 116 3760; x_wconf 35' lang='lat'>¹</span> <span class='ocrx_word' id='word_1_344' title='bbox 137 3681 262 3740; x_wconf 89' lang='lat' dir='ltr'><strong>hebetet</strong></span> <span class='ocrx_word' id='word_1_345' title='bbox 275 3691 308 3739; x_wconf 85' lang='lat' dir='ltr'><strong>at</strong></span> <span class='ocrx_word' id='word_1_346' title='bbox 322 3686 441 3756; x_wconf 78' lang='lat' dir='ltr'><strong>scripsi:</strong></span> <span class='ocrx_word' id='word_1_347' title='bbox 475 3681 644 3741; x_wconf 77' lang='lat' dir='ltr'><strong>hebetatas</strong></span> <span class='ocrx_word' id='word_1_348' title='bbox 660 3685 728 3740; x_wconf 80' lang='lat' dir='ltr'><strong>libri</strong></span> <span class='ocrx_word' id='word_1_349' title='bbox 741 3677 866 3741; x_wconf 85' lang='lat' dir='ltr'><strong>hebetet</strong></span> <span class='ocrx_word' id='word_1_350' title='bbox 884 3691 914 3740; x_wconf 91' lang='lat' dir='ltr'><strong>et</strong></span> <span class='ocrx_word' id='word_1_351' title='bbox 929 3687 1070 3743; x_wconf 77' lang='lat' dir='ltr'><strong>Arrenius</strong></span> <span class='ocrx_word' id='word_1_352' title='bbox 1085 3677 1098 3765; x_wconf 96' lang='grc'><strong>11</strong></span> <span class='ocrx_word' id='word_1_353' title='bbox 1114 3683 1256 3762; x_wconf 82' lang='lat' dir='ltr'><strong>Carystei</strong></span> 
     </span>
    </p>
   </div>
   <div class='ocr_carea' id='block_1_5' title="bbox 226 3761 345 3802">
    <p class='ocr_par' dir='ltr' id='par_1_5' title="bbox 226 3761 345 3802">
     <span class='ocr_line' id='line_1_41' title="bbox 226 3761 345 3802; baseline -0.042 -2"><span class='ocrx_word' id='word_1_354' title='bbox 226 3761 345 3802; x_wconf 61' lang='lat' dir='ltr'><strong>crustarius}</strong></span> 
     </span>
    </p>
   </div>
   <div class='ocr_carea' id='block_1_6' title="bbox 114 3812 1255 3936">
    <p class='ocr_par' dir='ltr' id='par_1_6' title="bbox 114 3812 1255 3936">
     <span class='ocr_line' id='line_1_42' title="bbox 114 3812 1255 3898; baseline 0.002 -24"><span class='ocrx_word' id='word_1_355' title='bbox 114 3821 190 3876; x_wconf 79' lang='lat' dir='ltr'><strong>Otto:</strong></span> <span class='ocrx_word' id='word_1_356' title='bbox 221 3817 327 3875; x_wconf 83' lang='lat' dir='ltr'><strong>cariati</strong></span> <span class='ocrx_word' id='word_1_357' title='bbox 349 3819 458 3874; x_wconf 81' lang='lat' dir='ltr'><strong>Monac.</strong></span> <span class='ocrx_word' id='word_1_358' title='bbox 475 3817 658 3876; x_wconf 89' lang='lat' dir='ltr'><strong>eucharistie</strong></span> <span class='ocrx_word' id='word_1_359' title='bbox 680 3820 767 3876; x_wconf 77' lang='lat' dir='ltr'><strong>Gra!</strong></span> <span class='ocrx_word' id='word_1_360' title='bbox 790 3812 804 3898; x_wconf 93' lang='grc'><strong>11</strong></span> <span class='ocrx_word' id='word_1_361' title='bbox 823 3818 1086 3880; x_wconf 86' lang='lat' dir='ltr'><strong>3nummnlarium</strong></span> <span class='ocrx_word' id='word_1_362' title='bbox 1105 3819 1220 3876; x_wconf 86' lang='lat' dir='ltr'><strong>Monac.</strong></span> <span class='ocrx_word' id='word_1_363' title='bbox 1241 3813 1255 3896; x_wconf 95' lang='grc'><strong>11</strong></span> 
     </span>
     <span class='ocr_line' id='line_1_43' title="bbox 153 3910 166 3936; baseline 0 0"><span class='ocrx_word' id='word_1_364' title='bbox 153 3910 166 3936; x_wconf 69' lang='lat' dir='ltr'>l</span> 
     </span>
    </p>
   </div>
   <div class='ocr_carea' id='block_1_7' title="bbox 112 3935 1256 4126">
    <p class='ocr_par' dir='ltr' id='par_1_7' title="bbox 112 3935 1256 4126">
     <span class='ocr_line' id='line_1_44' title="bbox 112 3935 1254 4033; baseline 0.002 -24"><span class='ocrx_word' id='word_1_365' title='bbox 112 3953 214 4010; x_wconf 82' lang='lat' dir='ltr'><strong>formis</strong></span> <span class='ocrx_word' id='word_1_366' title='bbox 229 3953 343 4019; x_wconf 79' lang='lat' dir='ltr'><strong>Monac.</strong></span> <span class='ocrx_word' id='word_1_367' title='bbox 360 3947 374 4033; x_wconf 96' lang='grc'><strong>11</strong></span> <span class='ocrx_word' id='word_1_368' title='bbox 389 3953 419 4009; x_wconf 83' lang='grc' dir='ltr'><strong>ἰιι</strong></span> <span class='ocrx_word' id='word_1_369' title='bbox 433 3953 555 4014; x_wconf 83' lang='lat' dir='ltr'><strong>mirteos</strong></span> <span class='ocrx_word' id='word_1_370' title='bbox 571 3953 683 4012; x_wconf 82' lang='lat' dir='ltr'><strong>Monac.</strong></span> <span class='ocrx_word' id='word_1_371' title='bbox 699 3955 752 4010; x_wconf 80' lang='lat' dir='ltr'><strong>Ga.</strong></span> <span class='ocrx_word' id='word_1_372' title='bbox 768 3953 826 4010; x_wconf 88' lang='lat' dir='ltr'><strong>lin</strong></span> <span class='ocrx_word' id='word_1_373' title='bbox 838 3963 970 4012; x_wconf 89' lang='lat' dir='ltr'><strong>musteos</strong></span> <span class='ocrx_word' id='word_1_374' title='bbox 989 3957 1041 4012; x_wconf 84' lang='lat' dir='ltr'><strong>Gn.</strong></span> <span class='ocrx_word' id='word_1_375' title='bbox 1059 3953 1126 4022; x_wconf 84' lang='lat' dir='ltr'><strong>2(in</strong></span> <span class='ocrx_word' id='word_1_376' title='bbox 1140 3971 1194 4027; x_wconf 68' lang='grc' dir='ltr'><strong>περ.</strong></span> <span class='ocrx_word' id='word_1_377' title='bbox 1214 3935 1254 4011; x_wconf 87' lang='lat' dir='ltr'><strong>al.</strong></span> 
     </span>
     <span class='ocr_line' id='line_1_45' title="bbox 112 4033 1256 4126; baseline 0.003 -34"><span class='ocrx_word' id='word_1_378' title='bbox 112 4037 261 4114; x_wconf 75' lang='lat' dir='ltr'><strong>mirricos)</strong></span> <span class='ocrx_word' id='word_1_379' title='bbox 278 4033 294 4117; x_wconf 90' lang='grc'><strong>11</strong></span> <span class='ocrx_word' id='word_1_380' title='bbox 306 4045 324 4097; x_wconf 70' lang='lat' dir='ltr'><strong>t</strong></span> <span class='ocrx_word' id='word_1_381' title='bbox 336 4035 504 4126; x_wconf 74' lang='lat' dir='ltr'><strong>sculptores</strong></span> <span class='ocrx_word' id='word_1_382' title='bbox 520 4039 588 4094; x_wconf 83' lang='lat' dir='ltr'><strong>libri</strong></span> <span class='ocrx_word' id='word_1_383' title='bbox 609 4033 623 4116; x_wconf 94' lang='grc'><strong>11</strong></span> <span class='ocrx_word' id='word_1_384' title='bbox 644 4047 660 4100; x_wconf 88' lang='grc'>6</span> <span class='ocrx_word' id='word_1_385' title='bbox 679 4047 759 4094; x_wconf 89' lang='lat' dir='ltr'><strong>ut—</strong></span> <span class='ocrx_word' id='word_1_386' title='bbox 772 4045 912 4095; x_wconf 89' lang='lat' dir='ltr'><strong>recreent</strong></span> <span class='ocrx_word' id='word_1_387' title='bbox 930 4057 984 4097; x_wconf 89' lang='lat' dir='ltr'><strong>om.</strong></span> <span class='ocrx_word' id='word_1_388' title='bbox 1005 4042 1041 4095; x_wconf 85' lang='lat' dir='ltr'><strong>nl.</strong></span> <span class='ocrx_word' id='word_1_389' title='bbox 1066 4033 1078 4116; x_wconf 88' lang='grc'><strong>11</strong></span> <span class='ocrx_word' id='word_1_390' title='bbox 1099 4044 1115 4099; x_wconf 85' lang='grc'><strong>7</strong></span> <span class='ocrx_word' id='word_1_391' title='bbox 1134 4038 1256 4096; x_wconf 89' lang='lat' dir='ltr'><strong>nomina</strong></span> 
     </span>
    </p>
   </div>
   <div class='ocr_carea' id='block_1_8' title="bbox 111 4157 1255 4528">
    <p class='ocr_par' dir='ltr' id='par_1_8' title="bbox 111 4157 1255 4528">
     <span class='ocr_line' id='line_1_46' title="bbox 112 4157 1255 4253; baseline 0.001 -23"><span class='ocrx_word' id='word_1_392' title='bbox 112 4177 164 4230; x_wconf 83' lang='lat' dir='ltr'><strong>Gn.</strong></span> <span class='ocrx_word' id='word_1_393' title='bbox 186 4179 204 4230; x_wconf 84' lang='lat'><em>1</em></span> <span class='ocrx_word' id='word_1_394' title='bbox 224 4157 267 4241; x_wconf 80' lang='lat' dir='ltr'><strong>(ul</strong></span> <span class='ocrx_word' id='word_1_395' title='bbox 283 4175 406 4246; x_wconf 78' lang='lat' dir='ltr'><strong>uidetur)</strong></span> <span class='ocrx_word' id='word_1_396' title='bbox 427 4166 441 4252; x_wconf 95' lang='grc'><strong>11</strong></span> <span class='ocrx_word' id='word_1_397' title='bbox 462 4170 633 4231; x_wconf 77' lang='lat' dir='ltr'><strong>Sbreviere</strong></span> <span class='ocrx_word' id='word_1_398' title='bbox 652 4175 704 4230; x_wconf 87' lang='lat' dir='ltr'><strong>Ga.</strong></span> <span class='ocrx_word' id='word_1_399' title='bbox 725 4178 747 4229; x_wconf 85' lang='lat'><strong>1.</strong></span> <span class='ocrx_word' id='word_1_400' title='bbox 768 4181 786 4231; x_wconf 85' lang='lat'><em>2</em></span> <span class='ocrx_word' id='word_1_401' title='bbox 804 4173 846 4243; x_wconf 86' lang='lat' dir='ltr'><strong>(ut</strong></span> <span class='ocrx_word' id='word_1_402' title='bbox 861 4159 983 4242; x_wconf 81' lang='lat' dir='ltr'><strong>videtur)</strong></span> <span class='ocrx_word' id='word_1_403' title='bbox 999 4167 1013 4253; x_wconf 94' lang='grc'><strong>11</strong></span> <span class='ocrx_word' id='word_1_404' title='bbox 1029 4172 1185 4251; x_wconf 83' lang='lat' dir='ltr'><strong>epistulae</strong></span> <span class='ocrx_word' id='word_1_405' title='bbox 1194 4175 1255 4231; x_wconf 91' lang='lat' dir='ltr'><strong>Mo·</strong></span> 
     </span>
     <span class='ocr_line' id='line_1_47' title="bbox 111 4252 1254 4339; baseline 0.003 -27"><span class='ocrx_word' id='word_1_406' title='bbox 111 4276 173 4314; x_wconf 76' lang='lat' dir='ltr'><strong>aar.</strong></span> <span class='ocrx_word' id='word_1_407' title='bbox 190 4252 204 4339; x_wconf 95' lang='grc'><strong>11</strong></span> <span class='ocrx_word' id='word_1_408' title='bbox 221 4258 335 4316; x_wconf 87' lang='lat' dir='ltr'><strong>maiore</strong></span> <span class='ocrx_word' id='word_1_409' title='bbox 345 4261 398 4316; x_wconf 85' lang='lat' dir='ltr'><strong>Gn.</strong></span> <span class='ocrx_word' id='word_1_410' title='bbox 415 4257 485 4328; x_wconf 69' lang='lat' dir='ltr'><strong>luat</strong></span> <span class='ocrx_word' id='word_1_411' title='bbox 497 4259 618 4330; x_wconf 80' lang='lat' dir='ltr'><strong>videtur)</strong></span> <span class='ocrx_word' id='word_1_412' title='bbox 635 4252 680 4337; x_wconf 85' lang='grc'><strong>119</strong></span> <span class='ocrx_word' id='word_1_413' title='bbox 695 4258 724 4316; x_wconf 93' lang='lat' dir='ltr'><strong>in</strong></span> <span class='ocrx_word' id='word_1_414' title='bbox 737 4257 988 4316; x_wconf 84' lang='lat' dir='ltr'><strong>membranisGu.</strong></span> <span class='ocrx_word' id='word_1_415' title='bbox 1003 4263 1018 4313; x_wconf 84' lang='lat'><em>1</em></span> <span class='ocrx_word' id='word_1_416' title='bbox 1031 4267 1060 4315; x_wconf 89' lang='lat' dir='ltr'><strong>et</strong></span> <span class='ocrx_word' id='word_1_417' title='bbox 1073 4256 1254 4316; x_wconf 85' lang='lat' dir='ltr'><strong>membranis</strong></span> 
     </span>
     <span class='ocr_line' id='line_1_48' title="bbox 112 4335 1253 4423; baseline 0.002 -25"><span class='ocrx_word' id='word_1_418' title='bbox 112 4346 164 4400; x_wconf 83' lang='lat' dir='ltr'><strong>Gn.</strong></span> <span class='ocrx_word' id='word_1_419' title='bbox 182 4349 201 4400; x_wconf 81' lang='lat'><em>2</em></span> <span class='ocrx_word' id='word_1_420' title='bbox 220 4337 234 4422; x_wconf 96' lang='grc'><strong>11</strong></span> <span class='ocrx_word' id='word_1_421' title='bbox 259 4353 292 4405; x_wconf 84' lang='grc'><strong>10</strong></span> <span class='ocrx_word' id='word_1_422' title='bbox 307 4343 467 4401; x_wconf 82' lang='lat' dir='ltr'><strong>oramentis</strong></span> <span class='ocrx_word' id='word_1_423' title='bbox 483 4345 537 4400; x_wconf 87' lang='lat' dir='ltr'><strong>Gu.</strong></span> <span class='ocrx_word' id='word_1_424' title='bbox 558 4349 574 4400; x_wconf 88' lang='lat'><em>2</em></span> <span class='ocrx_word' id='word_1_425' title='bbox 589 4343 747 4401; x_wconf 87' lang='lat' dir='ltr'><strong>momentis</strong></span> <span class='ocrx_word' id='word_1_426' title='bbox 761 4346 813 4402; x_wconf 83' lang='lat' dir='ltr'><strong>Ga.</strong></span> <span class='ocrx_word' id='word_1_427' title='bbox 836 4338 878 4423; x_wconf 84' lang='grc'><strong>111</strong></span> <span class='ocrx_word' id='word_1_428' title='bbox 897 4351 927 4402; x_wconf 70' lang='lat'><strong>{2</strong></span> <span class='ocrx_word' id='word_1_429' title='bbox 938 4342 1031 4400; x_wconf 88' lang='lat' dir='ltr'><strong>aratis</strong></span> <span class='ocrx_word' id='word_1_430' title='bbox 1045 4343 1098 4400; x_wconf 82' lang='lat' dir='ltr'><strong>Gn.</strong></span> <span class='ocrx_word' id='word_1_431' title='bbox 1117 4335 1163 4422; x_wconf 85' lang='grc'><strong>211</strong></span> <span class='ocrx_word' id='word_1_432' title='bbox 1177 4343 1253 4419; x_wconf 87' lang='lat' dir='ltr'><strong>nigi-</strong></span> 
     </span>
     <span class='ocr_line' id='line_1_49' title="bbox 111 4425 639 4528; baseline 0 -44"><span class='ocrx_word' id='word_1_433' title='bbox 111 4425 172 4485; x_wconf 81' lang='lat' dir='ltr'><strong>lsta</strong></span> <span class='ocrx_word' id='word_1_434' title='bbox 187 4429 372 4501; x_wconf 81' lang='lat' dir='ltr'><strong>Stephanus:</strong></span> <span class='ocrx_word' id='word_1_435' title='bbox 397 4425 558 4528; x_wconf 72' lang='lat' dir='ltr'><strong>inuigilatp</strong></span> <span class='ocrx_word' id='word_1_436' title='bbox 572 4428 639 4484; x_wconf 78' lang='lat' dir='ltr'><strong>librr&#39;</strong></span> 
     </span>
    </p>
   </div>
   <div class='ocr_carea' id='block_1_9' title="bbox 0 0 1536 5064">
    <p class='ocr_par' dir='ltr' id='par_1_9' title="bbox 0 0 1536 5064">
     <span class='ocr_line' id='line_1_50' title="bbox 0 0 1536 5064; baseline 0 4"><span class='ocrx_word' id='word_1_437' title='bbox 0 0 1536 5064; x_wconf 95' lang='lat' dir='ltr'><strong> </strong></span> 
     </span>
    </p>
   </div>
  </div>
 </body>
</html>
