3078 5072
616 399 659 454 ne
680 399 797 447 ronrrs
1230 387 1271 452 29

142 553 372 640 contemptioso
401 550 537 634 uestitu,
573 552 606 615 in
640 550 794 618 subsellio
822 527 930 618 iuxta⁰
942 551 1096 618 lectulum
1124 553 1273 620 residens

141 653 275 740 legisse,'
291 663 366 741 post
386 674 507 739 paucos
523 675 602 718 uero
623 675 737 717 uersus
759 655 916 720 inuitatus
939 665 974 720 ut
995 657 1201 723 accumberet
1222 679 1272 721 cc-

140 779 233 822 nasse
254 777 335 836 nna,
356 757 433 820 dein
451 766 558 822 cetera
574 759 813 843 percucurrisse
832 777 896 820 non
915 759 985 822 sine
1005 779 1123 844 magna
1138 759 1273 824 Caecilii

139 861 361 923 admiratione.
404 869 436 924 ct
458 858 542 922 banc
564 867 669 922 autern
696 867 729 921 ct
756 859 898 945 quinque
926 858 1066 946 reliquas
1094 860 1273 948 aequaliter

118 962 258 1048 apopulo
269 960 436 1048 probauit:
460 962 608 1048 quamuis
627 957 792 1024 Volcatius
810 964 843 1026 in
859 945 1116 1028 dinumeratione
1130 965 1271 1026 omnium

139 1065 186 1128 ita
205 1061 344 1126 scribat:

291 1163 424 1228 Simitur
443 1163 574 1228 Hecura
596 1171 689 1228 sexta
712 1163 876 1229 exclusast
897 1164 1018 1229 sabula.

138 1265 319 1330 Eunuchus
350 1266 482 1354 quidem
521 1266 571 1330 bis
607 1267 760 1352 deinceps
794 1273 867 1330 acta
903 1276 952 1331 est
985 1269 1165 1354 meruitque
1201 1289 1272 1356 pre-

137 1369 220 1432 tium
246 1377 401 1454 quantum
428 1369 519 1432 nulla
545 1379 643 1432 antea
667 1369 853 1456 cuiusquam
874 1369 1056 1452 comoedia,
1087 1379 1160 1435 octo
1183 1369 1274 1434 milia

105 1492 317 1534 reonmmnm.
359 1479 531 1558 propterea
552 1492 677 1534 summa
702 1492 829 1558 quoque
851 1471 945 1537 titulo
970 1471 1153 1536 ascribitur.
1197 1496 1220 1568 a·
1257 1499 1271 1536 r

138 1599 1271 1638 t***********

223 1695 237 1743 'i
257 1695 383 1744 Donatus
402 1693 534 1758 epimetro
546 1695 621 1746 vitae
640 1695 703 1744 Ter.
722 1709 747 1744 v.
769 1692 812 1742 ll:
849 1694 968 1760 ‘Hecyra
981 1677 1064 1762 saepe
1083 1696 1207 1758 exclusa,
1226 1697 1273 1746 uix

137 1769 205 1812 acta
224 1761 285 1812 est!
311 1761 385 1812 Idem
404 1763 492 1827 prael.
510 1761 580 1812 Hcc.
599 1779 625 1830 p.
645 1761 693 1814 337
712 1762 873 1812 Lindenbr.:
895 1763 986 1828 ‘saepe
1010 1763 1121 1814 exclusa
1140 1765 1208 1814 haec
1227 1781 1272 1814 cc·

138 1829 267 1883 moedis!
286 1829 363 1880 Adde
382 1845 476 1880 comm.
496 1829 525 1878 in
537 1829 606 1881 Hac.
625 1831 728 1897 prolog.
747 1831 770 1892 1,
789 1829 814 1879 l.
833 1830 867 1892 11,
887 1829 912 1882 3.
930 1831 954 1880 7.
977 1830 1014 1881 13.
1033 1831 1074 1882 ⁶20.
1093 1831 1134 1882 29.

223 1913 240 1962 8
257 1915 383 1964 Donatus
402 1916 489 1979 prael.
510 1916 578 1965 Eun.
598 1933 623 1980 p.
641 1913 687 1964 oo:
724 1915 803 1965 ‘acta
822 1921 864 1964 est
881 1921 958 1966 tauto
976 1927 1106 1967 successu
1124 1933 1157 1966 ac
1175 1916 1272 1982 plausu

138 1992 223 2048 atque
241 1982 386 2048 arrffragio,
411 1988 556 2034 ntmusus
584 1990 658 2034 esset
675 1985 789 2034 uendite
808 1989 835 2032 et
854 1991 983 2050 ageretur
1006 1986 1103 2034 itemm
1123 2001 1171 2050 pro
1189 2000 1270 2046 noua,

137 2067 241 2116 proquo
261 2067 294 2100 ea
313 2053 443 2115 pretinm,
464 2053 534 2116 quod
552 2051 620 2102 nulli
639 2057 703 2101 ante
721 2053 809 2117 ipsam
828 2052 938 2102 subulae
958 2053 1089 2118 contigit,
1115 2058 1177 2102 octo
1195 2052 1272 2102 milia

137 2122 297 2170 sestertium
310 2127 485 2169 numerarent
497 2119 616 2184 poetac.'
636 2121 712 2170 Idem
725 2121 856 2185 opimetro
875 2120 950 2170 ritae
969 2120 1031 2170 Tor.
1051 2136 1076 2171 v.
1093 2119 1141 2182 10:
1161 2121 1271 2186 ‘lungun

137 2201 270 2237 successu
288 2192 317 2236 et
334 2189 423 2251 pretio
441 2189 519 2238 stetit
537 2188 686 2238 Eunuchus
704 2187 818 2238 fabula!

225 2355 238 2405 1
256 2341 444 2402 contentiore
460 2345 536 2402 Bt'l)
557 2338 570 2424 ΙΙ
593 2342 624 2401 iir
645 2346 827 2403 Rttselrelr'us.
843 2363 897 2401 om.
911 2345 978 2402 libri
993 2337 1007 2424 ll
1027 2342 1137 2402 lectum
1150 2347 1178 2401 F
1198 2337 1211 2425 ΙΙ
1226 2361 1272 2402 re-

138 2463 225 2524 diens
243 2466 270 2521 B
285 2457 299 2544 ΙΙ
314 2469 329 2522 2
344 2480 539 2542 ueropaucos
553 2467 575 2522 G
591 2457 604 2545 {l
620 2483 724 2522 uersus
740 2463 870 2521 imitatus
886 2465 921 2521 D.
938 2481 1042 2520 uersus
1060 2501 1069 2520 .
1085 2503 1094 2522 .
1112 2501 1121 2520 .
1138 2501 1148 2520 .
1171 2501 1180 2520 .
1198 2442 1270 2539 inbi-

138 2551 216 2608 tauit
238 2555 261 2606 Α
282 2567 346 2606 cam
369 2551 493 2622 prataque
513 2552 629 2606 circiter
652 2552 812 2606 litterarum
836 2551 955 2606 lacero:
986 2557 1017 2605 ut
1032 2547 1069 2606 ab
1085 2548 1138 2606 illo
1157 2552 1271 2606 interri-

137 2641 213 2692 dr'sse
227 2637 354 2692 conicias
369 2629 382 2714 ll
393 2653 450 2705 pro
466 2632 657 2694 accumberet
671 2638 804 2692 lacunam
820 2633 845 2689 D
859 2627 873 2715 ll
887 2643 904 2696 3
919 2631 988 2690 dein
1003 2636 1036 2691 A.
1058 2631 1168 2692 deinde
1185 2622 1274 2691 ceteri

138 2738 147 2802 p
165 2718 391 2800 percucurrisse
413 2726 453 2784 A„
468 2719 652 2798 procurrisse
672 2723 707 2778 D.
727 2719 911 2798 percurrisse
931 2723 1019 2776 ceteri
1031 2712 1046 2800 ΙΙ
1062 2717 1187 2778 Caecilii
1207 2721 1272 2774 item

138 2817 169 2864 nt
184 2815 270 2862 antea
283 2824 318 2878 p.
335 2809 383 2876 26,
398 2811 422 2862 t.
441 2805 533 2863 caerii
549 2809 581 2862 Α.
600 2806 688 2864 cerrii
701 2808 737 2863 B.
756 2805 829 2863 cerii
839 2793 947 2863 'CEFZ
968 2807 1048 2866 cerei
1061 2805 1098 2862 Ι).
1116 2823 1217 2863 eorum
1232 2805 1254 2862 G

138 2887 210 2970 tet]
223 2909 261 2948 ex
273 2893 297 2948 G
313 2882 326 2970 Ι]
341 2886 452 2969 autem]
465 2889 579 2948 utinam
592 2891 614 2948 0
625 2884 639 2972 ΙΙ
655 2899 686 2950 et
700 2911 754 2950 om.
769 2893 791 2948 G
807 2885 820 2968 ll
836 2890 954 2968 qu'qu
969 2885 982 2970 ll
998 2891 1073 2949 alias
1084 2888 1217 2969 reliquas
1232 2889 1257 2945 Ι)

138 2976 291 3056 equaliter
307 2975 366 3032 BZ.
383 2995 435 3032 om.
453 2967 508 3056 Dll
523 2987 538 3037 ὁ
553 2973 721 3054 probanti)
740 2969 755 3058 ll
769 2974 928 3050 ⁴Volcatius
950 2975 980 3031 Z.
1003 2975 1153 3034 uulcatius
1174 2979 1272 3046 ceteri,

138 3066 196 3120 mss·
209 3064 286 3135 qnod
299 3059 432 3120 ualerios
449 3061 471 3117 G
488 3055 501 3140 ll
516 3061 547 3118 in
565 3059 802 3120 dinumeratione
819 3061 989 3133 Sedopenus.
1009 3060 1046 3120 de
1065 3061 1273 3119 numeratione

139 3153 172 3206 A„
202 3145 239 3216 de
264 3137 418 3206 enfficdne
451 3147 486 3204 Β.
513 3145 551 3204 de
584 3147 809 3205 enumeratione
838 3149 933 3204 ceteri.
962 3145 999 3205 de
1030 3146 1272 3206 remuneratione

140 3235 332 3290 Mommseaus
351 3223 366 3312 ΙΙ
387 3231 518 3288 omnium
548 3233 640 3303 Aer,
664 3233 704 3290 St.
725 3251 777 3290 om.
803 3232 909 3289 BCEZ.
932 3249 1053 3308 operum
1079 3233 1200 3289 Botdius
1221 3225 1273 3310 116

140 3315 254 3376 scribat
274 3321 340 3388 AD,
367 3317 407 3375 St.
433 3313 537 3374 scribit
552 3321 641 3374 ceteri
659 3311 672 3396 ll
692 3323 706 3378 7
724 3316 847 3377 Simitur
863 3317 1040 3374 Bitsclretr’us.
1064 3325 1196 3376 sumetur
1212 3317 1272 3386 AF,

140 3405 181 3462 St.
198 3413 367 3464 sumeretur
385 3403 469 3460 ΕΟΖ.
486 3400 626 3460 submet'⁰
646 3405 684 3458 B.
706 3397 858 3461 subruetur
877 3403 912 3459 Ι).
937 3399 1087 3460 submcret
1107 3395 1162 3482 ΕΗ
1179 3400 1202 3458 b
1219 3418 1273 3458 ura

140 3491 176 3546 B.
203 3487 306 3562 hecira
326 3495 359 3546 Α.
380 3487 418 3546 he
440 3505 514 3566 cyra
530 3489 565 3548 D.
583 3506 697 3568 ascyra
713 3491 750 3546 E.
772 3487 874 3547 echirs
890 3489 924 3546 F.
942 3485 1064 3546 bechira
1081 3490 1112 3544 G.
1131 3487 1235 3565 Ecyra
1251 3487 1275 3542 Z

138 3573 148 3656 Ι
166 3578 321 3636 exclusust
335 3577 406 3632 duce
418 3575 529 3632 Donato
548 3574 729 3632 Bitscdetr‘us.
748 3592 785 3632 ex
796 3573 844 3650 bis
861 3575 940 3644 libri,
959 3571 1023 3629 o'nte
1038 3573 1164 3650 Hecyra
1178 3573 1273 3628 conlo-

139 3673 206 3720 cato
224 3683 242 3720 o
270 3663 381 3719 Botdio.
410 3679 448 3718 ex
473 3657 557 3718 hisce
585 3661 697 3718 Hortus
716 3652 729 3738 ΙΙ
755 3668 773 3721 fl
801 3677 934 3716 eunucus
965 3659 1021 3715 CI).
1045 3656 1188 3716 Enuclms
1219 3649 1272 3734 le

140 3743 312 3828 deiluceps]
329 3748 508 3804 Ritselrelr'us.
526 3744 575 3804 die
590 3745 753 3802 ABCDFG.
770 3763 824 3801 om.
839 3745 895 3800 ΕΖ.
917 3741 954 3800 de
976 3738 1115 3822 i[utegro]
1136 3743 1194 3814 suit
1208 3759 1272 3799 eum

135 3839 268 3909 placeret
281 3827 296 3914 ll
309 3825 449 3911 preciis
463 3825 477 3910 ll
491 3839 508 3892 9
524 3829 625 3906 antea]
649 3827 710 3888 alia
733 3831 808 3886 ΗΕΖ
820 3823 834 3910 Η
850 3830 994 3906 cuiusque
1015 3829 1092 3884 Anu
1106 3821 1124 3908 ll
1137 3825 1273 3884 comedia

139 3921 242 3978 ΑΒΜ)
262 3913 276 4000 ΙΙ
291 3925 360 3976 octo
379 3919 558 3976 Bitscdelr'us.
578 3911 650 3968 νιΙΙΙΙΙ
671 3919 705 3973 Β.
721 3909 777 3973 lde
792 3923 859 3972 octo
875 3918 907 3972 A.
927 3913 1020 3970 idest
1043 3921 1108 3970 octo
1128 3914 1183 3979 (orl
1205 3915 1271 3984 tut)

139 4009 207 4076 ult,
228 4005 269 4062 St.
280 4001 426 4062 uidelicet
443 4010 512 4062 octo
529 4005 587 4060 EZ.
603 4014 626 4054 L.
639 4013 685 4054 vu!
703 3995 750 4082 Cll
765 4000 847 4058 milia
867 4019 988 4058 numum
1002 3999 1061 4055 ΕΖ.
1084 3997 1165 4056 milia
1190 4015 1272 4053 num-

139 4111 254 4150 morum
268 4091 323 4146 AF
334 4097 378 4158 et,
401 4092 457 4146 nisi
471 4090 547 4163 quod
563 4106 735 4158 numerum,
753 4089 785 4145 G.
802 4084 883 4142 milia
898 4103 1051 4142 nnmerum
1067 4083 1101 4139 D.
1117 4099 1272 4139 numerum

137 4195 295 4237 nnmerum
310 4177 347 4231 B.
362 4193 517 4234 numerum
531 4177 553 4234 C
567 4169 580 4256 ll
596 4187 629 4239 lo
644 4191 759 4232 summa
773 4190 894 4250 quoque
906 4173 997 4240 Aur,
1015 4169 1055 4225 St.
1072 4187 1184 4226 summo
1198 4185 1271 4245 quo·

137 4283 200 4344 qne
225 4263 337 4318 BEGZ.
360 4279 535 4340 summoque
558 4261 579 4318 C
604 4256 617 4342 ll
642 4255 817 4318 asscribitur
832 4259 867 4313 B.
883 4255 1022 4314 scribitur
1045 4255 1070 4310 Ι)
1090 4247 1104 4335 Η
1127 4255 1272 4310 Laeuium

136 4353 262 4424 morit
285 4349 412 4419 Wolfius.
441 4351 617 4405 intercidisse
639 4348 769 4404 videatur
789 4346 886 4416 quatro
905 4345 940 4399 de
960 4337 1069 4398 sabulis
1091 4337 1128 4398 ab
1146 4337 1272 4416 Apollo·

137 4433 214 4496 doro
230 4449 261 4494 ct
275 4431 444 4494 Menandro
456 4433 609 4494 translatis
622 4433 752 4490 Donatus
769 4431 894 4502 prodidit
908 4432 938 4484 in
952 4429 1088 4500 epimetro
1104 4427 1186 4483 laios
1201 4428 1273 4481 oilae
