3138 5100
501 335 529 374 r.
546 333 732 376 arrscnuuu
751 309 1003 376 councursarvs
1243 313 1305 376 529

116 541 126 558 ,
164 469 260 546 ment.
286 484 325 544 de
340 483 444 563 Valgii
459 484 528 544 Ruti
548 449 697 564 poematis
719 506 747 565 p.
775 494 823 548 158
842 505 908 567 sqq.
932 483 970 543 ad
988 482 1021 543 (l.
1038 484 1181 561 Valgium
1194 484 1307 544 Rufum

170 597 291 668 poetam
315 586 505 667 eundemque
532 587 684 646 rhetorem
712 596 742 647 et
768 589 995 670 grammaticum
1025 586 1197 646 memoriam
1223 585 1307 646 illam

170 707 289 748 omnem
305 689 473 764 referebat,
496 691 539 749 ita
550 677 677 770 'quidem
698 699 731 749 ut
751 691 782 748 in
796 691 873 748 Arte
893 689 1046 748 rhetorica
1061 688 1180 766 Valgii,
1202 709 1263 768 qua
1280 689 1307 746 is

170 790 351 870 Apollodori
369 791 550 868 Pergameni
576 793 783 872 praeceptoris
801 787 914 868 Τέχνην
938 791 1033 850 latine
1056 791 1210 850 enarravit
1229 798 1307 848 teste

162 893 377 970 erinetiliano
399 905 446 966 111,
465 905 493 964 1,
514 903 560 966 te,
579 913 663 952 suam
679 893 816 954 versibus
832 893 892 954 illis
907 893 1010 954 sedem
1032 893 1126 952 luisse
1143 893 1307 965 coniceret,

169 993 234 1054 sire
247 997 292 1054 cis
308 993 345 1053 ab
361 996 425 1074 ipso
437 995 546 1072 Valgio
559 994 649 1054 factis
660 997 725 1054 sive
742 995 780 1055 ab
797 998 966 1076 antiquiore
981 1004 1072 1076 poeta
1087 995 1189 1074 aliquo
1206 1014 1303 1073 sump·

169 1097 223 1155 tis:
244 1095 326 1155 haud
348 1095 439 1156 dubie
462 1097 541 1156 enim
562 1097 642 1156 ultra
666 1097 768 1157 aridos
789 1099 925 1176 magistri
950 1097 1179 1158 commentarios
1196 1095 1305 1155 libera·
1388 1165 1392 1176 ι

169 1197 227 1256 lius
252 1200 454 1279 exspatiatum
477 1199 571 1259 multa
593 1199 630 1258 de
654 1219 708 1260 suo
737 1198 893 1260 addidisse
921 1197 1110 1279 discipulum.
1154 1201 1195 1258 Et
1215 1198 1307 1258 talem

170 1297 292 1381 quidem
308 1300 511 1361 coniecturam
531 1310 651 1388 poterat
664 1300 716 1360 ille
733 1302 864 1362 fortasse
881 1302 941 1362 alia
963 1302 1138 1360 coniectura
1153 1300 1307 1381 aliquanto

170 1401 279 1462 saltem
294 1403 531 1483 probabiliorem
555 1403 701 1463 reddere:
723 1404 782 1463 nisi
804 1405 883 1463 enim
901 1403 981 1464 fallit
998 1405 1113 1490 opinio,
1137 1425 1197 1464 non
1217 1422 1309 1482 prosa

170 1507 306 1564 oratione
322 1505 459 1582 Valgius,
477 1505 532 1565 sed
548 1503 700 1566 didactico
719 1506 851 1566 carmine
867 1525 1009 1584 graecam
1023 1505 1128 1566 Artem
1146 1512 1307 1565 exsecutus

171 1616 225 1666 est.
271 1607 340 1666 Non
360 1606 468 1666 desunt
486 1617 567 1666 certe
586 1609 716 1685 vestigia
729 1629 920 1668 numerorum
935 1609 1045 1688 partim
1060 1609 1222 1668 manifesta
1239 1626 1307 1687 par·

170 1711 224 1768 tim
243 1729 303 1768 non
328 1709 500 1788 spernenda
519 1711 549 1768 in
573 1709 634 1770 illis
659 1728 737 1791 quae
761 1729 798 1770 ex
813 1711 924 1796 Valgii
941 1712 1191 1790 interpretatione
1212 1707 1308 1767 latina

171 1811 395 1890 Quinctilianus
412 1825 506 1892 capt
524 1810 543 1888 ξ
568 1819 597 1876 17
614 1814 780 1891 excerpsit:
804 1817 952 1872 ‘caussam
967 1813 1033 1872 finit
1042 1811 1258 1893 Apollodorus,
1276 1819 1309 1869 ut

171 1915 420 1994 interpretatione
442 1914 531 1992 Valgi
555 1913 696 1994 discipuli
721 1915 785 1974 eius
803 1924 886 1988 utar,
908 1917 965 1974 ita:
992 1933 1092 1974 cerussa
1115 1923 1156 1973 est
1174 1917 1309 1988 negotium

170 2021 294 2074 omuibus
309 2022 367 2076 suis
377 2019 507 2091 partibus
522 2027 651 2091 spectans
667 2021 705 2074 ud
714 2024 906 2092 quaestionem,
922 2026 974 2078 aut
993 2035 1094 2076 corrasa
1110 2025 1151 2074 est
1164 2020 1308 2091 arpellum,

170 2124 248 2178 cuius
262 2123 327 2192 fiais
341 2128 382 2176 cst
395 2123 592 2177 controuersia.
615 2118 711 2198 ipsum
732 2119 842 2178 deinde
859 2120 1012 2198 negotium
1024 2121 1068 2178 sic
1080 2118 1160 2176 tinitr
1177 2121 1309 2191 negotium

107 2291 110 2300 ⁴
170 2227 211 2280 est
226 2225 399 2295 corrqreqatio
411 2239 612 2296 personarum,
636 2225 770 2288 locorum,
785 2233 944 2295 temporum,
959 2237 1137 2290 recessurum,
1157 2221 1310 2292 modorum,

170 2342 292 2394 cestrum,
306 2324 455 2397 factorum,
475 2327 725 2392 instrumentorum,
742 2341 907 2394 sermonum,
924 2331 1089 2398 scriptorum
1106 2331 1132 2380 et
1144 2341 1198 2380 uon
1215 2325 1309 2395 scrip·

171 2425 280 2484 torum.‘
300 2425 442 2502 Integros
458 2423 496 2483 ab
512 2423 598 2483 initio
615 2425 752 2484 senarios
768 2424 854 2484 nrrlla
872 2423 975 2486 littera
992 2431 1108 2483 nmtata
1122 2423 1177 2482 hos
1195 2421 1308 2482 habes:

373 2531 479 2588 Caussa
495 2528 683 2602 carnecorium
699 2529 821 2586 omuibus
834 2533 892 2585 suis
902 2527 1032 2603 partibus
1114 2508 1120 2520 ⁹
1198 2557 1203 2567 ·

373 2630 509 2705 Spectcius
523 2633 562 2688 ud
573 2631 757 2704 quaestidnem
774 2650 827 2688 -ι
1106 2606 1113 2620 ⁸

171 2734 243 2794 item
374 2735 527 2808 Negotium,
543 2737 620 2790 mlius
632 2733 705 2808 siais
718 2731 911 2792 controuersia
928 2739 974 2790 est.

171 2835 238 2896 Nec
254 2837 351 2896 minus
369 2834 517 2894 commodi
538 2855 554 2895 e
571 2835 715 2926 preximis
733 2834 899 2915 prodeunt,
922 2831 1052 2894 simodo
1072 2831 1310 2910 Quinctilianum

173 2939 361 2998 concesseris
379 2938 544 3018 praeterire
563 2939 715 3017 potuisse,
737 2957 816 3018 quae
841 2955 901 2996 non
916 2933 1092 2995 necessaria
1112 2933 1152 2994 ad
1166 2934 1227 2992 vim
1243 2953 1309 2992 sen·

171 3044 285 3101 tentiae
300 3041 350 3102 vel
365 3040 495 3100 numeris
511 3047 627 3100 tantum
642 3037 848 3100 sustentandis
866 3038 915 3100 rel
931 3035 1102 3097 nectendas
1120 3035 1247 3096 orationi
1265 3037 1309 3094 in-

172 3146 335 3204 servirent:

374 3247 516 3322 Nequitiam
534 3253 635 3304 autem
651 3243 803 3325 quaedam
818 3241 993 3317 conprepdtr'o

373 3349 414 3408 Et
428 3349 616 3422 personarum
631 3356 671 3405 est
689 3345 721 3404 dt
734 3349 856 3404 locorum
872 3345 907 3403 'et
921 3345 1074 3417 temporum

375 3451 606 3530 Cuussu'rumque
623 3457 654 3508 et
668 3450 825 3518 modo'rum,
839 3463 929 3524 porro
946 3445 1078 3515 cultuum,

375 3555 540 3618 Factorum,
558 3545 815 3619 instrumentum,
831 3550 988 3605 sermonum
1004 3563 1142 3626 quoque,

376 3657 550 3734 Scriptorum
567 3663 592 3712 et
606 3673 659 3710 aon
675 3653 853 3727 scriptdrum.

173 3759 287 3820 Verum
303 3757 361 3816 hoe
380 3755 502 3836 quidem
517 3774 706 3834 quocumque
727 3751 816 3812 modo
841 3769 876 3811 se
895 3749 1004 3820 habet,
1027 3745 1104 3806 illud
1119 3765 1200 3804 nunc
1218 3763 1311 3825 quae·

173 3860 300 3920 rendum
315 3869 425 3932 restat,
450 3857 523 3940 quid
545 3859 609 3918 fieri
628 3855 698 3914 libri
721 3853 822 3914 indice
843 3856 994 3911 tructione
1012 3850 1153 3926 Vngerus
1171 3846 1310 3907 voluerit.

174 3963 222 4023 De
237 3983 297 4042 quo
314 3962 366 4021 ille
387 3963 430 4020 sie
446 3962 658 4020 ratiocinatur:
682 3965 797 4017 certum
818 3955 915 4014 fuisse
933 3953 1032 4012 locum
1054 3951 1127 4010 artis
1143 3949 1314 4042 rhetoricae

175 4087 232 4146 quo
249 4065 287 4124 de
306 4085 343 4125 ea
360 4065 455 4142 ligura
476 4071 618 4142 ageretur
631 4081 711 4141 quae
728 4057 846 4119 Latinis
868 4065 915 4116 est
930 4053 1119 4123 ‘translatio',
1142 4041 1313 4128 μετάστασις

175 4167 318 4230 Graecis:
338 4187 404 4226 eam
419 4165 648 4226 translationem
666 4163 724 4222 alio
741 4160 863 4220 nomine
881 4159 970 4217 etiarn
988 4157 1206 4236 ‘quaestionem
1220 4153 1312 4240 actio·

173 4269 230 4328 nis'
255 4267 329 4328 dici:
357 4269 387 4328 id
410 4259 501 4346 igitur
524 4276 616 4347 caput
638 4266 722 4324 Artis
746 4262 919 4339 Valgianae
944 4258 1045 4338 aliqua
1069 4253 1314 4334 breviloquentia

173 4373 238 4432 sire
256 4371 370 4430 Donati
392 4373 456 4430 sive
478 4373 543 4430 eius
568 4387 660 4450 quem
684 4366 737 4427 ille
762 4375 919 4424 auctorem
941 4369 1064 4420 secutus
1083 4361 1120 4418 sit
1136 4361 1178 4415 ‘iu
1196 4355 1314 4414 actiouc'

226 4483 346 4520 ermom
362 4485 425 4522 art.
1073 4465 1112 4525 34
