3190 5098
680 391 783 436 csrvr
807 395 818 434 1
1260 381 1322 446 419

179 561 260 614 cam,
276 543 405 620 petitum
418 553 464 604 est
475 563 583 604 nomen
599 543 721 604 Tironis
730 553 870 604 notarum
883 547 1030 624 potissimi
1043 551 1175 610 auctoris
1188 527 1321 628 (quipse-

178 662 238 702 mus
249 653 328 702 nome
343 655 538 704 commercatus
549 655 589 704 est
599 645 705 724 fragm.
720 644 788 710 105*Ι
799 667 830 726 p.
840 658 899 720 iss,
914 646 959 724 16)
973 659 1003 708 et
1013 641 1034 708 a
1042 649 1166 712 librario
1179 654 1209 714 in
1221 655 1322 716 indice

179 755 210 806 et
226 747 257 806 in
274 745 417 806 chronico
433 745 473 805 ab
489 747 676 828 Hieronymo
689 767 726 808 ex
743 750 1005 824 commentatione,
1021 771 1112 830 quam
1124 754 1322 835 Tranquillus

179 849 264 928 operi
281 846 318 908 de
335 848 541 908 Romanarum
556 850 725 908 litterarum
742 849 816 910 viris
832 850 1008 912 inlustribus
1028 854 1166 933 epimetri
1182 857 1250 916 loco
1268 857 1322 918 ad·

179 947 257 1008 didit
279 969 401 1029 quaque
423 949 462 1010 de
482 951 676 1010 bibliothecis
697 953 798 1032 deque
815 953 860 1010 eis
882 971 961 1031 quae
984 954 1023 1012 ed
1046 957 1257 1018 conservanda
1278 961 1321 1018 in·

179 1050 316 1112 lustrium
340 1051 472 1111 virorum
494 1053 608 1130 scripta
632 1055 821 1132 pertinerent
843 1055 981 1116 omnibus
1006 1055 1157 1118 disseruit.
1193 1060 1321 1140 quodsi

178 1152 386 1231 probaverim,
403 1153 553 1214 efficietur
569 1155 672 1230 simul,
687 1156 950 1232 grammaticorum
967 1166 997 1216 et
1012 1157 1166 1220 rhetorum
1181 1164 1260 1222 vitas
1276 1164 1321 1222 ul-

98 1309 104 1322 ,
177 1256 250 1314 timo
267 1256 334 1316 loco
352 1276 370 1315 a
386 1253 533 1316 Suetonio
553 1257 668 1336 positas
685 1257 788 1316 fuisse.

263 1356 371 1437 Itaque
387 1356 523 1418 Isidorus
545 1359 640 1436 origg.
656 1358 672 1417 I
689 1367 719 1447 ²l
738 1358 793 1436 (cl.
812 1359 918 1436 fragm.
938 1357 1025 1440 106*)
1042 1361 1151 1424 eadem
1165 1366 1260 1426 verba
1275 1388 1319 1428 re·

178 1458 255 1534 petit
270 1477 350 1538 qnae
366 1460 571 1540 Hieronymus
584 1459 733 1520 Suetonio
751 1461 890 1520 uirnirum
907 1474 1032 1522 auctore
1049 1463 1087 1524 de
1102 1465 1218 1528 Tirone
1234 1489 1318 1530 usur·

177 1569 245 1640 pat,
266 1559 321 1620 sed
339 1561 381 1620 ite
399 1570 433 1620 nt
447 1561 598 1640 adpareat
614 1581 651 1622 ea
663 1582 724 1622 non
739 1581 779 1621 ex
805 1561 1035 1642 chronographo
1058 1564 1229 1646 desumpta⁴
1240 1589 1319 1632 esso.

178 1662 296 1722 intexta
317 1683 389 1724 vero
410 1673 481 1723 sunt
503 1673 694 1740 argumento,
719 1683 779 1744 qno
802 1671 937 1723 notarum
953 1685 1030 1744 quas
1054 1666 1129 1728 dicit
1150 1672 1320 1750 vulgarium

177 1765 254 1824 ratio
272 1773 302 1822 at
316 1764 442 1824 historia
457 1766 641 1848 explicatur.
664 1765 745 1824 idem
766 1766 958 1825 continuatur
972 1769 1078 1846 paucis
1093 1770 1261 1832 interiectis
1279 1774 1318 1834 de

176 1867 257 1928 notis
274 1864 411 1926 iuridicis
423 1876 453 1926 et
465 1867 704 1943 militaribus,·iu
715 1866 824 1946 quibus
837 1887 896 1928 uon
909 1877 943 1926 ut
955 1868 1060 1928 irrillis
1070 1872 1230 1933 recondita
1246 1873 1318 1936 doe·

177 1970 258 2030 trina
270 1969 395 2039 eminet,
410 1969 510 2050 capite
524 1977 558 2032 24
569 1969 623 2048 (cf.
640 1970 748 2046 fragm.
769 1977 815 2032 tot
825 1964 870 2046 ²¹⁸),
884 1990 942 2049 quo
954 1991 1052 2030 sermo
1066 1982 1113 2032 est
1125 1973 1162 2032 de
1175 1977 1254 2038 notis
1269 1979 1318 2038 lit·

81 2125 88 2136 ,
177 2081 323 2144 terarum,
340 2089 417 2150 qnae
436 2072 515 2130 inter
526 2091 559 2132 se
576 2081 698 2132 veteres
714 2071 884 2144 faciebant,
903 2081 935 2130 ut
947 2071 1095 2152 quidquid
1108 2077 1229 2136 occulte
1240 2079 1318 2139 invi-

178 2193 242 2233 cem
255 2193 309 2252 per
321 2173 486 2252 scripturas
496 2173 669 2251 significare
680 2173 794 2233 vellent
804 2182 905 2231 mutuo
914 2173 1091 2234 scriberent.
1106 2177 1148 2235 ibi
1159 2177 1319 2241 adhibetur

177 2275 309 2352 Augusti
320 2274 452 2353 epistula
464 2274 502 2334 ad
514 2276 634 2334 Liviam
645 2276 677 2334 ni
690 2275 865 2334 coniectura
876 2294 925 2334 me
936 2274 1016 2334 follit
1026 2277 1148 2355 scripta,
1162 2299 1223 2358 qua
1233 2301 1319 2342 usum

176 2396 262 2436 sunm
276 2384 414 2436 notarum
431 2375 462 2435 id
477 2378 599 2454 generis
619 2375 734 2436 Caesar
750 2377 896 2455 explicat.
918 2377 1004 2436 cuins
1024 2395 1185 2440 memorem
1202 2401 1235 2440 se
1251 2402 1318 2462 pro·

177 2477 222 2538 dit
236 2479 400 2539 Suetonius
415 2477 495 2556 Aug.
515 2489 565 2550 88,
581 2499 647 2539 cum
664 2477 794 2538 cundem
811 2479 941 2554 Augusti
956 2497 1067 2560 morem
1087 2480 1201 2542 eisdem
1218 2485 1318 2546 verbis

177 2579 341 2640 describat.
366 2582 426 2640 iarn
444 2601 516 2642 vero
532 2580 579 2640 his
596 2581 774 2641 commentis
791 2579 829 2640 de
845 2581 924 2640 notis
940 2579 1116 2657 vulgaribus
1140 2592 1171 2642 et
1185 2585 1229 2644 eis
1244 2606 1318 2666 qua-

176 2703 241 2742 rum
264 2682 449 2760 significatio
466 2684 587 2742 occtrlta
607 2683 665 2742 fnit
686 2683 881 2762 anteponitur
905 2681 1069 2761 disputatio
1091 2703 1116 2742 c.
1132 2693 1167 2747 20
1182 2685 1219 2746 de
1238 2689 1318 2748 notis

177 2785 451 2862 grammaticorum,
478 2805 558 2865 quac
579 2785 717 2846 versibus
737 2795 895 2864 poetarum
923 2796 953 2844 et
974 2783 1184 2846 historicorum
1204 2788 1318 2868 adponi

178 2894 370 2947 consuerunt.
400 2887 485 2946 cuius
502 2887 690 2948 consimilem
706 2888 867 2967 epitomum
889 2885 1009 2964 (fragm.
1027 2897 1079 2948 108
1086 2886 1126 2964 ²⁵),
1151 2891 1241 2968 quani
1259 2893 1315 2951 Th.

114 2977 122 2993 ’
177 2989 381 3048 Mommsenus
394 2988 424 3049 in
438 2987 503 3047 cod.
522 2990 620 3050 Paris.
637 2998 708 3054 7530
723 3011 745 3050 s.
758 2989 837 3050 VlIl
849 2987 889 3068 (a.
901 2988 965 3068 780)
981 2990 1124 3068 repperit,
1143 3011 1209 3052 curn
1222 2993 1316 3073 Berg-

177 3091 244 3150 lrirts
255 3091 286 3150 in
300 3090 395 3150 diario
411 3092 623 3171 antiquitatum
640 3101 706 3156 1845
719 3111 746 3170 p.
762 3102 795 3155 85
809 3113 876 3173 sqq.
889 3091 1003 3170 publici
1016 3092 1090 3150 iuris
1101 3091 1224 3169 faceret,
1239 3095 1317 3156 Sue-

176 3194 291 3253 toniurn
304 3193 369 3253 eius
381 3203 535 3254 auctorem
549 3193 706 3272 adpellare
719 3213 779 3252 uon
792 3192 951 3254 dubitavit.
972 3192 1146 3271 scriptorem
1159 3196 1239 3254 enim
1250 3196 1316 3256 eius

177 3296 287 3358 aetatis
299 3315 360 3376 qna
372 3295 536 3356 Suetonius
548 3296 626 3354 vixit
634 3293 762 3354 indicari
774 3296 890 3354 monuit
901 3295 948 3353 his
959 3293 1076 3353 verbis:
1090 3297 1235 3355 Producat
1246 3302 1313 3355 unti-

176 3401 320 3472 pru'rrostrr'
332 3416 362 3474 p.
379 3407 444 3470 139,
466 3407 491 3456 t.
506 3404 539 3474 7,
562 3395 671 3475 quibus
688 3396 805 3456 Probus
820 3397 1008 3473 vargunteio
1025 3403 1055 3454 et
1071 3394 1162 3454 Aelio
1182 3398 1316 3476 antiquis

177 3499 381 3578 grammaticis
397 3507 550 3578 tamquam
571 3517 667 3558 novus
690 3509 903 3578 opponeretur.
933 3499 1030 3574 ipsum
1047 3515 1121 3556 vero
1140 3497 1317 3558 Suetonium

178 3601 325 3660 eiusmodi
337 3600 570 3678 disputationem
585 3601 743 3680 scripsisse
755 3601 868 3663 Suidae
879 3597 1082 3658 testimonium
1095 3599 1210 3674 arguit,
1229 3599 1279 3677 qni
1291 3619 1314 3658 s.

177 3727 207 3768 v.
217 3698 589 3783 Tpdprrullogsustonium
600 3699 666 3780 περὶ
678 3701 738 3761 τῶν
750 3698 782 3760 ἐν
791 3705 850 3772 τοῖς
861 3699 988 3777 βιβλίοις
995 3697 1124 3774 σημείων
1135 3698 1244 3760 librum
1255 3701 1315 3760 sin·

176 3805 313 3884 gulosam
327 3806 450 3867 dedisse
462 3803 576 3864 scribit.
596 3804 652 3864 sed
664 3819 700 3864 ec
713 3803 826 3864 erravit
837 3803 996 3880 Bergkius,
1011 3801 1094 3882 quod
1105 3801 1185 3860 hunc
1198 3800 1315 3860 titulum

92 3945 101 3964 .
177 3909 334 3986 angustius
346 3908 562 3986 interpretetus
574 3915 673 3980 notes,
686 3925 762 3987 quas
774 3912 897 3966 veteres
908 3904 1098 3982 grammatici
1110 3901 1249 3962 versibus
1262 3902 1316 3962 ad·

177 4028 291 4086 ponere
302 4017 500 4069 consuessent
508 3995 557 4085 (rol
568 4004 791 4084 παρατιθέμενα
802 4009 862 4076 τοῖς
868 4005 976 4082 στίχοις
987 4003 1117 4083 σημεῖα),
1132 4005 1212 4066 solas
1223 4005 1315 4082 signi-

176 4108 261 4169 ficari
280 4111 409 4190 putavit.
438 4129 547 4189 nempe
566 4108 618 4170 ille
637 4109 675 4168 de
689 4110 834 4169 Parisinus
844 4116 958 4168 tantum
980 4109 1114 4185 epitoma
1136 4105 1315 4186 Tranquillo

177 4211 366 4271 restituenda
378 4209 536 4286 cogitavit,
549 4209 660 4269 Isidori
673 4229 748 4270 vero
760 4219 959 4270 commentum
971 4212 1006 4266 de
1019 4211 1092 4266 notis
1101 4211 1314 4280 scripturarum

179 4329 219 4369 ex
230 4312 350 4372 hacvel
361 4310 451 4370 simili
465 4311 598 4388 epitoma
609 4312 731 4370 fluxisse
745 4313 858 4372 statuit.
888 4307 970 4389 quod
981 4315 1087 4366 contra
1101 4305 1188 4366 nobis
1204 4305 1315 4366 Suidas

178 4431 239 4470 non
257 4422 306 4472 est
321 4409 522 4492 premendus,
541 4419 575 4470 ut
591 4412 690 4472 minna
704 4411 801 4487 dicet,
821 4431 911 4493 quam
926 4409 1089 4528 manifestp
1102 4408 1227 4482 dixerit,
1247 4425 1315 4466 cnm

1014 4503 1053 4563 27
