3190 5098
257 343 319 404 456
601 358 824 408 eususrroues
846 357 1073 398 svaroursssr.

256 519 336 584 aaa,
352 535 369 570 a
386 502 483 594 τράγῳ
500 522 527 570 a
544 501 607 594 ,top
622 515 698 569 area
715 519 758 567 est
772 531 800 587 p.
821 520 850 580 a,
873 520 900 572 s.
923 519 955 582 7,
976 517 1045 589 usq.
1069 519 1108 570 n.
1124 519 1156 582 a,
1178 517 1203 569 a.
1221 518 1247 572 o.
1264 519 1290 570 s.
1313 521 1357 580 ro,
1373 520 1398 572 a.

257 623 477 690 13,7.17,1o.
500 623 538 676 re.
559 623 604 686 rs,
623 625 647 676 1.
664 621 689 674 s.
710 621 751 674 rr.
770 621 809 673 14.
831 623 874 684 m,
893 624 915 674 ι.
931 622 957 672 s.
977 623 1017 673 ro.
1038 621 1078 674 rs.

341 718 407 775 Iam
424 735 496 773 vero
520 736 581 773 non
606 723 765 773 contentus
789 717 845 772 t'nit
867 714 1030 788 Suetouirm
1050 713 1179 772 indicem
1202 712 1400 789 βλασφημιῶν
1427 759 1431 770 .

258 825 484 880 contexereet
513 816 550 876 de
580 814 776 895 scriptoribus
805 837 856 876 eas
887 815 1071 894 adprobare,
1097 815 1183 874 simul
1212 808 1311 873 πόθεν
1335 807 1400 872 ἑκά-

256 937 309 996 ern
331 920 498 1000 quaesivit,
526 927 559 977 ut
586 916 668 975 αἴτια
696 939 797 976 aarum
824 928 968 998 quantum
998 917 1063 976 fieri
1096 927 1200 996 posset
1230 916 1399 994 indagaret.

258 1023 342 1082 euius
365 1041 456 1079 curae
480 1020 614 1100 uilrilad
635 1041 690 1078 nos
712 1022 852 1100 pervenit
874 1022 987 1099 paritor
1010 1027 1102 1098 atque
1124 1022 1188 1078 eius
1209 1021 1318 1099 partis,
1340 1039 1401 1100 qua

257 1125 387 1184 Latinae
412 1123 560 1183 eiusmodi
580 1143 672 1182 voees
698 1121 951 1194 inlustrabantur,
979 1124 1074 1181 omnis
1099 1124 1243 1180 memoria
1265 1124 1401 1181 extincta

260 1235 315 1286 est.

344 1325 547 1386 llestatlibor
568 1331 699 1385 demitis
724 1332 939 1399 corporalibus,
963 1347 1068 1407 quem,
1092 1327 1172 1406 quod
1199 1327 1262 1385 eius
1284 1325 1401 1385 indoles

260 1452 327 1490 curn
347 1437 499 1508 pratorum
518 1427 604 1488 libris
626 1429 794 1507 conspirat,
822 1437 906 1487 reete
928 1429 1008 1488 idern
1031 1431 1277 1490 Graeseulrauius
1300 1449 1401 1487 eorum

258 1541 377 1613 partem
393 1531 530 1590 ellbcisse
551 1531 717 1588 contendit.
749 1531 823 1589 miro
840 1551 915 1590 sane
931 1553 1004 1591 casu
1019 1532 1146 1605 accidit,
1169 1541 1202 1590 ut
1214 1533 1244 1590 in
1261 1533 1305 1588 eis
1320 1532 1400 1606 frag·

258 1635 384 1704 mentis,
404 1652 483 1712 qnae
502 1632 615 1691 diserte
631 1633 718 1690 huius
737 1631 805 1691 libri
823 1653 891 1691 esse
907 1633 1062 1704 dicuntur,
1086 1655 1146 1692 non
1168 1633 1206 1690 de.
1232 1633 1314 1690 vitiis
1336 1651 1400 1690 cor-

257 1735 413 1814 poralibus
429 1734 482 1793 sod
500 1735 537 1792 de
553 1733 689 1812 partibus
706 1734 828 1792 humani
851 1737 984 1814 eorporis
1001 1745 1118 1812 agatur.
1155 1735 1194 1792 ef.
1216 1737 1324 1811 fragm.
1344 1741 1402 1796 170.
1427 1797 1436 1804 ,

260 1845 320 1899 171.
335 1857 430 1916 quare
451 1857 511 1894 non
536 1835 672 1894 dubitari
695 1857 763 1893 eum
782 1837 893 1895 ltothio
915 1836 986 1894 lmie
1010 1837 1088 1895 libro
1111 1837 1297 1896 Suetoniana
1321 1837 1401 1912 frag-

258 1947 361 1996 menta
376 1937 458 2016 apud
474 1937 614 1996 Servium
627 1949 657 1994 et
668 1939 868 2010 Frontonem,
885 1937 995 2018 quibus
1014 1939 1086 1996 ulna
1102 1947 1133 1997 at
1148 1958 1236 1996 saera
1247 1938 1335 2016 spina
1351 1935 1402 1994 de-

259 2039 403 2098 finiuntur
420 2039 540 2116 (fragm.
564 2047 622 2100 ua.
647 2037 727 2115 173),
754 2039 938 2098 adscribere.
971 2039 1009 2098 ad
1033 2040 1108 2098 illud
1124 2039 1328 2098 adnotandum
1346 2047 1402 2110 est,

260 2141 400 2200 Servium
415 2161 474 2200 uon
488 2161 524 2199 eo
536 2141 615 2212 loeo,
629 2139 679 2198 nbi
692 2142 871 2200 Suetonium
884 2142 1032 2215 nominat,
1045 2163 1120 2200 vera
1133 2141 1197 2200 eius
1212 2139 1307 2200 verba
1319 2140 1402 2212 dare,

261 2241 316 2301 sed
332 2241 409 2313 alio,
426 2241 478 2300 ubi
493 2243 532 2302 ad
550 2243 635 2301 illum
652 2244 819 2320 respiciens
830 2242 959 2302 eandem
973 2243 1216 2302 observationem
1233 2243 1403 2300 accuratius

259 2345 380 2423 repetit.
411 2364 595 2424 quamquam
617 2366 677 2403 uon
699 2347 764 2403 eius
786 2346 874 2424 eulpa
896 2345 952 2403 hoc
968 2345 1082 2402 laetum
1101 2365 1168 2403 esse
1186 2344 1329 2418 arbitror,
1349 2343 1402 2401 sed

260 2447 461 2524 posteriorum
477 2455 659 2524 temporum,
685 2447 793 2526 quibus
809 2447 1046 2526 lrypomnemata
1059 2448 1123 2505 eius
1140 2447 1265 2505 mirifice
1286 2457 1402 2524 pertur-

260 2545 333 2605 buta
348 2557 425 2606 suut.
457 2548 621 2606 Frontonis
638 2568 711 2606 vero
727 2547 838 2620 verita,
862 2548 971 2628 quibus
988 2549 1205 2607 Suetonianam
1223 2548 1403 2606 sententiam

261 2651 377 2727 prot'ert
388 2695 395 2722 ,
408 2657 440 2706 nt
456 2659 538 2706 reete
554 2671 608 2726 uos
623 2651 717 2728 pratis
731 2649 839 2708 librum
855 2651 1024 2708 restituisse
1042 2649 1223 2728 probant-
1237 2649 1308 2728 quid
1325 2650 1403 2708 enim

260 2748 354 2808 baec:
382 2767 431 2824 epo
448 2767 491 2806 rue
506 2768 597 2823 aequm
613 2756 755 2809 Graecum
773 2769 865 2826 aeqrce
883 2755 1015 2810 Latinum
1033 2755 1201 2809 uocabulum
1220 2755 1305 2809 atilius
1320 2769 1404 2809 mem-

261 2853 307 2908 bri
320 2869 403 2908 rrosse
421 2855 532 2908 mallem
552 2851 687 2910 indicant
700 2853 759 2911 nisi
775 2855 864 2912 (etiarn
880 2855 960 2912 bunc
976 2853 1085 2911 librum
1101 2849 1168 2923 περὶ
1183 2842 1336 2928 ὀνομάτων
1351 2873 1403 2910 κυ-

262 2951 334 3020 ρίων
352 2953 498 3030 seriptum
518 2953 629 3024 fuisse,
651 2954 732 3032 quod
755 2955 876 3033 quidem
898 2956 973 3034 ipsis
992 2955 1083 3013 etiam
1104 2957 1281 3032 fragmentis
1303 2955 1404 3013 deela-

261 3061 345 3110 ratur
362 3087 404 3094 -
423 3055 518 3110 itane
536 3052 586 3110 bie
601 3053 725 3132 quidem
741 3057 919 3115 Suetonium
942 3056 1128 3116 Graecarum
1152 3056 1403 3133 significationum

262 3154 459 3232 praeteriisse
475 3155 657 3213 mentionem
672 3163 830 3215 testantur.
861 3167 951 3238 atque
971 3158 1028 3216 boe
1047 3159 1221 3237 Tranquilli
1237 3159 1404 3231 consilinm,

263 3275 321 3333 quo
344 3253 495 3314 Graecam
517 3263 547 3314 et
569 3257 709 3318 Latinam
732 3258 867 3318 eiusdem
890 3262 934 3319 rei
956 3261 1209 3336 significationem
1235 3262 1404 3340 conposuit,

264 3355 381 3414 duobus
397 3355 473 3415 loeis
493 3357 582 3416 etiarn
598 3379 677 3417 nune
693 3362 724 3418 in
744 3360 828 3418 libris
846 3363 884 3420 de
908 3362 1024 3420 naturis
1046 3383 1145 3421 rerum
1161 3362 1328 3441 dispicitur.
1362 3363 1403 3420 cf.

262 3458 367 3532 fragm.
387 3459 476 3529 151*,
495 3459 524 3516 in
541 3479 600 3538 que
617 3470 775 3520 ventorum
792 3462 951 3522 duodecim
968 3465 1090 3522 nomina
1107 3464 1229 3524 Graeca
1248 3476 1278 3523 et
1295 3465 1406 3523 Latina

263 3571 485 3634 enumerantur,
500 3571 531 3619 et
544 3571 607 3624 164:
623 3582 753 3636 meropes
759 3569 881 3639 pulteolr'
891 3577 922 3624 nt
932 3575 1017 3638 putot
1031 3569 1227 3640 Tranquillus.
1244 3576 1405 3644 praeterea

264 3657 457 3720 subindicare
475 3663 616 3722 videntur
629 3665 807 3724 Suetonium
820 3667 959 3724 Latinam
976 3669 1242 3742 significationem,
1261 3689 1323 3749 qua
1336 3689 1403 3748 pro-

262 3761 360 3839 prium
389 3763 513 3822 membri
539 3787 648 3824 nomen
672 3768 911 3842 nancisceretur,
935 3789 972 3826 ex
996 3769 1107 3828 Graeci
1127 3769 1213 3828 verbi
1236 3771 1405 3830 imitatione

261 3861 397 3920 finxisse.
424 3865 505 3943 quod
527 3887 638 3925 uorum
658 3865 783 3927 verbum
809 3870 837 3926 iu
859 3871 922 3928 vita
938 3871 1102 3929 Messallae
1130 3871 1253 3931 Corvini
1276 3873 1404 3930 oratoris

263 3963 385 4040 (fragm.
400 3969 473 4042 62³²)
491 3967 556 4046 ipse
574 3970 664 4028 etiam
679 3973 838 4050 usurpavit
855 3971 990 4030 morbum
1008 3973 1072 4030 eius
1092 3993 1173 4032 mere
1192 3975 1246 4032 s‘uo
1263 3983 1406 4032 accurate

265 4063 448 4128 describens.
482 4070 560 4128 solet
578 4072 658 4129 enim
675 4073 706 4130 in
723 4073 787 4131 uita
805 4085 833 4130 et
851 4071 1016 4132 Caesarum
1038 4083 1068 4133 et
1088 4075 1259 4135 inlustrium
1274 4077 1406 4134 virorum

262 4164 425 4243 diligenter
440 4171 560 4230 morbos
587 4173 695 4252 quibus
725 4174 913 4234 decesserint
941 4176 1097 4256 adnotare.
1132 4178 1215 4257 qnod
1239 4187 1310 4256 apte
1335 4197 1405 4236 oon·

263 4270 343 4344 gruit
359 4281 535 4347 argumento
549 4272 637 4333 buius
652 4275 737 4348 libri,
756 4276 808 4356 qui
824 4278 933 4355 etipse
951 4279 1073 4355 dignum
1092 4299 1160 4338 enm
1174 4280 1269 4338 fuisse
1285 4280 1407 4338 nomine

262 4369 382 4446 physici
401 4374 540 4432 ostendit.
574 4383 606 4433 nt
626 4377 755 4435 fortasse
782 4379 871 4437 etiarn
891 4387 1016 4440 externo
1039 4381 1171 4460 quodam
1192 4381 1314 4440 vinculo
1339 4401 1406 4439 curn
