3072 5064
263 385 322 452 192
354 405 358 413 ·
463 406 695 451 evercananre
717 407 805 452 crem
825 405 868 450 nu
886 407 971 452 anuo
993 407 1197 454 norinorum

259 565 322 610 tuor
333 560 392 610 dice
404 557 539 620 hebebat3
556 557 624 608 iicet
639 563 671 608 ut
688 564 816 610 auctores
833 558 943 624 plurimi
959 559 1151 626 prodiderunt,
1165 561 1238 628 apud
1250 559 1401 627 Aegyptius

261 632 388 694 quattuor
410 626 481 692 npud
496 625 618 676 Arcades
636 627 722 676 tribue
740 627 811 693 apud
831 627 991 678 Acarnanes
1008 643 1057 678 sex
1073 628 1211 680 mensibus
1228 633 1400 694 computatur

259 697 344 746 iuieee
357 695 501 746 referatur.
520 699 582 760 poet
595 710 611 744 a
623 694 711 744 Numa
728 711 794 760 rege
807 695 989 745 Romanorum
1001 693 1122 746 necundo
1134 698 1208 746 inter
1219 697 1401 746 Decembrem

261 769 289 814 et
300 763 427 812 Martium
439 761 583 812 Ianuarius
597 767 625 811 et
636 763 802 812 Februarius
823 763 910 812 fertur
928 763 1064 824 adiectus,
1082 769 1112 812 nt
1123 765 1254 814 trecentis
1266 763 1397 828 quinqua-

260 833 338 898 ginta
351 835 478 895 quattuor
491 827 601 890 diebus,
620 843 687 893 quoa
699 829 846 880 duodecies
858 828 924 880 lune
941 836 1057 881 renouat
1069 837 1150 896 atque
1163 831 1268 882 uicenia
1285 832 1400 881 nouauia

261 905 289 950 et
310 899 392 950 semia
413 896 520 947 uicibus
543 911 648 947 curcum
671 911 748 946 suum
771 897 871 958 efficit,
889 897 1047 963 inpleretur.
1077 905 1215 964 pestremo
1233 898 1320 948 additi
1336 905 1400 948 sunt

259 970 354 1020 decem
370 967 430 1015 dies
451 969 532 1028 atque
545 963 579 1013 ob
592 965 784 1029 quadrantem,
804 966 875 1029 quod
892 981 941 1031 per
954 966 1162 1030 quadriennium
1174 966 1234 1017 dieu
1250 981 1319 1016 unua
1336 967 1397 1016 iuu-

260 1043 319 1087 ctue
332 1034 444 1096 crescit,
458 1037 555 1096 quarto
568 1047 639 1080 anuo
653 1047 731 1096 quem
744 1033 879 1082 biaextum
897 1047 1027 1084 uucamua
1039 1034 1177 1084 inseritur.
1202 1035 1278 1084 cuiue
1292 1033 1399 1083 initium

259 1119 319 1154 cum
332 1100 474 1166 Aegyptiis
487 1100 532 1164 qui
544 1113 631 1149 noune
642 1099 756 1165 idueque
769 1115 823 1149 non
837 1105 937 1150 norunt
948 1117 1042 1151 mcnse
1055 1101 1224 1166 Septembri,
1238 1115 1298 1152 cum
1312 1101 1397 1152 Grae-

260 1173 300 1222 cia
312 1169 473 1230 Nouembri,
486 1167 587 1218 Martie
600 1181 660 1216 cum
671 1167 782 1218 ludaeis
795 1167 920 1218 habetur.
