3138 5100
278 373 340 435 bll
693 394 728 436 rr
741 393 841 435 vrrsu
856 393 1003 436 rasssrn

277 563 381 624 pugna
397 543 548 625 Pydnaea
565 541 713 620 ediderat,
731 545 838 623 paucis
857 543 958 604 verbis
974 564 992 603 a
1006 545 1095 604 Livio
1111 555 1204 618 XLIV,
1218 553 1252 606 44
1268 563 1413 604 memora-

278 653 350 721 tum,
368 644 626 726 splendidioribus
642 647 835 707 aPlntarcho
852 645 1035 726 descriptum
1049 647 1081 706 in
1095 647 1160 706 vita
1174 646 1299 706 Aemilii
1311 645 1413 706 Paulli

278 767 304 806 c.
320 755 369 821 Η,
389 767 406 808 o
424 747 534 830 quibus
553 747 631 808 haec
645 747 775 828 adposui
786 750 932 828 imprimis
946 749 1005 808 huc
1017 747 1178 808 facientia:
1191 747 1263 806 πᾶσι
1273 737 1330 825 γὰρ
1341 735 1413 825 ripo-

277 838 346 921 στός
360 829 400 924 ἦν
415 838 510 922 εὐθὺς
532 844 561 922 ἐξ
575 837 667 929 ἇρχῆς
687 837 761 928 πρὸς
777 841 938 930 ἡγεμονίαν
959 847 1008 910 aul
1023 849 1174 909 πολιτείαν
1196 837 1234 921 ὥς
1255 840 1342 921 ἄλλος
1362 841 1414 908 eri-

278 947 339 1023 dalr
353 949 413 1010 τῶν
428 951 581 1030 συγγενῶν
595 949 774 1030 κεκραμένος
788 942 821 1012 τὸ
836 933 924 1027 ἦθος.
960 952 1101 1014 Eundem
1115 952 1261 1031 largimur
1275 950 1414 1032 (quando

277 1054 392 1114 laetum
406 1053 590 1134 ignoramus)
613 1056 749 1134 potuisse
765 1057 827 1116 iam
843 1063 914 1116 ante
933 1075 1044 1116 annum
1061 1064 1114 1119 594
1130 1053 1225 1116 semel
1238 1054 1290 1114 vel
1306 1055 1416 1114 iterum

277 1155 309 1215 in
322 1153 476 1234 publicum
492 1156 616 1235 prodire
632 1165 782 1218 oratorem
796 1158 848 1218 vel
863 1177 990 1218 caussae
1005 1166 1180 1237 patronum3
1197 1156 1362 1234 largiamur
1374 1156 1414 1216 si·

277 1257 379 1318 milem
397 1257 546 1328 similibus
565 1259 657 1319 rebus
673 1259 803 1337 gratiam
820 1258 898 1319 inire
915 1259 1060 1340 apopulo
1075 1259 1210 1339 potuisse
1225 1267 1316 1338 atque
1332 1257 1413 1318 ludis

276 1357 452 1420 funebribus
468 1359 528 1422 illis
543 1381 619 1443 qnos
641 1363 722 1442 patri
735 1361 866 1422 Aemilio
884 1361 993 1422 Paullo
1009 1361 1091 1437 lecit,
1108 1359 1278 1421 fabularum
1293 1361 1413 1420 actione

276 1461 532 1522 Terentiauarum
550 1463 710 1542 inlustres,
727 1464 799 1524 item
814 1463 979 1541 largiamur
991 1463 1164 1523 aTerentio
1181 1482 1242 1522 non
1256 1471 1318 1520 tam
1334 1462 1414 1522 Lae·

275 1565 348 1625 lium
369 1573 400 1624 et
411 1563 594 1642 Scipionem,
612 1586 702 1646 quam
717 1585 811 1626 unum
822 1563 995 1644 Scipionem
1010 1567 1123 1646 respici
1134 1567 1165 1627 in
1177 1564 1303 1644 prologo
1319 1562 1413 1624 Adel-

274 1665 372 1746 pbou:
388 1686 494 1726 verum
506 1667 583 1728 haee
595 1676 698 1728 tamen
710 1667 810 1728 omniu
824 1667 884 1726 non
893 1668 1032 1749 profecto
1047 1669 1120 1728 satis
1134 1667 1238 1727 valent
1254 1667 1414 1746 quominus
1464 1743 1467 1750 Ι

276 1769 366 1836 nimis
384 1769 544 1846 magnifice
559 1769 615 1840 illa
632 1769 791 1830 dictasint
812 1772 948 1850 ‘quorum
966 1789 1059 1850 opere
1073 1771 1105 1829 in
1122 1767 1221 1842 bollo,
1239 1769 1271 1827 in
1285 1769 1362 1840 otio,
1382 1768 1414 1828 iu

275 1869 399 1950 negotio
418 1889 485 1930 suo
507 1869 669 1952 quisque
690 1879 863 1952 tempore
884 1892 957 1932 usus
976 1875 1047 1946 est’‚
1068 1891 1146 1952 quae
1169 1879 1200 1932 et
1222 1870 1261 1932 ad
1276 1869 1411 1930 multitu·

276 1969 377 2032 dinem
395 1991 541 2032 annorum
559 1981 590 2032 et
611 1972 650 2032 ad
671 1975 901 2050 magistratuum
920 1975 1063 2034 virtutem
1083 1981 1224 2054 spectant
1242 1971 1411 2032 manifesto.

273 2073 362 2136 Haeo
378 2073 469 2151 igitur
487 2094 554 2134 curu
569 2075 690 2154 scripsit
705 2075 883 2150 Terentius,
907 2097 968 2136 non
981 2077 1079 2156 potuit
1094 2076 1153 2136 nisi
1177 2075 1217 2136 do
1232 2073 1345 2134 talibus
1358 2094 1412 2152 po-

274 2175 422 2236 tissimum
439 2178 589 2256 cogitare,
611 2177 720 2238 saltem
737 2185 859 2258 praeter
874 2178 1015 2240 Laelium
1031 2175 1281 2257 Scipionemque,
1305 2177 1412 2257 quales

275 2278 407 2359 exempli
432 2299 542 2340 caussa
563 2277 675 2340 Santra
700 2279 873 2358 designavit
894 2278 1076 2360 Sulpicium,
1097 2278 1287 2350 Labeonem,
1308 2277 1412 2357 Popil-

274 2379 401 2458 lium*):
433 2389 464 2441 et
484 2387 602 2442 tantum
625 2387 791 2441 'manime
813 2403 875 2442 conr
894 2385 1022 2458 Scopinas
1038 2386 1176 2458 Africano
1195 2392 1221 2440 et
1242 2383 1272 2440 0.
1294 2381 1413 2452 lucdo',

274 2471 329 2542 sed
349 2480 479 2542 eundern
502 2481 577 2542 ‘adn
598 2487 715 2543 multis
736 2487 870 2546 nobilibus
881 2480 1064 2561 familiariter,
1076 2482 1195 2544 umsse’
1217 2484 1284 2562 ipso
1303 2481 1412 2542 Sueto-

174 2671 176 2676 Α
273 2585 342 2645 nius
362 2583 438 2644 dixit
459 2605 489 2665 p.
508 2593 557 2660 27,
574 2594 601 2646 2.
640 2585 683 2646 Vt
704 2585 736 2646 in
756 2586 815 2645 hoc
832 2586 987 2647 meliorem
1009 2607 1044 2646 se
1059 2585 1197 2646 Terentii
1217 2585 1411 2663 interpretem

274 2687 387 2747 Santra
407 2705 497 2766 quam
519 2686 569 2746 vel
590 2684 753 2747 Suetonius
778 2688 829 2748 vel
856 2689 936 2750 huuc
961 2698 1083 2750 secutus
1105 2689 1244 2748 Donatus
1266 2687 1410 2766 gesserit:

275 2807 401 2868 qnorum
416 2787 467 2846 hic
483 2793 521 2846 ‘in
539 2789 616 2848 bello'
633 2787 729 2848 verba
744 2797 884 2868 spectare
899 2791 939 2851 ad
955 2791 1144 2871 Scipionem,
1161 2794 1198 2848 ‘ia
1213 2777 1278 2848 otic’
1296 2787 1335 2848 ad
1349 2789 1410 2847 Fu·

273 2889 350 2948 rium
370 2886 509 2962 Philum,
538 2893 579 2948 ‘io
604 2891 723 2966 nepotic’
745 2890 785 2950 ad
810 2892 949 2954 Laelium
969 2891 1145 2972 Sapientem
1170 2899 1327 2969 argutatus
1353 2899 1409 2950 est.

274 2989 465 3072 Quamquam
486 3010 549 3050 rem
566 2991 663 3070 ipsam
686 3012 748 3052 non
768 2993 957 3056 intercedam
979 2993 1089 3077 siquis
1104 2993 1197 3054 menti
1215 3013 1288 3054 suae
1308 2993 1352 3052 sic
1366 2993 1410 3052 in·

273 3092 398 3166 formet,
413 3100 447 3151 ut
464 3095 534 3153 ‘uon
554 3091 685 3154 obscura
701 3095 792 3156 lama'
814 3096 874 3156 ista
889 3117 998 3158 revera
1012 3095 1051 3156 ad
1067 3095 1206 3157 Laelium
1221 3095 1410 3176 Scipionem-

273 3213 333 3276 que
354 3193 543 3274 potissimum
566 3205 723 3275 spectasse
746 3217 804 3258 nec
825 3207 858 3258 nt
878 3197 1002 3262 ridetur
1024 3198 1089 3258 eine
1109 3197 1226 3258 ratione
1255 3205 1411 3276 spectasse

272 3306 410 3376 putetur,
430 3295 470 3357 ab
488 3297 666 3374 bisantem,
686 3298 879 3360 dissimulans
894 3301 986 3360 animi
1001 3300 1197 3374 sententiam,
1213 3299 1411 3380 suspitionem

272 3399 437 3460 Terentius
458 3400 595 3460 consulto
617 3399 657 3460 ad
680 3401 756 3462 alios
778 3400 943 3464 deflectere
967 3402 1123 3476 credatur,
1144 3402 1222 3462 tales
1243 3400 1366 3482 quidem
1393 3421 1412 3460 a

273 3520 399 3580 quomrn
414 3503 595 3562 auctoritate
618 3513 648 3562 et
663 3505 762 3581 gretia
780 3505 905 3585 publice
918 3505 1084 3586 promptior
1107 3505 1167 3586 ipsi
1182 3506 1272 3564 venia
1293 3511 1324 3563 et
1344 3523 1411 3582 gre·

272 3602 316 3662 tia
337 3611 521 3684 suppeteret.
556 3605 598 3664 Et
613 3606 744 3666 fortasse
762 3606 806 3666 ita
820 3607 955 3668 sentiens
972 3607 1135 3668 Suetonius
1153 3605 1355 3686 supersedere
1375 3625 1409 3666 se

271 3723 362 3784 posse
378 3704 531 3766 refutandi
548 3705 678 3767 Santrae
694 3727 786 3786 opera
801 3709 931 3787 putavit.
944 3741 987 3753 -
1002 3711 1119 3770 Rursus
1137 3717 1240 3770 autem
1254 3709 1331 3769 haec
1348 3729 1409 3768 om·

271 3807 322 3865 nia
343 3805 416 3888 quid
439 3805 562 3867 taudem
583 3808 622 3868 ud
643 3817 775 3870 aetatem
795 3809 934 3871 Terentii
957 3809 1181 3874 deliniendam?
1222 3809 1321 3890 Quem
1343 3830 1411 3870 cum

271 3916 345 3968 natu
365 3909 508 3970 maiorem
531 3929 621 3989 quarn
636 3910 775 3970 Laelium
797 3921 828 3972 et
843 3911 1017 3994 Scipionem
1040 3913 1136 3976 luisse
1160 3933 1238 3974 uuus
1258 3931 1296 3974 ex
1316 3912 1411 3972 omni·

338 4091 363 4158 *)
382 4094 530 4146 Exclusum
548 4096 634 4163 igitur
653 4097 737 4148 etism
750 4097 781 4148 L.
794 4097 904 4150 Furium
918 4097 1026 4150 Philum
1045 4115 1105 4151 esse
1125 4105 1252 4168 apparet,
1271 4113 1342 4150 anno
1361 4097 1408 4150 dc·

271 4178 496 4244 momolenus,
516 4195 594 4244 quem
613 4197 673 4230 cum
692 4181 815 4248 Scipioni
833 4183 985 4250 Laelioque
999 4187 1122 4234 Donatus
1141 4186 1238 4248 sociat,
1259 4201 1275 4236 a
1293 4183 1359 4234 solis
1378 4189 1409 4233 ut

273 4263 357 4313 lacile
376 4263 545 4330 intellegitur
564 4265 687 4316 versibus
705 4267 848 4317 Porciauis
866 4269 1005 4333 profectus
1024 4277 1080 4332 cst,
1105 4271 1169 4318 item
1194 4269 1348 4330 exclusum,
1372 4267 1407 4317 (le

272 4361 324 4410 qno
343 4343 427 4397 iscile
447 4350 581 4414 quispiam
600 4352 713 4416 cogitet,
733 4351 779 4416 Sp.
795 4353 951 4403 Mummium
970 4353 1083 4404 fratrem
1096 4353 1220 4416 Achaici,
1240 4353 1361 4419 legatum
1380 4369 1407 4402 a.

271 4427 330 4492 608,
349 4429 383 4480 do
401 4434 479 4482 ouius
497 4433 596 4484 studiis
614 4437 734 4500 posticis
751 4435 901 4486 identidem
920 4429 997 4488 tosto
1011 4439 1145 4489 Cicerone
1164 4443 1282 4488 constat.
