3162 5058
273 403 335 470 282
777 425 907 467 rnarvu

357 585 503 634 nuscum
526 578 559 634 et
579 576 771 654 turonens]
790 574 846 658 qni
865 576 979 656 nescit,
1002 575 1145 640 omnium
1167 573 1283 640 notitia
1307 583 1411 658 caret,

273 671 328 757 qui
352 672 498 755 ignorat,
522 671 647 758 aliquid
671 676 785 738 noscit.

358 789 478 838 ua'rvnr
500 783 533 839 ct
555 782 712 859 ouarvu]
741 784 837 840 natus
858 777 1108 864 participialiter
1129 778 1289 842 dicituro
1311 776 1409 842 uerbo

272 877 357 966 qnod
380 885 430 940 est
451 877 559 958 nasci3
583 885 703 960 gnatus
725 899 745 942 a
766 881 977 962 generatione
995 879 1082 944 iilius
1106 879 1236 944 dieitur.

356 995 535 1043 unnantvnt
557 988 589 1042 et
610 985 815 1062 nnuaunvu]
844 979 988 1046 nefarius
1010 981 1046 1045 in
1065 980 1177 1046 uerbis
1198 980 1431 1068 intellegimus

272 1081 434 1146 uelandus
454 1082 486 1144 in
510 1102 618 1169 opere.

356 1199 484 1248 Nvuulr
507 1191 538 1246 et
559 1189 746 1266 nvtutnnu]
769 1185 871 1249 nutrit
893 1183 1018 1266 mulier,
1041 1186 1183 1250 nutricat
1204 1183 1379 1250 masculus.

355 1301 563 1360 unqvtovau
595 1295 627 1348 et
649 1292 879 1368 unovaqvau]
907 1287 1104 1373 nequiquam
1125 1285 1262 1368 frustra,
1291 1307 1411 1373 nequa·

271 1411 369 1476 quam
393 1385 483 1450 nullo
504 1386 600 1450 modo
626 1386 799 1472 signifieat.

357 1503 478 1551 onaan
499 1497 531 1550 at
550 1504 685 1552 omvau
701 1499 733 1554 ct
752 1491 950 1573 (onrvnrvu
965 1490 1011 1574 et)
1031 1495 1177 1572 onrvvu]
1194 1489 1266 1554 olea
1285 1490 1410 1554 fnrctne
1425 1513 1448 1552 n

271 1599 335 1672 est,
360 1590 447 1654 oliua
475 1588 586 1670 arbor,
616 1589 789 1655 multitudo
821 1612 898 1656 uero
925 1589 1045 1656 dicitnr
1067 1591 1240 1673 olinetum,
1259 1600 1296 1654 ut
1318 1613 1412 1679 qner-

270 1700 403 1778 quetum
422 1691 584 1776 pinetum,
609 1690 731 1755 cliuum
748 1692 906 1778 liquorem
921 1692 1098 1778 appellant.
1126 1715 1242 1758 nerum
1257 1693 1327 1758 sine
1349 1693 1413 1756 dis·

270 1793 405 1857 crimine
428 1801 460 1858 et
482 1791 585 1857 oleam
608 1802 639 1856 et
661 1793 781 1857 clinam
800 1815 859 1881 pro
883 1793 991 1858 fructu
1008 1817 1105 1880 saepe
1123 1793 1217 1858 multi
1234 1803 1415 1882 posuerunt

356 2000 469 2050 Nescire
497 2003 525 2050 et
548 1997 687 2066 ignorare]
707 1999 731 2052 G
755 2018 780 2066 p.
805 1999 883 2050 9211.
902 2001 988 2050 44:
1005 2000 1075 2067 Hp.
1098 1999 1140 2052 to:
1162 2001 1230 2063 ‘Qui
1246 2001 1337 2052 nescit
1356 2017 1412 2050 orn·

269 2069 344 2120 nium
362 2069 463 2118 notitia
480 2075 566 2130 caret,
587 2068 630 2132 qui
648 2068 759 2132 ignoret
777 2068 880 2134 aliquid
898 2067 1006 2118 nescit!

355 2153 455 2202 Notum
479 2159 506 2202 et
530 2149 651 2217 gnatum]
673 2153 695 2202 G
715 2171 740 2218 p.
759 2151 837 2202 9311.
861 2153 907 2202 47:
934 2154 1035 2202 ‘Notus
1058 2152 1264 2218 particulariter
1288 2169 1304 2202 a
1327 2153 1413 2203 uerbo

270 2221 362 2282 nasci,
382 2225 480 2284 gnatus
503 2221 602 2270 dicitur
625 2220 697 2270 iilius
716 2237 733 2270 a
752 2219 950 2286 generatione’
987 2221 1053 2287 Rp.
1074 2219 1137 2272 306:
1163 2221 1282 2272 ‘Gnatus
1307 2221 1413 2286 estqui

271 2305 304 2338 cx
323 2289 414 2352 aliquo
433 2304 534 2353 genero
555 2289 642 2338 efficit
666 2289 783 2353 aliquam
808 2295 949 2354 parentem
968 2289 1027 2354 ipse
1046 2289 1199 2350 nascendo,
1223 2290 1414 2338 nemaeum

270 2357 343 2408 saltu
362 2371 460 2421 equus,
486 2357 590 2406 fructus
616 2355 732 2406 alienius
755 2357 809 2418 rci;
833 2358 873 2405 ita
897 2356 1013 2408 alterum
1032 2357 1216 2422 adparentes
1241 2357 1361 2422 pertinet
1384 2360 1413 2406 et

272 2425 365 2476 adius
384 2423 539 2485 liberorum,
560 2423 675 2475 alterum
690 2425 723 2474 ad
742 2424 924 2490 possessionis
942 2423 1080 2474 fructum.’
1116 2425 1138 2474 F
1157 2441 1182 2490 p.
1202 2423 1264 2474 355:
1291 2423 1413 2474 ‘Gnatus

270 2493 350 2554 filins,
370 2497 450 2542 natus
468 2491 582 2557 pollua'

354 2577 496 2626 Nefarium
515 2581 543 2626 ct
561 2573 720 2642 nolendum]
740 2575 764 2624 G
782 2591 807 2642 p.
827 2573 861 2625 94
884 2591 911 2624 n.
930 2575 976 2626 73:
1004 2576 1141 2626 ‘charius
1160 2593 1176 2626 a
1194 2576 1352 2642 praeteritis
1370 2575 1412 2626 in-

269 2643 417 2708 telligitur,
442 2643 578 2694 nefandus
608 2645 636 2692 in
659 2642 767 2709 opere.’
803 2645 828 2692 H
852 2661 877 2708 p.
905 2643 947 2694 lu:
976 2643 1119 2694 ‘Notarius
1143 2660 1159 2693 a
1187 2644 1346 2710 praeteritis
1370 2644 1412 2693 in·

269 2711 411 2776 telligitur,
432 2711 580 2760 nefandum
600 2710 701 2776 opere!
738 2712 750 2761 Ι
768 2710 831 2762 423:
853 2713 1009 2762 ‘Profanum
1025 2717 1052 2762 et
1064 2713 1211 2762 nefandum
1225 2716 1253 2761 et
1265 2711 1412 2762 nefarium.

270 2780 394 2828 nefarius
417 2784 446 2828 ut
468 2779 556 2829 Varro
580 2780 719 2829 existimat
738 2795 791 2829 non
814 2779 911 2844 dignus
935 2781 1024 2838 farre3
1048 2796 1100 2845 qno
1123 2781 1208 2845 primo
1233 2779 1286 2828 ciui
1309 2795 1413 2844 genero

270 2847 329 2896 nita
352 2845 487 2896 hominnm
511 2847 725 2896 sustentabatur.
762 2847 898 2897 nefandus
916 2847 943 2896 id
963 2852 1005 2897 ast
1026 2863 1077 2898 nco
1096 2847 1275 2898 nominandus
1294 2847 1411 2912 quidem.

270 2915 401 2976 profanus
431 2918 534 2974 autem,
573 2915 616 2963 cni
645 2913 732 2963 saone
759 2931 813 2964 non
837 2915 903 2965 licet
929 2916 1073 2966 interesse.
1119 2917 1152 2965 de
1176 2931 1228 2980 quo
1252 2913 1411 2964 Sallustius:

270 2981 357 3030 Sacra
375 2981 478 3045 polluet
497 2981 636 3047 profanus.
673 2982 804 3046 profanus
823 2999 888 3047 ergo
911 2999 991 3048 porro
1009 2983 1036 3033 id
1056 2983 1196 3048 estlongo
1216 2999 1232 3032 a
1251 2981 1336 3032 lano’
1373 2985 1411 3032 ct'.

270 3049 403 3098 Asconius
422 3049 497 3098 Verr.
516 3049 571 3110 12,
591 3047 615 3098 9.

355 3133 445 3181 Nutrit
469 3137 497 3182 ot
522 3131 651 3198 nutricat]
672 3132 695 3182 G
713 3149 738 3198 p.
763 3133 796 3183 94
820 3151 846 3184 ιι.
866 3135 912 3185 tt:
939 3134 1051 3184 ‘Mulier
1069 3135 1167 3196 nutrit,
1187 3135 1308 3184 nutricat
1324 3134 1412 3184 nntri-

271 3197 348 3250 cius.'
384 3201 411 3250 H
429 3217 455 3266 p.
478 3199 521 3249 ln:
543 3201 642 3250 ‘Nutrit
660 3201 765 3264 mulier,
787 3205 907 3252 nutricat
926 3201 1077 3252 nutricius.’

354 3285 524 3350 Nequiquam
544 3289 572 3365 et
590 3284 772 3371 nequequam]
792 3287 816 3336 G
834 3305 859 3353 p.
882 3285 928 3336 101
952 3303 978 3336 n.
1000 3285 1060 3336 184:
1083 3285 1279 3352 ‘Nequidquam
1298 3286 1413 3348 trustra,

269 3369 442 3418 nequaquam
461 3369 518 3403 non
538 3353 686 3418 significat.

353 3438 451 3488 Oleum
470 3443 499 3487 et
517 3437 619 3488 cliuum
644 3445 672 3488 ct
684 3436 793 3504 cliuum]
814 3439 837 3488 G
856 3456 883 3504 p.
902 3439 935 3488 94
954 3455 979 3488 ιι.
1000 3438 1045 3488 71:
1067 3437 1173 3489 ‘Olinns
1191 3439 1278 3504 ipsum
1294 3437 1413 3487 fructum

268 3506 391 3563 dicimus,
411 3505 482 3556 unde
501 3505 532 3556 fit
549 3505 646 3557 oleum.
684 3507 761 3556 oleas
780 3508 892 3556 arbores
910 3507 1033 3568 dicimus,
1053 3507 1123 3556 unda
1143 3507 1211 3556 liunt
1229 3502 1352 3556 olineto?
1382 3507 1413 3556 H

268 3591 294 3640 p.
316 3573 359 3623 19:
386 3574 479 3624 ‘Olcas
502 3575 590 3638 ipsum
609 3575 726 3624 fructum
745 3574 873 3636 dicimus,
901 3575 972 3625 unde
997 3575 1027 3624 lit
1050 3574 1152 3635 oleum,
1186 3573 1273 3624 oliuae
1296 3573 1413 3624 arbores

243 3641 245 3648 '
268 3649 344 3703 suut,
368 3642 440 3692 unde
459 3641 527 3692 liunt
549 3640 672 3692 oliueta.'
713 3643 725 3691 I
749 3639 811 3691 410:
837 3644 923 3692 ‘Inter
945 3641 1035 3694 oleam
1060 3647 1086 3692 ct
1106 3641 1206 3692 cliuum
1226 3647 1352 3692 auctores
1370 3640 1413 3690 ita

267 3709 445 3774 distinguunt,
465 3713 495 3758 nt
513 3710 576 3760 olea
593 3711 630 3760 sit
649 3711 761 3770 fructus,
782 3711 856 3760 aliua
874 3710 963 3767 arbor,
984 3711 1048 3774 quin
1060 3709 1202 3760 multitudo
1215 3709 1314 3758 dicitur
1325 3707 1412 3758 oline-

267 3781 324 3826 tum
347 3782 378 3826 nt
400 3781 559 3842 quercetum
583 3783 611 3828 et
633 3785 777 3842 pometum.
820 3778 959 3828 enimuero
988 3778 1046 3828 sino
1075 3777 1231 3828 discrimine
1258 3780 1357 3841 poetae
1381 3783 1413 3827 ot

354 3973 366 4024 l
384 3964 512 4022 omnium
527 3965 669 4022 noticiam
686 3966 718 4021 M
731 3959 744 4045 ΙΙ
759 3973 776 4024 t
789 3961 898 4046 aliquis
918 3963 975 4022 scit
995 3965 1024 4020 M
1044 3957 1057 4045 ΙΙ
1079 3919 1330 4042 apameipaluer
1346 3963 1380 4018 M
1396 3957 1413 4044 Η

552 4057 562 4084 l*

266 4097 430 4162 sectarius
441 4102 475 4158 M
487 4095 501 4181 ll
515 4099 601 4158 uehis
611 4101 643 4156 M
655 4093 669 4178 Η
684 4099 865 4180 &nequique
876 4101 909 4156 M
921 4093 934 4178 ΙΙ
953 4109 985 4162 10
999 4098 1121 4158 oliuaM
1133 4095 1145 4178 Η
1162 4097 1305 4158 olinetum
1318 4101 1414 4156 etud-

266 4187 326 4242 rlidr'
343 4178 357 4262 ΙΙ
379 4183 490 4244 clinum
511 4187 646 4244 Notitiae:
667 4185 758 4244 olium
776 4186 809 4242 M
821 4181 833 4262 ll
851 4183 920 4243 olea
938 4187 1075 4243 naenias:
1101 4193 1130 4242 et
1145 4187 1216 4243 uota
1232 4184 1266 4240 M
1278 4177 1291 4262 ΙΙ
1308 4191 1335 4243 ll
1354 4181 1413 4240 oli·

266 4277 369 4328 netum
390 4278 423 4327 ut
446 4277 661 4349 querquetum,
685 4279 861 4348 prunetum
893 4267 975 4328 unde
999 4267 1111 4328 cliuum
1135 4268 1284 4350 liquorem
1304 4265 1413 4345 appel-

267 4352 332 4411 lant
345 4355 481 4414 Rotln'us:
501 4355 645 4414 olinetum
657 4353 738 4412 nude
751 4354 864 4412 olinnm
881 4353 1029 4431 liquorem
1044 4351 1202 4432 appellant
1216 4361 1249 4412 nt
1264 4345 1417 4432 querq3tr‘r

267 4453 415 4517 pynetum
429 4440 464 4497 M
480 4435 493 4521 ΙΙ
518 4447 548 4500 12
566 4439 701 4518 pinetum
718 4443 824 4513 scripsi
838 4433 852 4520 Η
867 4437 948 4496 unde
969 4441 1040 4496 eieci
1060 4437 1074 4520 ΙΙ
1098 4448 1128 4502 13
1140 4439 1261 4496 fructus
1273 4438 1306 4496 M
