3072 5064
262 383 324 451 tlt
769 399 901 445 haaron

154 539 252 614 Ι136*
345 549 398 614 Ita
419 547 489 617 s'oli,
502 549 644 614 obicitur
664 548 741 612 luna
765 551 850 614 sicut
872 548 968 614 lunae
991 551 1165 635 opponitur
1186 557 1291 632 terra3
1323 569 1409 636 quac

262 660 399 737 utraque
426 650 566 732 lumina,
598 672 672 714 eum
701 651 743 714 ad
770 660 875 716 terras
908 673 972 715 uon
1001 652 1214 738 perueniunt,
1246 650 1410 716 defecisse

264 753 428 817 dicuntur.
471 734 527 816 alii
550 761 659 816 autom
682 752 796 816 dicunt
816 747 979 816 defectum
1004 751 1083 816 solis
1104 751 1186 834 fieri,
1209 752 1237 815 si
1259 752 1408 816 foramen

263 855 347 918 aeris
366 875 430 940 quo
447 854 495 918 eol
513 853 623 918 radios
643 851 752 917 fundit
770 853 879 936 aliquo
897 854 1013 941 spiritu
1034 853 1244 918 contrahatur
1262 853 1334 917 siue
1351 851 1409 917 ob·

263 963 398 1020 tutetur.
443 955 524 1019 haec
546 955 673 1040 physici
698 963 730 1017 et
753 955 918 1039 sapientes
943 955 1064 1018 dicunt.
1417 965 1432 1004 ³

348 1157 417 1214 itt*
435 1161 555 1212 Isidorus
574 1160 608 1210 de
627 1164 727 1210 natura
745 1176 834 1209 rerum
854 1161 917 1210 XX:
943 1161 1001 1209 ‘De
1021 1160 1120 1225 eclipsi
1139 1161 1215 1210 solis.
1251 1159 1344 1210 Solem
1362 1173 1408 1208 ss·

261 1231 373 1296 pientes
392 1230 488 1280 dicunt
506 1229 590 1278 altius
609 1243 727 1290 currere,
746 1229 837 1278 lunam
857 1235 948 1278 antem
966 1229 1118 1294 proximam
1137 1245 1198 1279 esse
1211 1233 1311 1276 terrae.
1337 1226 1408 1276 haec

263 1314 328 1363 ergo
347 1298 409 1347 dum
427 1299 553 1346 deorsum
572 1295 607 1344 ad
626 1296 698 1344 idern
716 1297 824 1360 signum
843 1295 888 1344 uel
906 1296 1009 1345 lineam
1033 1312 1087 1360 qua
1113 1295 1154 1345 sol
1178 1295 1288 1346 uehitur
1310 1309 1408 1359 perue-

262 1367 305 1415 nit
329 1366 417 1415 obicit
435 1381 465 1414 se
484 1364 536 1414 soli
562 1369 591 1414 et
614 1363 745 1413 tenchrae
765 1365 850 1412 totins
874 1363 948 1414 orbis
972 1363 1072 1424 eflicit,
1097 1363 1168 1428 qnod
1191 1368 1299 1412 tautum
1322 1363 1408 1412 inter·

262 1439 402 1483 menstruo
422 1432 566 1496 contingit.
604 1447 666 1480 rrum
685 1437 750 1480 tuno
769 1431 835 1479 luna
853 1432 881 1480 in
901 1432 998 1481 eadem
1016 1439 1095 1497 purte
1114 1433 1188 1496 signi
1207 1437 1263 1492 est,
1292 1445 1347 1494 qus
1364 1429 1408 1480 sol

263 1501 386 1562 uehitur;
406 1501 521 1564 ideoque
541 1499 571 1548 lit
590 1498 632 1548 illi
649 1499 773 1564 proxima
793 1505 820 1546 et
838 1499 1012 1564 oppositione
1031 1500 1073 1548 eui
1092 1499 1235 1549 obscurari
1258 1497 1294 1548 ab
1318 1497 1409 1547 oculis

263 1570 364 1618 nostris
382 1569 474 1618 lumen
498 1568 557 1616 eius
575 1566 698 1616 uidetur:
718 1566 806 1616 rreluti
824 1567 847 1616 si
867 1568 927 1631 quis
946 1565 1064 1618 alicuius
1082 1567 1172 1617 oeulis
1185 1581 1293 1616 manum
1304 1581 1407 1631 expau-

264 1651 322 1685 eem
346 1641 481 1701 opponat,
509 1639 610 1698 quanto
633 1634 722 1698 magis
746 1633 773 1682 id
798 1635 912 1696 feeerit,
937 1651 969 1684 co
993 1635 1082 1684 miuus
1105 1635 1151 1684 illo
1175 1635 1269 1683 nidere
1294 1634 1406 1698 poterit,

263 1709 366 1768 quanto
386 1708 477 1753 autem
495 1701 590 1766 procul
609 1702 777 1762 discesserit,
798 1717 830 1750 eo
849 1703 938 1766 magis
958 1702 999 1751 illi
1018 1703 1110 1753 omnia
1121 1707 1251 1768 poterunt
1262 1715 1406 1766 apparere.

263 1771 348 1820 simili
370 1773 465 1835 itaque
489 1770 596 1819 ratione
621 1785 682 1818 eum
707 1769 742 1818 ad
765 1769 831 1819 solis
848 1769 938 1820 locum
962 1770 1006 1820 uel
1030 1770 1132 1821 lincam
1156 1770 1221 1820 lune
1238 1770 1407 1834 peruenerit,

262 1844 328 1888 tunc
347 1839 471 1903 proxima
491 1839 550 1886 olus
569 1837 678 1886 uidetur
697 1841 724 1886 ot
741 1837 833 1886 radios
853 1839 913 1887 eius
931 1854 1024 1888 coram
1042 1839 1131 1887 oculis
1149 1838 1251 1888 uostris
1266 1837 1406 1898 obturare,

262 1913 293 1956 ut
310 1906 403 1956 lumen
426 1921 480 1955 uon
498 1905 586 1970 possit
610 1905 715 1966 eicerc3
742 1921 802 1954 cum
828 1910 918 1954 autem
942 1905 1008 1955 luna
1036 1907 1071 1955 ab
1095 1922 1127 1955 eo
1150 1905 1212 1956 loco
1234 1905 1407 1965 discesserit,

263 1979 329 2023 tunc
348 1973 390 2023 sol
409 1973 500 2022 lumen
519 1973 586 2022 eicit
605 1977 633 2022 ct
651 1973 686 2020 acl
704 1973 797 2022 oculos
820 1978 928 2023 nostros
953 1975 1124 2023 transmittit.
1166 1979 1333 2038 quapropter
1356 1973 1408 2021 ita

264 2041 331 2092 soli
406 2042 588 2105 sapientes
607 2039 699 2089 mnndi
718 2040 845 2090 dieunt.
883 2047 1003 2092 ceterum
1029 2042 1155 2092 doctores
1178 2041 1265 2090 nostri
1289 2041 1406 2104 mystice

264 2109 344 2159 huius
364 2109 477 2174 eclipsis
496 2108 654 2172 mysterium
674 2108 702 2156 in
721 2107 832 2157 Christo
850 2107 978 2158 dixerunt
996 2125 1057 2159 esse
1076 2109 1233 2176 conpletum
1252 2113 1317 2157 tuuc
1344 2123 1406 2157 cum

264 2179 416 2243 interrupto
435 2177 543 2226 oeterni
562 2175 660 2226 sideris
680 2190 760 2225 cursu
779 2176 890 2225 insolito
908 2177 1020 2226 turbata
1040 2177 1162 2227 ordinem
1181 2191 1256 2225 suum
1274 2176 1407 2225 elimenta

262 2245 449 2310 perdiderunt,
470 2260 530 2295 eum
549 2244 705 2307 sacrilegae
724 2244 829 2292 factum
848 2245 1049 2294 coniurationis
1067 2243 1108 2294 sol
1127 2247 1180 2294 istc
1199 2258 1279 2293 uerus
1298 2244 1407 2293 horree-

263 2328 329 2362 cens
348 2313 459 2363 infestis
478 2314 506 2362 in
525 2311 625 2377 populo
644 2311 758 2361 Irnlaico
777 2327 896 2360 errorum
920 2313 1044 2362 tenebris
1068 2311 1208 2378 paululum
1227 2313 1406 2376 semetipsum

264 2397 313 2446 por
336 2387 450 2430 mortem
475 2379 620 2429 abscondit
645 2395 678 2428 ac
707 2379 740 2428 (lc
770 2393 851 2428 cruce
875 2379 1016 2444 depositus
1040 2397 1070 2430 se
1093 2381 1121 2428 iu
1145 2378 1270 2445 sepulcro
1294 2379 1407 2428 abditus

263 2449 434 2508 obsecrauit,
454 2449 540 2497 donce
560 2448 644 2496 tertia
662 2447 706 2495 die
727 2448 870 2510 angustior
893 2446 975 2496 solito
998 2447 1063 2498 huie
1086 2447 1185 2497 mundo
1208 2447 1236 2496 iul
1255 2453 1297 2496 ost
1315 2447 1407 2512 genti·

262 2517 313 2566 bue
332 2515 472 2566 claritatis
496 2531 562 2564 suae
582 2515 735 2579 potentiani
754 2519 960 2578 praesentaret,
982 2531 1015 2564 ac
1033 2517 1104 2566 sicut
1128 2515 1169 2565 sol
1193 2515 1221 2564 in
1233 2516 1335 2564 uirtute
1354 2529 1407 2564 sure

263 2582 405 2648 refulgens
424 2584 553 2632 tenebras
573 2583 662 2646 operti
680 2582 786 2631 saeculi
804 2573 1001 2632 inluminaret.’
1036 2585 1163 2655 Hyginus
1180 2584 1210 2632 P.
1230 2583 1262 2632 A.
1281 2583 1338 2632 1111
1359 2581 1405 2631 lo:

264 2653 353 2700 ‘Luna
372 2652 444 2701 enim
463 2667 523 2700 oum
543 2666 576 2698 ea
599 2655 656 2699 toto
675 2649 774 2698 mumlo
798 2655 825 2698 et
853 2650 887 2698 ad
907 2652 982 2700 scies
1001 2657 1110 2701 nostras
1128 2650 1275 2715 perueniat
1293 2655 1321 2700 et
1339 2665 1406 2714 quo·

262 2719 325 2768 dam
344 2724 466 2784 tempore
486 2723 591 2767 torrens
610 2718 755 2782 perueniat
774 2717 807 2766 ad
827 2717 942 2767 eundem
960 2717 1050 2770 locum
1068 2719 1142 2784 signi
1161 2733 1213 2782 qno
1232 2717 1273 2768 eol
1286 2717 1406 2779 uehitur,

263 2787 412 2835 obscurare
430 2785 521 2835 lumen
541 2787 600 2833 eius
619 2800 636 2834 ο
655 2790 747 2834 nostro
766 2791 917 2850 corrapeotu
941 2787 1058 2836 uidetur.
1093 2785 1146 2836 hoc
1170 2792 1262 2836 autem
1286 2785 1405 2835 maxime

263 2853 358 2901 euenit
375 2853 420 2902 die
440 2853 589 2902 nouissimo
608 2867 668 2900 cum
692 2852 758 2900 luna
776 2854 918 2902 transierit
937 2855 965 2904 iu
989 2854 1132 2904 duodecim
1155 2855 1236 2918 signa
1260 2859 1287 2902 et
1310 2854 1350 2904 sol
1369 2853 1417 2902 ad'

264 2919 340 2968 aliud
358 2921 466 2984 signnm
490 2920 607 2969 transire
631 2919 760 2968 uideatur
784 2925 810 2969 ct
834 2922 957 2984 proxima
982 2921 1031 2972 fiac
1053 2921 1103 2971 illi.
1141 2919 1212 2987 qnod
1231 2921 1343 2971 euenire
1362 2921 1407 2971 sic

264 2987 348 3036 etism
368 2991 458 3052 potest
476 2987 616 3051 intellegi,
641 2993 672 3036 ut
690 2988 714 3036 si
733 2987 793 3052 quis
813 2987 898 3038 alicui
916 3004 1025 3039 manum
1044 2989 1156 3055 planam
1180 2989 1215 3038 ad
1237 2989 1332 3038 oeulos
1356 2987 1406 3038 ad-

263 3056 393 3116 mouerit‚
426 3059 528 3119 quanto
551 3055 640 3118 magis
664 3055 704 3103 sic
730 3054 841 3118 fecerit,
871 3056 923 3106 hoe
946 3058 1035 3106 minus
1060 3057 1107 3106 ille
1131 3056 1226 3106 uidero
1251 3057 1353 3122 poterit
1377 3063 1408 3105 et

264 3126 367 3186 quanto
386 3121 495 3186 longius
514 3122 549 3170 ab
569 3137 602 3170 eo
620 3121 794 3183 discesserit,
819 3123 870 3173 hoc
889 3125 979 3190 magis
998 3124 1040 3174 illi
1058 3124 1151 3175 omnia
1169 3130 1299 3190 poterunt
1317 3139 1406 3190 appa·

263 3206 333 3239 rere.
370 3189 453 3238 simili
473 3190 579 3239 ratione
599 3205 660 3238 cnm
679 3189 745 3238 luna
764 3189 799 3239 ad
817 3191 884 3240 solis
902 3191 992 3242 locum
1011 3192 1178 3257 peruenerit,
1197 3197 1263 3241 tnnc
1280 3192 1407 3257 proxima

263 3257 323 3306 eius
341 3257 452 3306 uidetur
470 3273 530 3307 esse
551 3263 578 3306 ct
596 3257 688 3306 radios
708 3258 766 3307 eius
785 3259 928 3316 obturare,
952 3265 982 3309 ut
1004 3259 1096 3310 lumen
1118 3260 1210 3309 eicere
1234 3276 1288 3309 non
1306 3260 1405 3324 possit.

263 3341 324 3376 cnm
343 3330 433 3374 autem
453 3325 519 3374 luno
538 3327 572 3374 ab
592 3341 623 3374 eo
642 3325 703 3375 loco
722 3326 895 3388 discesserit,
921 3333 987 3378 tunc
1006 3328 1047 3376 sol
1065 3328 1157 3376 lumen
1177 3327 1244 3377 eicit
1263 3329 1349 3377 etita
1368 3327 1406 3377 ad

263 3409 379 3458 corpora
402 3397 497 3442 nostra
521 3383 626 3442 adicit'
648 3421 682 3427 --
722 3393 887 3444 Plutarchus
910 3395 940 3444 P.
967 3397 996 3444 P,
1022 3395 1049 3446 11
1073 3396 1119 3444 24:
1149 3391 1221 3458 Περὶ
1251 3386 1406 3458 ἐκλείψεως

262 3453 355 3536 ἡλίου.
398 3457 493 3525 Θαλῆς
521 3459 631 3538 πρῶτος
659 3455 715 3526 ἔφη
740 3452 882 3512 ἐκλείπειν
911 3455 961 3512 τὸν
978 3452 1076 3542 filios,
1100 3460 1150 3527 τῆς
1173 3457 1292 3528 σελήνης
1315 3455 1408 3512 αὐτὸν

263 3521 560 3605 οποτρεχούσηςματα
574 3521 711 3590 κάθετον,
730 3518 817 3594 οὔσης
830 3523 915 3594 φύσει
934 3529 1069 3594 psoricon·
1088 3525 1247 3596 βλέπεσθαι
1267 3524 1405 3580 δὲταῦτα

262 3595 456 3661 κατοπτρικῶς
474 3591 674 3662 οποτιθεμένῳ
697 3594 735 3661 τῷ
754 3595 850 3658 δίσκῳ.
887 3588 1120 3664 Ἀναξίμανδρος,
1144 3597 1196 3648 τοῦ
1218 3595 1335 3664 στομίου
1352 3597 1408 3664 τῆς

262 3661 315 3713 τοῦ
332 3657 421 3728 πυρὸς
440 3661 594 3730 διεκπνοῆς
612 3655 846 3728 α’ποκλειομὲνου.
878 3659 1076 3730 Ἡράκλειτος,
1100 3659 1172 3716 κατὰ
1196 3659 1250 3732 τὴν
1267 3665 1319 3718 τοῦ
1336 3680 1407 3717 σιτα-

263 3729 401 3795 positoris
424 3725 560 3809 στροφήν·
585 3719 653 3782 οἷστε
678 3724 709 3780 τὸ
732 3725 786 3798 μὲν
808 3733 907 3783 κοῖλον
924 3723 985 3783 ἅνω
1008 3733 1158 3814 γίνεσθαιἶ
1186 3727 1218 3784 τὸ
1243 3727 1275 3784 dl
1298 3727 1407 3798 κυρτὸν

262 3791 338 3848 κάτω
356 3791 427 3863 πρὸς
446 3793 498 3865 τήν
515 3793 657 3873 ημεηέραν
681 3789 758 3862 ὄψιν.
801 3794 987 3867 Ξενοφάνης,
1012 3795 1084 3851 κακοὶ
1109 3800 1214 3867 σβεσιν·
1251 3797 1346 3866 ἕτερον
1369 3796 1407 3854 δὲ

262 3861 350 3916 πάλιν
375 3861 446 3947 πρὸς
474 3869 537 3924 ταῖς
564 3868 719 3924 ανατολαίς
746 3867 895 3930 γίνεσθαι·
925 3863 1115 3936 παριστόρηκε
1145 3862 1177 3919 dl
1201 3865 1250 3920 nul
1274 3863 1407 3932 ἔκλειψιν

262 3924 346 3999 ἡλίου
365 3925 402 3998 ἐφ
440 3923 507 3984 ὅλον
526 3933 622 4019 μῆνα,
647 3932 696 3984 καί
715 3931 803 3984 πάλιν
827 3929 956 4001 ἔκλειψιν
980 3929 1093 4017 ἐντείη,
1122 3925 1193 3987 ὥστε
1216 3932 1269 4004 τὴν
1290 3928 1408 4003 ἡμέραν

262 3994 352 4050 νύκτα
372 4001 511 4067 φανῆναι.
540 4001 632 4066 Euros,
652 4001 749 4066 νεφῶν
766 3997 911 4055 πύκνωσιν
929 4003 985 4055 τῶν
1002 3995 1131 4069 αόρατως
1150 3995 1347 4072 ἐπερχομένων
1364 4005 1409 4071 τῷ

264 4103 351 4109 ——.
380 4104 464 4112 -—-.

350 4165 358 4214 l
375 4155 454 4214 sicut
471 4155 561 4215 lunae
578 4177 632 4214 om.
651 4161 675 4214 A
690 4149 704 4238 ll
719 4167 819 4216 terrae
835 4162 859 4216 A
875 4153 887 4240 ll
909 4164 991 4219 teil
1011 4153 1025 4241 ll
1047 4158 1187 4218 deliciose
1205 4163 1230 4217 Α
1249 4159 1407 4219 diffeeisse

261 4235 301 4295 B¹
318 4238 479 4300 deffecisse
495 4237 536 4298 B²
551 4239 563 4320 ll
580 4241 650 4304 sali
661 4239 699 4298 Β1
718 4235 730 4322 ll
748 4241 903 4302 diffectnm
914 4240 952 4301 B¹
968 4243 1131 4302 deffectum
1146 4239 1187 4301 Β2
1203 4241 1217 4322 ll
1229 4255 1247 4305 t
1261 4263 1322 4322 qus
1336 4243 1407 4304 ΑΒι

260 4319 398 4464 psppiditps
414 4321 450 4380 1³¹
469 4321 481 4404 ΙΙ
498 4326 604 4403 spiritu
618 4345 670 4384 om.
688 4330 712 4384 A
727 4322 740 4408 ll
756 4326 921 4386 obduretur
937 4331 990 4386 AB
1005 4323 1018 4409 ΙΙ
1033 4341 1048 4390 5
1061 4328 1170 4406 phisici
1186 4325 1227 4386 B²
1248 4329 1345 4388 lisiehi
1361 4329 1406 4386 B¹
