3162 5058
594 303 782 358 ⁸urerourae
803 305 977 354 aaarovras
1002 289 1003 294 ’
1302 289 1364 352 359

223 458 416 518 λοελαιοοολο
443 449 584 536 legaret,
616 471 715 536 quam
740 459 776 514 ut
804 459 920 537 quarta
947 471 1024 538 pars
1050 449 1226 516 heredibus
1254 471 1363 539 super·

224 560 311 618 esset
333 559 374 631 (a.
397 563 452 616 713
473 565 524 618 aut
548 561 627 633 714).

309 756 443 824 Curtius
465 754 615 822 Salassus
638 757 673 820 in
694 755 801 822 insula
820 755 932 821 Arado
956 777 1028 820 cum
1051 763 1204 842 quattuor
1225 745 1474 822 cohorti-221*

223 859 285 924 bus
317 857 414 922 uinus
448 858 637 924 combustus
672 867 737 942 est,
776 857 863 946 quod
896 858 1020 923 tributa
1049 858 1185 944 grauius
1215 859 1362 944 exigeret

202 966 562 1041 mmmws
653 1009 666 1026 ,

308 1147 441 1214 Vibium
466 1147 648 1212 Maximum
676 1147 884 1233 designatum
910 1154 1115 1235 quaestorem
1143 1145 1279 1232 agnouit
1308 1136 1473 1211 ‹lo-222*

223 1249 330 1314 minue
353 1269 431 1314 suus
451 1259 483 1314 et
503 1249 642 1314 abduxit
664 1256 703 1328 (a.
726 1261 781 1314 713
799 1265 850 1312 out
870 1257 951 1331 714).

224 1427 312 1485 retur,
341 1421 385 1473 his
407 1421 501 1471 uerbis
524 1437 571 1474 rur
595 1437 731 1472 arerssrr
757 1437 826 1472 sves
850 1435 912 1484 αττ,
942 1436 990 1472 ττι
1013 1435 1059 1471 1vs
1088 1435 1171 1471 raro:
1209 1435 1293 1486 quare
1316 1422 1362 1486 qui

224 1491 321 1541 seribti
349 1489 465 1540 heredes
496 1494 587 1552 erant,
620 1491 655 1540 ab
677 1489 832 1540 hereditate
855 1505 885 1540 se
910 1489 1088 1540 abstinebant
1117 1494 1145 1539 et
1172 1487 1276 1538 idcirco
1304 1489 1362 1554 ple·

224 1561 299 1623 rique
323 1557 450 1608 intestati
474 1557 669 1608 moriebantur.
701 1559 799 1623 itaque
817 1557 877 1608 lata
900 1563 942 1608 sat
964 1558 1009 1607 lex
1032 1557 1130 1618 Furia,
1154 1572 1208 1620 qua
1240 1558 1362 1621 exceptis

223 1627 347 1692 personis
367 1624 527 1690 quibusdam
555 1628 656 1676 ceteris
673 1625 735 1691 plus
758 1623 832 1675 mille
856 1625 963 1675 assibus
987 1625 1140 1690 legatorum
1163 1624 1271 1674 nornine
1294 1640 1362 1674 mer-

223 1697 294 1744 tisue
320 1709 405 1743 causa
428 1709 529 1758 capere
552 1693 713 1758 permissum
735 1709 789 1743 non
814 1699 863 1742 est.
901 1692 949 1742 sed
973 1691 1088 1742 ethaeo
1106 1691 1151 1742 len
1175 1707 1228 1741 non
1247 1691 1365 1756 perfecit

224 1762 294 1827 quod
312 1761 412 1811 uoluit:
449 1761 495 1824 qui
514 1761 585 1810 enirn
603 1761 682 1810 uerbi
700 1763 792 1827 gratia
809 1760 912 1812 milium
932 1761 1003 1811 aeris
1022 1760 1214 1825 patrimonium
1230 1758 1362 1822 habebat,

223 1833 332 1895 poterat
350 1830 467 1894 quinque
486 1827 641 1879 hominibus
659 1828 777 1894 singulis
795 1828 922 1880 millenos
941 1843 1017 1878 asses
1037 1827 1156 1893 legando
1176 1832 1260 1876 totum
1278 1827 1362 1892 petri·

224 1899 343 1946 monium
367 1911 490 1962 erogare.
527 1895 589 1947 ideo
612 1903 709 1962 postea
732 1897 792 1946 lata
815 1902 859 1946 est
881 1897 925 1948 lea
947 1896 1082 1958 Voconia,
1111 1909 1165 1959 quo
1183 1899 1293 1946 cautum
1312 1899 1361 1956 est,

224 1981 258 2015 no
277 1966 321 2014 cui
340 1963 400 2029 plns
417 1963 571 2028 legatorum
589 1966 697 2014 nornine
717 1965 846 2014 mortisue
866 1979 950 2014 causa
973 1979 1073 2028 capere
1096 1963 1195 2012 liceret
1213 1977 1293 2027 quam
1315 1962 1361 2012 be-

224 2033 303 2082 redes
322 2037 470 2096 caperent:
509 2047 540 2080 ex
560 2047 613 2096 qua
631 2031 693 2096 lege
717 2032 801 2097 plene
821 2033 928 2096 quidem
948 2030 1050 2094 aliquid
1069 2031 1161 2094 utique
1180 2029 1296 2080 heredes
1313 2030 1362 2079 ha-

224 2100 289 2150 bcre
308 2099 485 2158 uirlebautu13
521 2104 565 2149 set
582 2104 674 2148 tamen
692 2101 789 2148 uitium
808 2097 898 2148 simile
917 2099 1100 2158 nascebatur,
1136 2097 1244 2146 namin
1262 2097 1363 2148 multas

223 2167 421 2232 legatariorum
441 2181 573 2230 personas
592 2165 738 2218 distributo
762 2167 927 2232 patrimonio
949 2169 1079 2230 poterant
1101 2164 1170 2214 adeo
1194 2163 1288 2214 heredi
1312 2165 1362 2214 mi-

223 2236 323 2284 nimum
344 2233 511 2298 relinquere,
530 2239 559 2282 ut
577 2249 632 2284 uon
651 2233 792 2299 expediret
810 2233 906 2284 heredi
924 2233 1002 2282 buius
1020 2231 1089 2281 lucri
1109 2233 1201 2296 gratia
1218 2232 1302 2281 totius
1314 2231 1362 2281 he·

224 2303 352 2352 rediretis
370 2317 455 2351 onera
473 2300 616 2351 sustinere.
648 2301 707 2351 lata
722 2307 764 2351 est
782 2303 875 2366 itaque
893 2301 937 2350 lex
949 2299 1091 2361 Falcidia,
1111 2313 1165 2362 qua
1183 2303 1293 2348 cautum
1311 2305 1361 2360 est,

224 2387 259 2420 ne
277 2369 338 2436 plus
358 2368 467 2433 elegere
486 2367 575 2419 liceat
593 2385 672 2434 quam
691 2369 866 2420 dodrantem:
902 2371 995 2433 itaque
1019 2381 1133 2416 necesse
1153 2370 1208 2428 eat,
1235 2371 1265 2415 ut
1282 2366 1362 2416 heres

225 2443 350 2504 quartam
368 2442 475 2504 portem
493 2435 654 2488 hereditatis
672 2437 791 2490 habeatt
810 2437 907 2488 etheo
925 2451 997 2486 nunc
1015 2435 1073 2484 iure
1092 2431 1212 2482 utimur)
1249 2433 1285 2484 οδ.
1304 2434 1361 2484 Ius·

224 2507 346 2556 linianus
363 2505 448 2554 instit.
468 2505 545 2554 1122
564 2519 603 2570 pr.

307 2570 382 2626 221*
400 2573 583 2653 Hieronymus
602 2571 644 2622 Ol.
667 2571 728 2634 184,
753 2574 777 2624 4.
814 2571 927 2622 Cassius
944 2571 998 2620 Dio
1017 2568 1062 2632 48,
1082 2570 1129 2631 24,
1152 2567 1181 2618 3:
1218 2563 1362 2628 καλτδλος

225 2633 254 2709 (ό
269 2633 412 2701 Ἀντώνιος
446 2639 581 2706 Πλαγτιον
592 2634 645 2704 μὲν
659 2631 690 2691 ἒν
701 2639 735 2707 τῇ
753 2633 824 2707 Ἀσίᾳ
837 2637 875 2706 τῷ
888 2633 983 2701 ἔθνει,
1003 2629 1105 2700 Σοίξαν
1124 2628 1155 2686 δὲ
1175 2627 1206 2686 ἐν
1218 2633 1252 2704 τῇ
1269 2635 1363 2702 Συρίᾳ

223 2703 387 2762 καταλιπών
421 2701 505 2788 caria
522 2705 668 2772 Αἴγυπτον
685 2698 805 2774 αἰτῆρεν.
825 2699 899 2758 ὅθεν
916 2722 969 2766 περ
986 2701 1036 2756 καὶ
1053 2698 1088 2756 τό
1106 2696 1228 2769 μάλιστα
1242 2693 1314 2754 ἄλλα
1332 2719 1362 2756 τε

224 2769 375 2859 ταραχώδη
399 2776 487 2828 πολλα
513 2767 674 2840 ἐπεγένετο.
706 2768 775 2826 ὥστε
798 2772 846 2826 aul
872 2769 938 2833 τοὺς
961 2769 1104 2831 Ἀαδίους
1131 2763 1198 2830 τοός
1225 2765 1363 2838 νησιώτας

224 2847 288 2913 μηδ
317 2837 485 2897 ὑπακοῦσαί
499 2862 526 2895 τι
544 2843 604 2902 τοῖς
622 2835 674 2895 ὑπ’
693 2833 783 2895 αότοό
800 2835 871 2909 πρὸς
889 2841 964 2908 σφοῖς
998 2838 1029 2892 nt
1053 2833 1184 2907 χρήματα
1201 2841 1362 2906 πεμφθεῖσι

224 2912 273 2966 aul
291 2907 406 2978 προσέτι
425 2909 475 2963 aul
494 2909 622 2979 φθεῖραί
637 2928 717 2971 τινας
736 2903 844 2973 αότών,
864 2907 913 2962 καὶ
932 2903 962 2960 ολ
973 2901 1091 2974 notator
1109 2905 1158 2960 aul
1180 2903 1249 2972 uota
1267 2900 1362 2960 τινοό-

224 2997 305 3050 μενοι
329 2972 391 3032 τότε
410 2973 447 3046 δὴ
466 2975 516 3030 aul
533 2977 642 3046 μαλλον
659 2983 719 3038 τοῖς
732 2973 880 3046 Ῥωμαίοις
899 2971 1038 3030 latitante
1057 2975 1092 3039 (n.
1114 2977 1186 3040 m).

309 3044 385 3100 222*
404 3049 587 3113 Hieronymus
606 3047 648 3098 Ol.
671 3046 731 3106 184,
749 3049 775 3096 4.
812 3046 924 3098 Cassius
942 3047 996 3098 Dio
1015 3044 1061 3106 48,
1082 3045 1126 3102 34,
1145 3047 1221 3109 dsq.:
1257 3044 1313 3093 τιιῐν
1332 3033 1362 3094 δ’

224 3103 277 3170 οὖν
295 3107 490 3183 ἀναλωμάτων
508 3109 581 3166 aoid
598 3109 736 3180 μειζόνων
754 3101 923 3180 ἢπρότερον
935 3108 1122 3180 γιγνομένων,
1142 3107 1191 3162 καὶ
1208 3110 1264 3161 τών
1276 3125 1361 3174 προσ-

224 3178 300 3236 όδων
318 3175 383 3236 οὔτ’
400 3173 490 3242 ἄλλοις
508 3172 671 3247 α’ριιουσών,
690 3179 739 3232 καὶ
757 3175 818 3232 τότε
838 3173 995 3232 ἐλαττόνων
1015 3173 1063 3232 διὰ
1083 3173 1134 3238 τοὶς
1147 3174 1257 3237 στοίσεις
1275 3192 1361 3242 προσ-

224 3252 341 3316 ιοοσών,
366 3244 453 3303 καινά
477 3267 541 3301 τινα
564 3243 629 3314 τέλη
654 3241 794 3315 ἐσήγαγον
817 3249 976 3315 (triumuiri),
1002 3243 1030 3306 ἔς
1052 3263 1081 3298 τε
1106 3241 1136 3297 τό
1159 3238 1362 3323 βουλευτήριον

224 3319 372 3380 πλείστους
396 3309 478 3377 ὅσους
501 3307 553 3383 oriz
576 3306 618 3367 ὅτι
642 3315 697 3368 τών
720 3330 773 3382 συμ
796 3309 874 3382 ἄγαν
896 3305 916 3382 ἢ
937 3313 986 3367 καλ
1009 3309 1179 3379 στρατιώτας
1205 3311 1314 3371 παῖδας
1331 3327 1361 3362 τε

224 3379 442 3452 destruerem,
460 3377 533 3437 οἷλλά
551 3381 600 3435 καὶ
620 3377 740 3442 δούλους
764 3333 937 3448 attenuas.
973 3374 1111 3446 Μάξιμον
1134 3377 1204 3446 γοῦν
1225 3397 1290 3430 τινα
1313 3396 1360 3430 τα-

224 3449 352 3524 μιεόσειν
374 3449 513 3522 μέλλοντα
537 3445 670 3532 ἔγνώρισέ
694 3467 724 3501 τε
742 3443 763 3508 ,ό
787 3444 925 3516 δεσπότης
944 3446 993 3501 aul
1010 3439 1167 3516 ώτιήγαγεν.
1204 3443 1253 3498 καλ
1271 3439 1361 3511 τούτῳ

224 3518 277 3590 μδν
295 3514 379 3582 sidric
403 3514 513 3587 ἐγένετο
536 3521 707 3586 τολμησαντι
730 3512 782 3584 τὴν
804 3509 897 3585 α’ργὴν
920 3512 1046 3583 αἰτῆσαι·
1085 3512 1179 3579 ἕτερος
1202 3509 1234 3566 δὲ
1253 3505 1284 3565 ἕν
1302 3518 1361 3574 τοίς

226 3585 458 3658 στρατευομένοις
485 3585 634 3654 φωραθεὶς
660 3580 733 3637 sard
760 3585 816 3636 τών
842 3584 892 3636 τοῦ
917 3583 1100 3636 Καπιτωλίου
1122 3582 1231 3647 ιτετρών
1255 3574 1361 3648 ἐώσδη,

225 3655 491 3724 προελευθερωδελς
511 3646 551 3708 i'v'
570 3647 682 3721 α’ξίωμοι
699 3646 717 3721 ἡ
735 3652 856 3720 τιμωρία
874 3643 964 3704 αότοό
981 3645 1054 3718 λώβη
1073 3653 1109 3716 (α.
1130 3651 1201 3714 715).

229 3763 425 3774 ..—--—

311 3825 324 3876 1
347 3820 537 3892 superesset,
568 3811 594 3869 si
617 3818 759 3889 quattuor
781 3810 951 3869 συναίτιοι
973 3817 1086 3867 essent.
1123 3807 1149 3864 si
1173 3814 1272 3865 autern
1293 3805 1360 3884 plus

226 3907 381 3979 quattuor,
397 3897 546 3956 medietas
561 3915 597 3956 eo
612 3903 735 3968 tenore,
752 3903 785 3952 ut
799 3896 863 3953 siue
877 3892 980 3951 liberis
994 3893 1058 3950 siue
1073 3890 1249 3970 propinquis
1266 3889 1361 3968 (idern

226 3985 339 4042 exteris
364 3985 472 4040 addunt
497 3979 558 4058 alis)
580 3989 667 4058 pater
690 3985 746 4038 sua
767 3980 898 4055 legaret,
924 3976 979 4035 illa
998 3996 1069 4055 pars
1095 3995 1185 4055 quam
1204 3973 1359 4034 Falcidius

226 4068 397 4140 constituit,
418 4067 477 4126 nisi
495 4076 584 4147 pater
606 4062 813 4135 interdixerit,
838 4072 868 4120 et
881 4061 990 4138 legatis
1010 4058 1179 4120 fruentibus
1199 4068 1229 4120 et
1245 4059 1360 4120 eisdem

227 4152 398 4212 carentibus
413 4151 584 4231 aequaliter
601 4149 763 4227 partiretur
780 4150 889 4204 cedices
905 4151 1094 4205 recentiores.-
1114 4147 1216 4202 delerit
1234 4149 1359 4218 irreptum

226 4241 472 4311 interpolationem
496 4238 625 4310 &alioer
648 4226 661 4314 ΙΙ
683 4231 820 4295 3Arado
842 4233 869 4288 P
890 4232 966 4290 Scel.
985 4229 1107 4288 Arudso
1131 4231 1160 4286 B
1174 4224 1188 4310 ss
1203 4223 1257 4288 oua
1276 4222 1359 4308 ΒΙΙδ

225 4321 430 4403 quaestorem]
450 4341 483 4381 es
497 4325 609 4380 litterae
623 4323 652 4376 ιἰι
667 4320 695 4375 Β
703 4318 754 4392 sol.
771 4320 859 4375 lucer.
870 4320 1022 4390 perierunt
