<?xml version="1.0" encoding="UTF-8"?>
<!DOCTYPE html PUBLIC "-//W3C//DTD XHTML 1.0 Transitional//EN"
    "http://www.w3.org/TR/xhtml1/DTD/xhtml1-transitional.dtd">
<html xmlns="http://www.w3.org/1999/xhtml" xml:lang="en" lang="en">
 <head>
  <title>
</title>
<meta http-equiv="Content-Type" content="text/html;charset=utf-8" />
  <meta name='ocr-system' content='tesseract 3.04.00' />
  <meta name='ocr-capabilities' content='ocr_page ocr_carea ocr_par ocr_line ocrx_word'/>
</head>
<body>
  <div class='ocr_page' id='page_1' title='image "./csvetonitranqvi01ritsgoog_0543.png"; bbox 0 0 3138 5100; ppageno 0'>
   <div class='ocr_carea' id='block_1_1' title="bbox 288 367 1013 430">
    <p class='ocr_par' dir='ltr' id='par_1_1' title="bbox 288 367 1013 430">
     <span class='ocr_line' id='line_1_1' title="bbox 288 367 1013 430; baseline -0.003 0"><span class='ocrx_word' id='word_1_1' title='bbox 288 367 352 430; x_wconf 78' lang='lat'><strong>5¹2</strong></span> <span class='ocrx_word' id='word_1_2' title='bbox 704 389 737 430; x_wconf 84' lang='lat' dir='ltr'>m</span> <span class='ocrx_word' id='word_1_3' title='bbox 751 387 849 430; x_wconf 79' lang='lat' dir='ltr'><strong>vrrsu</strong></span> <span class='ocrx_word' id='word_1_4' title='bbox 865 387 1013 430; x_wconf 81' lang='lat' dir='ltr'><strong>ranaurrr</strong></span> 
     </span>
    </p>
   </div>
   <div class='ocr_carea' id='block_1_2' title="bbox 265 538 1547 4494">
    <p class='ocr_par' dir='ltr' id='par_1_2' title="bbox 287 538 1423 1832">
     <span class='ocr_line' id='line_1_2' title="bbox 287 538 1422 620; baseline 0 -22"><span class='ocrx_word' id='word_1_5' title='bbox 287 538 460 617; x_wconf 85' lang='lat' dir='ltr'><strong>ambignum</strong></span> <span class='ocrx_word' id='word_1_6' title='bbox 483 548 529 598; x_wconf 88' lang='lat' dir='ltr'><strong>est</strong></span> <span class='ocrx_word' id='word_1_7' title='bbox 551 547 651 598; x_wconf 89' lang='lat' dir='ltr'><strong>utrum</strong></span> <span class='ocrx_word' id='word_1_8' title='bbox 679 539 719 598; x_wconf 89' lang='lat' dir='ltr'><strong>ad</strong></span> <span class='ocrx_word' id='word_1_9' title='bbox 741 539 824 600; x_wconf 91' lang='lat' dir='ltr'><strong>illam</strong></span> <span class='ocrx_word' id='word_1_10' title='bbox 847 561 887 600; x_wconf 89' lang='lat' dir='ltr'><strong>an</strong></span> <span class='ocrx_word' id='word_1_11' title='bbox 909 539 947 598; x_wconf 89' lang='lat' dir='ltr'><strong>ad</strong></span> <span class='ocrx_word' id='word_1_12' title='bbox 963 542 1073 612; x_wconf 82' lang='lat' dir='ltr'><strong>Popilio</strong></span> <span class='ocrx_word' id='word_1_13' title='bbox 1091 540 1271 618; x_wconf 79' lang='lat' dir='ltr'><strong>scripturam</strong></span> <span class='ocrx_word' id='word_1_14' title='bbox 1292 549 1422 620; x_wconf 79' lang='lat' dir='ltr'><strong>spectet.</strong></span> 
     </span>
     <span class='ocr_line' id='line_1_3' title="bbox 287 640 1409 720; baseline -0.001 -19"><span class='ocrx_word' id='word_1_15' title='bbox 287 640 413 701; x_wconf 88' lang='lat' dir='ltr'><strong>Modum</strong></span> <span class='ocrx_word' id='word_1_16' title='bbox 429 642 511 700; x_wconf 91' lang='lat' dir='ltr'><strong>enim</strong></span> <span class='ocrx_word' id='word_1_17' title='bbox 531 661 655 720; x_wconf 87' lang='lat' dir='ltr'><strong>prorsus</strong></span> <span class='ocrx_word' id='word_1_18' title='bbox 678 643 847 702; x_wconf 76' lang='lat' dir='ltr'>excessisse</span> <span class='ocrx_word' id='word_1_19' title='bbox 861 641 1105 714; x_wconf 88' lang='lat' dir='ltr'><strong>Lachmannum,</strong></span> <span class='ocrx_word' id='word_1_20' title='bbox 1128 642 1366 720; x_wconf 78' lang='lat' dir='ltr'>geminationem</span> <span class='ocrx_word' id='word_1_21' title='bbox 1388 641 1409 700; x_wconf 95' lang='lat' dir='ltr'><strong>li</strong></span> 
     </span>
     <span class='ocr_line' id='line_1_4' title="bbox 291 739 1421 822; baseline -0.002 -21"><span class='ocrx_word' id='word_1_22' title='bbox 291 742 404 822; x_wconf 83' lang='lat' dir='ltr'><strong>quidue</strong></span> <span class='ocrx_word' id='word_1_23' title='bbox 424 744 456 802; x_wconf 93' lang='lat' dir='ltr'><strong>in</strong></span> <span class='ocrx_word' id='word_1_24' title='bbox 479 742 590 814; x_wconf 80' lang='lat' dir='ltr'><strong>talibus</strong></span> <span class='ocrx_word' id='word_1_25' title='bbox 613 743 811 802; x_wconf 82' lang='lat' dir='ltr'>damnantem</span> <span class='ocrx_word' id='word_1_26' title='bbox 831 752 864 802; x_wconf 90' lang='lat' dir='ltr'><strong>ut</strong></span> <span class='ocrx_word' id='word_1_27' title='bbox 887 739 1056 802; x_wconf 75' lang='lat' dir='ltr'><strong>‘vitiosam&#39;</strong></span> <span class='ocrx_word' id='word_1_28' title='bbox 1081 743 1215 802; x_wconf 90' lang='lat' dir='ltr'><strong>Lucretii</strong></span> <span class='ocrx_word' id='word_1_29' title='bbox 1235 763 1266 822; x_wconf 86' lang='lat' dir='ltr'><strong>p.</strong></span> <span class='ocrx_word' id='word_1_30' title='bbox 1282 753 1331 816; x_wconf 82' lang='grc'><strong>33,</strong></span> <span class='ocrx_word' id='word_1_31' title='bbox 1358 762 1421 800; x_wconf 87' lang='lat' dir='ltr'><strong>non</strong></span> 
     </span>
     <span class='ocr_line' id='line_1_5' title="bbox 288 843 1423 926; baseline -0.001 -24"><span class='ocrx_word' id='word_1_32' title='bbox 288 863 350 903; x_wconf 92' lang='lat' dir='ltr'><strong>uno</strong></span> <span class='ocrx_word' id='word_1_33' title='bbox 366 853 544 922; x_wconf 83' lang='lat' dir='ltr'><strong>argumento</strong></span> <span class='ocrx_word' id='word_1_34' title='bbox 560 845 744 924; x_wconf 80' lang='lat' dir='ltr'><strong>perspicitur</strong></span> <span class='ocrx_word' id='word_1_35' title='bbox 765 865 881 926; x_wconf 91' lang='lat' dir='ltr'><strong>suoque</strong></span> <span class='ocrx_word' id='word_1_36' title='bbox 901 855 1039 926; x_wconf 89' lang='lat' dir='ltr'><strong>tempore</strong></span> <span class='ocrx_word' id='word_1_37' title='bbox 1062 853 1093 904; x_wconf 91' lang='lat' dir='ltr'><strong>et</strong></span> <span class='ocrx_word' id='word_1_38' title='bbox 1113 846 1181 904; x_wconf 93' lang='lat' dir='ltr'><strong>loco</strong></span> <span class='ocrx_word' id='word_1_39' title='bbox 1202 843 1423 925; x_wconf 86' lang='lat' dir='ltr'><strong>disceptabitur</strong></span> 
     </span>
     <span class='ocr_line' id='line_1_6' title="bbox 290 945 1422 1026; baseline -0.003 -21"><span class='ocrx_word' id='word_1_40' title='bbox 290 947 481 1025; x_wconf 82' lang='lat' dir='ltr'><strong>explicatius.</strong></span> <span class='ocrx_word' id='word_1_41' title='bbox 525 947 562 1006; x_wconf 95' lang='lat' dir='ltr'><strong>In</strong></span> <span class='ocrx_word' id='word_1_42' title='bbox 585 947 743 1026; x_wconf 80' lang='lat' dir='ltr'><strong>praesenti</strong></span> <span class='ocrx_word' id='word_1_43' title='bbox 763 947 837 1006; x_wconf 86' lang='lat' dir='ltr'><strong>satis</strong></span> <span class='ocrx_word' id='word_1_44' title='bbox 860 949 917 1007; x_wconf 89' lang='lat' dir='ltr'><strong>erit</strong></span> <span class='ocrx_word' id='word_1_45' title='bbox 932 947 990 1006; x_wconf 88' lang='lat' dir='ltr'><strong>trin</strong></span> <span class='ocrx_word' id='word_1_46' title='bbox 1005 957 1201 1008; x_wconf 87' lang='lat' dir='ltr'><strong>monumenta</strong></span> <span class='ocrx_word' id='word_1_47' title='bbox 1223 945 1422 1026; x_wconf 84' lang='lat' dir='ltr'><strong>epigraphica</strong></span> 
     </span>
     <span class='ocr_line' id='line_1_7' title="bbox 289 1047 1421 1128; baseline -0.002 -22"><span class='ocrx_word' id='word_1_48' title='bbox 289 1048 437 1106; x_wconf 85' lang='lat' dir='ltr'><strong>antestari</strong></span> <span class='ocrx_word' id='word_1_49' title='bbox 457 1049 632 1107; x_wconf 85' lang='lat' dir='ltr'><strong>vetustioris</strong></span> <span class='ocrx_word' id='word_1_50' title='bbox 654 1051 762 1108; x_wconf 86' lang='lat' dir='ltr'><strong>aetatis</strong></span> <span class='ocrx_word' id='word_1_51' title='bbox 791 1047 875 1128; x_wconf 87' lang='lat' dir='ltr'><strong>(nam</strong></span> <span class='ocrx_word' id='word_1_52' title='bbox 896 1048 1049 1108; x_wconf 86' lang='lat' dir='ltr'><strong>inferioris</strong></span> <span class='ocrx_word' id='word_1_53' title='bbox 1070 1047 1297 1110; x_wconf 87' lang='lat' dir='ltr'><strong>multitudinem</strong></span> <span class='ocrx_word' id='word_1_54' title='bbox 1321 1065 1421 1106; x_wconf 80' lang='lat' dir='ltr'><strong>exem·</strong></span> 
     </span>
     <span class='ocr_line' id='line_1_8' title="bbox 288 1148 1422 1230; baseline -0.004 -20"><span class='ocrx_word' id='word_1_55' title='bbox 288 1151 407 1230; x_wconf 89' lang='lat' dir='ltr'><strong>plorum</strong></span> <span class='ocrx_word' id='word_1_56' title='bbox 428 1151 611 1210; x_wconf 84' lang='lat' dir='ltr'><strong>Mommseni</strong></span> <span class='ocrx_word' id='word_1_57' title='bbox 631 1149 657 1208; x_wconf 95' lang='lat' dir='ltr'><strong>I.</strong></span> <span class='ocrx_word' id='word_1_58' title='bbox 673 1151 710 1210; x_wconf 87' lang='lat' dir='ltr'><strong>R.</strong></span> <span class='ocrx_word' id='word_1_59' title='bbox 726 1151 765 1210; x_wconf 83' lang='lat' dir='ltr'><strong>N.</strong></span> <span class='ocrx_word' id='word_1_60' title='bbox 789 1149 1022 1230; x_wconf 86' lang='lat' dir='ltr'><strong>suppeditant):</strong></span> <span class='ocrx_word' id='word_1_61' title='bbox 1047 1151 1207 1210; x_wconf 90' lang='lat' dir='ltr'><strong>miliarium</strong></span> <span class='ocrx_word' id='word_1_62' title='bbox 1229 1148 1422 1208; x_wconf 87' lang='lat' dir='ltr'><strong>Hadrianum</strong></span> 
     </span>
     <span class='ocr_line' id='line_1_9' title="bbox 288 1253 1421 1332; baseline -0.002 -22"><span class='ocrx_word' id='word_1_63' title='bbox 288 1253 362 1311; x_wconf 89' lang='lat' dir='ltr'><strong>anni</strong></span> <span class='ocrx_word' id='word_1_64' title='bbox 378 1261 442 1324; x_wconf 79' lang='lat'><strong>662,</strong></span> <span class='ocrx_word' id='word_1_65' title='bbox 459 1261 620 1311; x_wconf 87' lang='lat' dir='ltr'><strong>tractatum</strong></span> <span class='ocrx_word' id='word_1_66' title='bbox 635 1253 735 1311; x_wconf 86' lang='lat' dir='ltr'><strong>Musei</strong></span> <span class='ocrx_word' id='word_1_67' title='bbox 751 1253 851 1312; x_wconf 86' lang='lat' dir='ltr'><strong>Rhen.</strong></span> <span class='ocrx_word' id='word_1_68' title='bbox 874 1263 896 1312; x_wconf 86' lang='lat' dir='ltr'><strong>t.</strong></span> <span class='ocrx_word' id='word_1_69' title='bbox 914 1267 936 1310; x_wconf 81' lang='lat' dir='ltr'>x</span> <span class='ocrx_word' id='word_1_70' title='bbox 952 1273 983 1332; x_wconf 85' lang='lat' dir='ltr'><strong>p.</strong></span> <span class='ocrx_word' id='word_1_71' title='bbox 1002 1261 1048 1315; x_wconf 84' lang='grc'><strong>141</strong></span> <span class='ocrx_word' id='word_1_72' title='bbox 1065 1273 1134 1332; x_wconf 86' lang='lat' dir='ltr'><strong>sqq.</strong></span> <span class='ocrx_word' id='word_1_73' title='bbox 1152 1261 1212 1308; x_wconf 84' lang='lat' dir='ltr'><strong>xlv</strong></span> <span class='ocrx_word' id='word_1_74' title='bbox 1228 1272 1260 1330; x_wconf 84' lang='lat' dir='ltr'><strong>p.</strong></span> <span class='ocrx_word' id='word_1_75' title='bbox 1275 1259 1327 1314; x_wconf 75' lang='lat'><strong>298</strong></span> <span class='ocrx_word' id='word_1_76' title='bbox 1341 1270 1421 1329; x_wconf 60' lang='lat' dir='ltr'><strong>sqq„</strong></span> 
     </span>
     <span class='ocr_line' id='line_1_10' title="bbox 288 1335 1422 1435; baseline -0.002 -23"><span class='ocrx_word' id='word_1_77' title='bbox 288 1355 396 1435; x_wconf 90' lang='lat' dir='ltr'><strong>inquo</strong></span> <span class='ocrx_word' id='word_1_78' title='bbox 420 1363 468 1412; x_wconf 90' lang='lat' dir='ltr'><strong>est</strong></span> <span class='ocrx_word' id='word_1_79' title='bbox 488 1353 514 1412; x_wconf 92' lang='lat' dir='ltr'>P</span> <span class='ocrx_word' id='word_1_80' title='bbox 531 1375 538 1389; x_wconf 86' lang='lat'><strong>·</strong></span> <span class='ocrx_word' id='word_1_81' title='bbox 554 1351 780 1414; x_wconf 83' lang='lat' dir='ltr'><strong>POPILLIVS</strong></span> <span class='ocrx_word' id='word_1_82' title='bbox 798 1376 804 1389; x_wconf 92' lang='lat'><strong>·</strong></span> <span class='ocrx_word' id='word_1_83' title='bbox 822 1353 846 1414; x_wconf 81' lang='lat' dir='ltr'>O</span> <span class='ocrx_word' id='word_1_84' title='bbox 863 1376 869 1389; x_wconf 92' lang='lat'><strong>·</strong></span> <span class='ocrx_word' id='word_1_85' title='bbox 885 1357 912 1414; x_wconf 84' lang='lat' dir='ltr'><strong>F</strong></span> <span class='ocrx_word' id='word_1_86' title='bbox 929 1377 936 1390; x_wconf 93' lang='lat'><strong>·</strong></span> <span class='ocrx_word' id='word_1_87' title='bbox 954 1353 1032 1414; x_wconf 85' lang='lat' dir='ltr'><strong>COS</strong></span> <span class='ocrx_word' id='word_1_88' title='bbox 1055 1335 1217 1433; x_wconf 75' lang='lat' dir='ltr'><strong>scriptumi</strong></span> <span class='ocrx_word' id='word_1_89' title='bbox 1242 1351 1375 1432; x_wconf 84' lang='lat' dir='ltr'><strong>duoque·</strong></span> <span class='ocrx_word' id='word_1_90' title='bbox 1386 1351 1422 1410; x_wconf 90' lang='lat' dir='ltr'><strong>ti·</strong></span> 
     </span>
     <span class='ocr_line' id='line_1_11' title="bbox 288 1453 1421 1529; baseline -0.004 -12"><span class='ocrx_word' id='word_1_91' title='bbox 288 1458 367 1517; x_wconf 87' lang='lat' dir='ltr'><strong>tulos</strong></span> <span class='ocrx_word' id='word_1_92' title='bbox 388 1453 545 1515; x_wconf 90' lang='lat' dir='ltr'>POLLIO</span> <span class='ocrx_word' id='word_1_93' title='bbox 568 1453 797 1516; x_wconf 83' lang='lat' dir='ltr'><strong>POLLIONIS</strong></span> <span class='ocrx_word' id='word_1_94' title='bbox 821 1458 946 1515; x_wconf 89' lang='lat' dir='ltr'><strong>nomina</strong></span> <span class='ocrx_word' id='word_1_95' title='bbox 968 1455 1164 1529; x_wconf 81' lang='lat' dir='ltr'><strong>exhibentes,</strong></span> <span class='ocrx_word' id='word_1_96' title='bbox 1187 1455 1369 1514; x_wconf 81' lang='lat' dir='ltr'><strong>Vaticanum</strong></span> <span class='ocrx_word' id='word_1_97' title='bbox 1385 1453 1421 1512; x_wconf 92' lang='lat' dir='ltr'><strong>P.</strong></span> 
     </span>
     <span class='ocr_line' id='line_1_12' title="bbox 287 1555 1423 1630; baseline -0.004 -12"><span class='ocrx_word' id='word_1_98' title='bbox 287 1559 323 1618; x_wconf 90' lang='lat' dir='ltr'><strong>L.</strong></span> <span class='ocrx_word' id='word_1_99' title='bbox 339 1557 381 1617; x_wconf 89' lang='lat' dir='ltr'><strong>M.</strong></span> <span class='ocrx_word' id='word_1_100' title='bbox 403 1557 465 1616; x_wconf 84' lang='lat' dir='ltr'><strong>tob.</strong></span> <span class='ocrx_word' id='word_1_101' title='bbox 487 1568 579 1630; x_wconf 78' lang='lat' dir='ltr'><strong>rcelv,</strong></span> <span class='ocrx_word' id='word_1_102' title='bbox 598 1569 631 1630; x_wconf 79' lang='grc'><strong>1),</strong></span> <span class='ocrx_word' id='word_1_103' title='bbox 660 1557 880 1618; x_wconf 81' lang='lat' dir='ltr'><strong>Sinuessanum</strong></span> <span class='ocrx_word' id='word_1_104' title='bbox 899 1559 925 1618; x_wconf 94' lang='grc' dir='ltr'><strong>Ι.</strong></span> <span class='ocrx_word' id='word_1_105' title='bbox 947 1559 985 1618; x_wconf 86' lang='lat' dir='ltr'><strong>R.</strong></span> <span class='ocrx_word' id='word_1_106' title='bbox 1001 1557 1040 1618; x_wconf 87' lang='lat' dir='ltr'><strong>N.</strong></span> <span class='ocrx_word' id='word_1_107' title='bbox 1061 1567 1140 1620; x_wconf 75' lang='grc'><strong>4011.</strong></span> <span class='ocrx_word' id='word_1_108' title='bbox 1184 1558 1225 1615; x_wconf 84' lang='lat' dir='ltr'><strong>Et</strong></span> <span class='ocrx_word' id='word_1_109' title='bbox 1245 1565 1348 1615; x_wconf 86' lang='lat' dir='ltr'><strong>tamen</strong></span> <span class='ocrx_word' id='word_1_110' title='bbox 1369 1555 1423 1614; x_wconf 84' lang='lat' dir='ltr'><strong>vix</strong></span> 
     </span>
     <span class='ocr_line' id='line_1_13' title="bbox 289 1657 1422 1739; baseline -0.003 -21"><span class='ocrx_word' id='word_1_111' title='bbox 289 1657 444 1738; x_wconf 85' lang='lat' dir='ltr'><strong>expiando</strong></span> <span class='ocrx_word' id='word_1_112' title='bbox 467 1659 587 1739; x_wconf 84' lang='lat' dir='ltr'><strong>piaculo</strong></span> <span class='ocrx_word' id='word_1_113' title='bbox 611 1658 671 1718; x_wconf 90' lang='lat' dir='ltr'><strong>dici</strong></span> <span class='ocrx_word' id='word_1_114' title='bbox 693 1659 823 1720; x_wconf 83' lang='lat' dir='ltr'><strong>scribivc</strong></span> <span class='ocrx_word' id='word_1_115' title='bbox 846 1659 982 1738; x_wconf 80' lang='lat' dir='ltr'><strong>‘insigne</strong></span> <span class='ocrx_word' id='word_1_116' title='bbox 1003 1659 1125 1720; x_wconf 87' lang='lat' dir='ltr'><strong>maestis</strong></span> <span class='ocrx_word' id='word_1_117' title='bbox 1147 1657 1335 1738; x_wconf 89' lang='lat' dir='ltr'><strong>praesidium</strong></span> <span class='ocrx_word' id='word_1_118' title='bbox 1361 1657 1422 1716; x_wconf 84' lang='lat' dir='ltr'><strong>reis</strong></span> 
     </span>
     <span class='ocr_line' id='line_1_14' title="bbox 289 1759 1008 1832; baseline 0.001 -14"><span class='ocrx_word' id='word_1_119' title='bbox 289 1770 319 1820; x_wconf 88' lang='lat' dir='ltr'><strong>ct</strong></span> <span class='ocrx_word' id='word_1_120' title='bbox 334 1761 506 1832; x_wconf 84' lang='lat' dir='ltr'><strong>consulenti</strong></span> <span class='ocrx_word' id='word_1_121' title='bbox 520 1763 608 1818; x_wconf 83' lang='lat' dir='ltr'><strong>Pollio</strong></span> <span class='ocrx_word' id='word_1_122' title='bbox 626 1759 741 1820; x_wconf 86' lang='lat' dir='ltr'><strong>curiae’</strong></span> <span class='ocrx_word' id='word_1_123' title='bbox 757 1761 849 1820; x_wconf 89' lang='lat' dir='ltr'><strong>hodie</strong></span> <span class='ocrx_word' id='word_1_124' title='bbox 861 1760 1008 1822; x_wconf 90' lang='lat' dir='ltr'><strong>creditur.</strong></span> 
     </span>
    </p>

    <p class='ocr_par' dir='ltr' id='par_1_3' title="bbox 287 1861 1547 3267">
     <span class='ocr_line' id='line_1_15' title="bbox 372 1861 1422 1941; baseline -0.002 -20"><span class='ocrx_word' id='word_1_125' title='bbox 372 1862 493 1922; x_wconf 90' lang='lat' dir='ltr'><strong>Ibidem</strong></span> <span class='ocrx_word' id='word_1_126' title='bbox 514 1863 540 1922; x_wconf 87' lang='lat' dir='ltr'><strong>si</strong></span> <span class='ocrx_word' id='word_1_127' title='bbox 563 1872 645 1922; x_wconf 88' lang='lat' dir='ltr'><strong>recte</strong></span> <span class='ocrx_word' id='word_1_128' title='bbox 661 1883 694 1922; x_wconf 89' lang='lat' dir='ltr'><strong>se</strong></span> <span class='ocrx_word' id='word_1_129' title='bbox 714 1861 808 1922; x_wconf 86' lang='lat' dir='ltr'><strong>habet</strong></span> <span class='ocrx_word' id='word_1_130' title='bbox 827 1867 904 1933; x_wconf 82' lang='lat' dir='ltr'><strong>ideo,</strong></span> <span class='ocrx_word' id='word_1_131' title='bbox 931 1863 989 1922; x_wconf 89' lang='lat' dir='ltr'><strong>hac</strong></span> <span class='ocrx_word' id='word_1_132' title='bbox 1008 1864 1040 1922; x_wconf 89' lang='lat' dir='ltr'><strong>vi</strong></span> <span class='ocrx_word' id='word_1_133' title='bbox 1062 1883 1129 1922; x_wconf 89' lang='lat' dir='ltr'><strong>esse</strong></span> <span class='ocrx_word' id='word_1_134' title='bbox 1152 1861 1265 1930; x_wconf 84' lang='lat' dir='ltr'><strong>dictum</strong></span> <span class='ocrx_word' id='word_1_135' title='bbox 1285 1869 1422 1941; x_wconf 79' lang='lat' dir='ltr'><strong>oportetr</strong></span> 
     </span>
     <span class='ocr_line' id='line_1_16' title="bbox 287 1962 1422 2045; baseline -0.004 -21"><span class='ocrx_word' id='word_1_136' title='bbox 287 1963 359 2024; x_wconf 91' lang='lat' dir='ltr'><strong>ideo</strong></span> <span class='ocrx_word' id='word_1_137' title='bbox 387 1963 470 2045; x_wconf 91' lang='lat' dir='ltr'><strong>quod</strong></span> <span class='ocrx_word' id='word_1_138' title='bbox 491 1965 583 2036; x_wconf 89' lang='lat' dir='ltr'><strong>tales,</strong></span> <span class='ocrx_word' id='word_1_139' title='bbox 608 1964 714 2043; x_wconf 89' lang='lat' dir='ltr'><strong>quales</strong></span> <span class='ocrx_word' id='word_1_140' title='bbox 736 1963 886 2043; x_wconf 87' lang='lat' dir='ltr'><strong>Sulpicius</strong></span> <span class='ocrx_word' id='word_1_141' title='bbox 906 1965 1011 2024; x_wconf 88' lang='lat' dir='ltr'><strong>Labeo</strong></span> <span class='ocrx_word' id='word_1_142' title='bbox 1033 1964 1182 2043; x_wconf 90' lang='lat' dir='ltr'><strong>Popillius</strong></span> <span class='ocrx_word' id='word_1_143' title='bbox 1204 1963 1342 2036; x_wconf 82' lang='lat' dir='ltr'><strong>fuerunt,</strong></span> <span class='ocrx_word' id='word_1_144' title='bbox 1368 1962 1422 2020; x_wconf 92' lang='lat' dir='ltr'><strong>mi·</strong></span> 
     </span>
     <span class='ocr_line' id='line_1_17' title="bbox 288 2049 1421 2146; baseline -0.004 -20"><span class='ocrx_word' id='word_1_145' title='bbox 288 2067 370 2126; x_wconf 88' lang='lat' dir='ltr'><strong>nime</strong></span> <span class='ocrx_word' id='word_1_146' title='bbox 386 2086 460 2126; x_wconf 86' lang='lat' dir='ltr'><strong>vcro</strong></span> <span class='ocrx_word' id='word_1_147' title='bbox 478 2065 655 2145; x_wconf 89' lang='lat' dir='ltr'><strong>Scipionem</strong></span> <span class='ocrx_word' id='word_1_148' title='bbox 669 2049 870 2146; x_wconf 79' lang='lat' dir='ltr'><strong>Lrielirrmque</strong></span> <span class='ocrx_word' id='word_1_149' title='bbox 886 2066 1042 2126; x_wconf 87' lang='lat' dir='ltr'><strong>adiutores</strong></span> <span class='ocrx_word' id='word_1_150' title='bbox 1057 2065 1211 2138; x_wconf 84' lang='lat' dir='ltr'><strong>habuerit,</strong></span> <span class='ocrx_word' id='word_1_151' title='bbox 1232 2065 1277 2124; x_wconf 89' lang='lat' dir='ltr'><strong>sic</strong></span> <span class='ocrx_word' id='word_1_152' title='bbox 1290 2065 1421 2123; x_wconf 88' lang='lat' dir='ltr'><strong>locutum</strong></span> 
     </span>
     <span class='ocr_line' id='line_1_18' title="bbox 289 2166 1421 2248; baseline -0.004 -20"><span class='ocrx_word' id='word_1_153' title='bbox 289 2189 356 2229; x_wconf 87' lang='lat' dir='ltr'><strong>esse</strong></span> <span class='ocrx_word' id='word_1_154' title='bbox 372 2170 472 2248; x_wconf 89' lang='lat' dir='ltr'><strong>ipsum</strong></span> <span class='ocrx_word' id='word_1_155' title='bbox 486 2177 520 2228; x_wconf 93' lang='lat' dir='ltr'><strong>ut</strong></span> <span class='ocrx_word' id='word_1_156' title='bbox 534 2169 616 2228; x_wconf 91' lang='lat' dir='ltr'><strong>viros</strong></span> <span class='ocrx_word' id='word_1_157' title='bbox 632 2169 744 2228; x_wconf 84' lang='lat' dir='ltr'><strong>virtute</strong></span> <span class='ocrx_word' id='word_1_158' title='bbox 761 2177 856 2248; x_wconf 86' lang='lat' dir='ltr'><strong>atquo</strong></span> <span class='ocrx_word' id='word_1_159' title='bbox 872 2169 1051 2228; x_wconf 87' lang='lat' dir='ltr'><strong>auctoritate</strong></span> <span class='ocrx_word' id='word_1_160' title='bbox 1068 2168 1236 2248; x_wconf 87' lang='lat' dir='ltr'><strong>pollentes,</strong></span> <span class='ocrx_word' id='word_1_161' title='bbox 1258 2187 1322 2224; x_wconf 90' lang='lat' dir='ltr'><strong>non</strong></span> <span class='ocrx_word' id='word_1_162' title='bbox 1337 2166 1421 2224; x_wconf 86' lang='lat' dir='ltr'><strong>iuve-</strong></span> 
     </span>
     <span class='ocr_line' id='line_1_19' title="bbox 287 2268 1423 2350; baseline -0.003 -20"><span class='ocrx_word' id='word_1_163' title='bbox 287 2291 344 2331; x_wconf 88' lang='lat' dir='ltr'><strong>nes</strong></span> <span class='ocrx_word' id='word_1_164' title='bbox 360 2269 525 2350; x_wconf 82' lang='lat' dir='ltr'><strong>significari</strong></span> <span class='ocrx_word' id='word_1_165' title='bbox 541 2270 735 2330; x_wconf 88' lang='lat' dir='ltr'><strong>manifestum</strong></span> <span class='ocrx_word' id='word_1_166' title='bbox 750 2269 798 2330; x_wconf 88' lang='lat' dir='ltr'><strong>sit.</strong></span> <span class='ocrx_word' id='word_1_167' title='bbox 834 2271 907 2330; x_wconf 85' lang='lat' dir='ltr'><strong>Fuit</strong></span> <span class='ocrx_word' id='word_1_168' title='bbox 923 2271 1004 2330; x_wconf 89' lang='lat' dir='ltr'><strong>enim</strong></span> <span class='ocrx_word' id='word_1_169' title='bbox 1020 2271 1087 2350; x_wconf 92' lang='lat' dir='ltr'><strong>qui,</strong></span> <span class='ocrx_word' id='word_1_170' title='bbox 1109 2290 1175 2328; x_wconf 88' lang='lat' dir='ltr'><strong>cum</strong></span> <span class='ocrx_word' id='word_1_171' title='bbox 1190 2270 1222 2328; x_wconf 90' lang='lat' dir='ltr'><strong>in</strong></span> <span class='ocrx_word' id='word_1_172' title='bbox 1237 2268 1423 2347; x_wconf 67' lang='lat' dir='ltr'><strong>ascriptum</strong></span> 
     </span>
     <span class='ocr_line' id='line_1_20' title="bbox 289 2371 1421 2448; baseline -0.004 -16"><span class='ocrx_word' id='word_1_173' title='bbox 289 2394 356 2434; x_wconf 90' lang='lat' dir='ltr'><strong>esse</strong></span> <span class='ocrx_word' id='word_1_174' title='bbox 368 2384 455 2448; x_wconf 81' lang='lat' dir='ltr'><strong>pocta</strong></span> <span class='ocrx_word' id='word_1_175' title='bbox 473 2377 525 2432; x_wconf 81' lang='lat' dir='ltr'><strong>cleo</strong></span> <span class='ocrx_word' id='word_1_176' title='bbox 540 2377 632 2446; x_wconf 82' lang='lat' dir='ltr'><strong>ipsum</strong></span> <span class='ocrx_word' id='word_1_177' title='bbox 652 2371 786 2445; x_wconf 82' lang='lat' dir='ltr'><strong>videret,</strong></span> <span class='ocrx_word' id='word_1_178' title='bbox 810 2373 882 2432; x_wconf 91' lang='lat' dir='ltr'><strong>hinc</strong></span> <span class='ocrx_word' id='word_1_179' title='bbox 898 2371 1094 2434; x_wconf 87' lang='lat' dir='ltr'><strong>efficiendum</strong></span> <span class='ocrx_word' id='word_1_180' title='bbox 1110 2381 1206 2445; x_wconf 66' lang='lat' dir='ltr'><strong>pocta.</strong></span> <span class='ocrx_word' id='word_1_181' title='bbox 1236 2374 1307 2428; x_wconf 83' lang='lat' dir='ltr'><strong>adeo</strong></span> <span class='ocrx_word' id='word_1_182' title='bbox 1328 2375 1421 2444; x_wconf 80' lang='lat' dir='ltr'><strong>ipsum</strong></span> 
     </span>
     <span class='ocr_line' id='line_1_21' title="bbox 287 2465 1547 2556; baseline -0.003 -21"><span class='ocrx_word' id='word_1_183' title='bbox 287 2485 424 2556; x_wconf 87' lang='lat' dir='ltr'><strong>putaret,</strong></span> <span class='ocrx_word' id='word_1_184' title='bbox 440 2495 504 2534; x_wconf 88' lang='lat' dir='ltr'><strong>non</strong></span> <span class='ocrx_word' id='word_1_185' title='bbox 521 2474 551 2534; x_wconf 90' lang='lat' dir='ltr'><strong>id</strong></span> <span class='ocrx_word' id='word_1_186' title='bbox 567 2495 624 2554; x_wconf 90' lang='lat' dir='ltr'><strong>per</strong></span> <span class='ocrx_word' id='word_1_187' title='bbox 638 2494 672 2533; x_wconf 90' lang='lat' dir='ltr'><strong>se</strong></span> <span class='ocrx_word' id='word_1_188' title='bbox 688 2475 805 2553; x_wconf 90' lang='lat' dir='ltr'><strong>inepte.</strong></span> <span class='ocrx_word' id='word_1_189' title='bbox 839 2475 1071 2536; x_wconf 89' lang='lat' dir='ltr'><strong>Verumtamen</strong></span> <span class='ocrx_word' id='word_1_190' title='bbox 1091 2482 1124 2532; x_wconf 88' lang='lat' dir='ltr'><strong>ut</strong></span> <span class='ocrx_word' id='word_1_191' title='bbox 1140 2472 1237 2532; x_wconf 86' lang='lat' dir='ltr'><strong>dicam</strong></span> <span class='ocrx_word' id='word_1_192' title='bbox 1254 2471 1336 2552; x_wconf 89' lang='lat' dir='ltr'><strong>quod</strong></span> <span class='ocrx_word' id='word_1_193' title='bbox 1352 2491 1421 2532; x_wconf 82' lang='lat' dir='ltr'><strong>sen·</strong></span> <span class='ocrx_word' id='word_1_194' title='bbox 1439 2546 1442 2554; x_wconf 32' lang='grc' dir='ltr'>Ι</span> <span class='ocrx_word' id='word_1_195' title='bbox 1546 2465 1547 2484; x_wconf 66' lang='grc'>’</span> 
     </span>
     <span class='ocr_line' id='line_1_22' title="bbox 288 2573 1422 2655; baseline -0.004 -19"><span class='ocrx_word' id='word_1_196' title='bbox 288 2577 346 2650; x_wconf 90' lang='lat' dir='ltr'><strong>tio,</strong></span> <span class='ocrx_word' id='word_1_197' title='bbox 370 2596 428 2636; x_wconf 90' lang='lat' dir='ltr'><strong>nec</strong></span> <span class='ocrx_word' id='word_1_198' title='bbox 442 2580 503 2634; x_wconf 81' lang='lat' dir='ltr'><strong>ideo</strong></span> <span class='ocrx_word' id='word_1_199' title='bbox 519 2595 577 2635; x_wconf 89' lang='lat' dir='ltr'><strong>nec</strong></span> <span class='ocrx_word' id='word_1_200' title='bbox 592 2580 663 2634; x_wconf 78' lang='lat' dir='ltr'><strong>odeo</strong></span> <span class='ocrx_word' id='word_1_201' title='bbox 679 2576 843 2651; x_wconf 84' lang='lat' dir='ltr'><strong>Suetonius</strong></span> <span class='ocrx_word' id='word_1_202' title='bbox 866 2577 989 2655; x_wconf 86' lang='lat' dir='ltr'><strong>scripsit</strong></span> <span class='ocrx_word' id='word_1_203' title='bbox 1008 2575 1209 2655; x_wconf 84' lang='lat' dir='ltr'><strong>simpliciter,·</strong></span> <span class='ocrx_word' id='word_1_204' title='bbox 1222 2574 1279 2634; x_wconf 84' lang='lat' dir='ltr'><strong>sed</strong></span> <span class='ocrx_word' id='word_1_205' title='bbox 1300 2575 1325 2634; x_wconf 88' lang='lat' dir='ltr'><strong>si</strong></span> <span class='ocrx_word' id='word_1_206' title='bbox 1348 2573 1422 2654; x_wconf 89' lang='lat' dir='ltr'><strong>quid</strong></span> 
     </span>
     <span class='ocr_line' id='line_1_23' title="bbox 288 2667 1421 2756; baseline -0.003 -19"><span class='ocrx_word' id='word_1_207' title='bbox 288 2680 320 2738; x_wconf 92' lang='lat' dir='ltr'><strong>in</strong></span> <span class='ocrx_word' id='word_1_208' title='bbox 335 2667 394 2737; x_wconf 89' lang='lat' dir='ltr'><strong>hoc</strong></span> <span class='ocrx_word' id='word_1_209' title='bbox 408 2696 524 2756; x_wconf 87' lang='lat' dir='ltr'><strong>genere</strong></span> <span class='ocrx_word' id='word_1_210' title='bbox 540 2677 771 2738; x_wconf 87' lang='lat' dir='ltr'><strong>consuetudinis</strong></span> <span class='ocrx_word' id='word_1_211' title='bbox 793 2678 966 2738; x_wconf 86' lang='lat' dir='ltr'><strong>observatio</strong></span> <span class='ocrx_word' id='word_1_212' title='bbox 989 2679 1179 2738; x_wconf 86' lang='lat' dir='ltr'><strong>certissimae</strong></span> <span class='ocrx_word' id='word_1_213' title='bbox 1197 2678 1300 2752; x_wconf 44' lang='lat' dir='ltr'><strong>valetp</strong></span> <span class='ocrx_word' id='word_1_214' title='bbox 1318 2680 1421 2734; x_wconf 82' lang='lat' dir='ltr'><strong>idco·</strong></span> 
     </span>
     <span class='ocr_line' id='line_1_24' title="bbox 288 2771 1422 2860; baseline -0.002 -22"><span class='ocrx_word' id='word_1_215' title='bbox 288 2771 481 2860; x_wconf 75' lang='lat' dir='ltr'><strong>que⁸potina</strong></span> <span class='ocrx_word' id='word_1_216' title='bbox 508 2779 587 2838; x_wconf 91' lang='lat' dir='ltr'><strong>Nam</strong></span> <span class='ocrx_word' id='word_1_217' title='bbox 603 2780 628 2838; x_wconf 88' lang='lat' dir='ltr'><strong>si</strong></span> <span class='ocrx_word' id='word_1_218' title='bbox 644 2799 662 2838; x_wconf 83' lang='lat' dir='ltr'><strong>a</strong></span> <span class='ocrx_word' id='word_1_219' title='bbox 683 2779 846 2838; x_wconf 83' lang='lat' dir='ltr'><strong>tritissimis</strong></span> <span class='ocrx_word' id='word_1_220' title='bbox 861 2777 1117 2838; x_wconf 81' lang='lat' dir='ltr'><strong>illisdiscesscris</strong></span> <span class='ocrx_word' id='word_1_221' title='bbox 1133 2799 1199 2839; x_wconf 90' lang='lat' dir='ltr'><strong>cum</strong></span> <span class='ocrx_word' id='word_1_222' title='bbox 1214 2783 1275 2844; x_wconf 74' lang='lat' dir='ltr'><strong>ideo</strong></span> <span class='ocrx_word' id='word_1_223' title='bbox 1290 2777 1422 2838; x_wconf 86' lang='lat' dir='ltr'><strong>vocabu·</strong></span> 
     </span>
     <span class='ocr_line' id='line_1_25' title="bbox 287 2880 1422 2961; baseline -0.003 -20"><span class='ocrx_word' id='word_1_224' title='bbox 287 2883 349 2942; x_wconf 93' lang='lat' dir='ltr'><strong>lum</strong></span> <span class='ocrx_word' id='word_1_225' title='bbox 364 2882 541 2961; x_wconf 89' lang='lat' dir='ltr'><strong>insequenti</strong></span> <span class='ocrx_word' id='word_1_226' title='bbox 561 2881 611 2940; x_wconf 88' lang='lat' dir='ltr'><strong>vel</strong></span> <span class='ocrx_word' id='word_1_227' title='bbox 632 2891 663 2938; x_wconf 85' lang='lat' dir='ltr'><strong>ut</strong></span> <span class='ocrx_word' id='word_1_228' title='bbox 677 2881 728 2940; x_wconf 89' lang='lat' dir='ltr'><strong>vel</strong></span> <span class='ocrx_word' id='word_1_229' title='bbox 743 2884 819 2954; x_wconf 81' lang='lat' dir='ltr'><strong>quod</strong></span> <span class='ocrx_word' id='word_1_230' title='bbox 833 2881 1001 2960; x_wconf 87' lang='lat' dir='ltr'><strong>particulae</strong></span> <span class='ocrx_word' id='word_1_231' title='bbox 1017 2881 1162 2952; x_wconf 80' lang='lat' dir='ltr'><strong>refertur,</strong></span> <span class='ocrx_word' id='word_1_232' title='bbox 1185 2881 1258 2940; x_wconf 88' lang='lat' dir='ltr'><strong>item</strong></span> <span class='ocrx_word' id='word_1_233' title='bbox 1278 2883 1349 2938; x_wconf 82' lang='lat' dir='ltr'><strong>odeo</strong></span> <span class='ocrx_word' id='word_1_234' title='bbox 1370 2880 1422 2938; x_wconf 85' lang='lat' dir='ltr'><strong>vel</strong></span> 
     </span>
     <span class='ocr_line' id='line_1_26' title="bbox 287 2979 1423 3062; baseline -0.003 -19"><span class='ocrx_word' id='word_1_235' title='bbox 287 2983 404 3043; x_wconf 88' lang='lat' dir='ltr'><strong>sociata</strong></span> <span class='ocrx_word' id='word_1_236' title='bbox 419 2999 508 3056; x_wconf 82' lang='lat' dir='ltr'><strong>usque</strong></span> <span class='ocrx_word' id='word_1_237' title='bbox 524 2987 595 3042; x_wconf 82' lang='lat' dir='ltr'><strong>adeo</strong></span> <span class='ocrx_word' id='word_1_238' title='bbox 610 2983 787 3062; x_wconf 90' lang='lat' dir='ltr'><strong>insequenti</strong></span> <span class='ocrx_word' id='word_1_239' title='bbox 802 2983 855 3040; x_wconf 89' lang='lat' dir='ltr'><strong>vel</strong></span> <span class='ocrx_word' id='word_1_240' title='bbox 871 2991 902 3041; x_wconf 84' lang='lat' dir='ltr'><strong>ut</strong></span> <span class='ocrx_word' id='word_1_241' title='bbox 919 2981 1015 3062; x_wconf 82' lang='lat' dir='ltr'><strong>(quod</strong></span> <span class='ocrx_word' id='word_1_242' title='bbox 1031 3003 1128 3061; x_wconf 85' lang='lat' dir='ltr'><strong>genus</strong></span> <span class='ocrx_word' id='word_1_243' title='bbox 1144 2984 1177 3042; x_wconf 90' lang='lat' dir='ltr'><strong>in</strong></span> <span class='ocrx_word' id='word_1_244' title='bbox 1194 2981 1313 3042; x_wconf 88' lang='lat' dir='ltr'><strong>deliciis</strong></span> <span class='ocrx_word' id='word_1_245' title='bbox 1328 2979 1423 3040; x_wconf 85' lang='lat' dir='ltr'><strong>habet</strong></span> 
     </span>
     <span class='ocr_line' id='line_1_27' title="bbox 289 3079 1422 3162; baseline -0.004 -16"><span class='ocrx_word' id='word_1_246' title='bbox 289 3082 466 3162; x_wconf 89' lang='lat' dir='ltr'><strong>Suetonius)</strong></span> <span class='ocrx_word' id='word_1_247' title='bbox 489 3085 645 3148; x_wconf 79' lang='lat' dir='ltr'><strong>veldense</strong></span> <span class='ocrx_word' id='word_1_248' title='bbox 668 3083 751 3162; x_wconf 85' lang='lat' dir='ltr'><strong>(Tib.</strong></span> <span class='ocrx_word' id='word_1_249' title='bbox 767 3091 813 3162; x_wconf 84' lang='lat'><strong>63)</strong></span> <span class='ocrx_word' id='word_1_250' title='bbox 836 3085 888 3144; x_wconf 85' lang='lat' dir='ltr'><strong>vel</strong></span> <span class='ocrx_word' id='word_1_251' title='bbox 907 3088 1003 3159; x_wconf 81' lang='lat' dir='ltr'><strong>quoad</strong></span> <span class='ocrx_word' id='word_1_252' title='bbox 1026 3084 1078 3162; x_wconf 80' lang='lat' dir='ltr'><strong>(dc</strong></span> <span class='ocrx_word' id='word_1_253' title='bbox 1094 3104 1218 3162; x_wconf 85' lang='lat' dir='ltr'><strong>gramm.</strong></span> <span class='ocrx_word' id='word_1_254' title='bbox 1234 3079 1298 3160; x_wconf 75' lang='grc'><strong>11),</strong></span> <span class='ocrx_word' id='word_1_255' title='bbox 1320 3103 1422 3144; x_wconf 85' lang='lat' dir='ltr'><strong>rursus</strong></span> 
     </span>
     <span class='ocr_line' id='line_1_28' title="bbox 288 3185 1422 3267; baseline -0.003 -21"><span class='ocrx_word' id='word_1_256' title='bbox 288 3197 389 3246; x_wconf 87' lang='lat' dir='ltr'><strong>nutem</strong></span> <span class='ocrx_word' id='word_1_257' title='bbox 405 3205 442 3246; x_wconf 89' lang='lat' dir='ltr'><strong>ca</strong></span> <span class='ocrx_word' id='word_1_258' title='bbox 456 3187 667 3265; x_wconf 84' lang='lat' dir='ltr'><strong>segregaveris</strong></span> <span class='ocrx_word' id='word_1_259' title='bbox 683 3188 715 3245; x_wconf 89' lang='lat' dir='ltr'><strong>iu</strong></span> <span class='ocrx_word' id='word_1_260' title='bbox 732 3185 840 3267; x_wconf 87' lang='lat' dir='ltr'><strong>quibus</strong></span> <span class='ocrx_word' id='word_1_261' title='bbox 856 3187 987 3266; x_wconf 84' lang='lat' dir='ltr'><strong>simplex</strong></span> <span class='ocrx_word' id='word_1_262' title='bbox 1002 3189 1073 3245; x_wconf 83' lang='lat' dir='ltr'><strong>adeo</strong></span> <span class='ocrx_word' id='word_1_263' title='bbox 1088 3187 1154 3246; x_wconf 87' lang='lat' dir='ltr'><strong>fere</strong></span> <span class='ocrx_word' id='word_1_264' title='bbox 1171 3193 1284 3266; x_wconf 85' lang='lat' dir='ltr'><strong>aequat</strong></span> <span class='ocrx_word' id='word_1_265' title='bbox 1297 3189 1337 3244; x_wconf 81' lang='lat' dir='ltr'><strong>itu</strong></span> <span class='ocrx_word' id='word_1_266' title='bbox 1353 3205 1422 3265; x_wconf 90' lang='lat' dir='ltr'><strong>par·</strong></span> 
     </span>
    </p>

    <p class='ocr_par' dir='ltr' id='par_1_4' title="bbox 265 3285 1424 4292">
     <span class='ocr_line' id='line_1_29' title="bbox 265 3285 1424 3368; baseline -0.005 -19"><span class='ocrx_word' id='word_1_267' title='bbox 265 3290 409 3349; x_wconf 73' lang='lat' dir='ltr'><strong>otieulam</strong></span> <span class='ocrx_word' id='word_1_268' title='bbox 432 3287 501 3368; x_wconf 84' lang='lat' dir='ltr'><strong>(non</strong></span> <span class='ocrx_word' id='word_1_269' title='bbox 525 3291 595 3347; x_wconf 79' lang='lat' dir='ltr'><strong>adeo</strong></span> <span class='ocrx_word' id='word_1_270' title='bbox 618 3291 747 3346; x_wconf 81' lang='lat' dir='ltr'><strong>custodiit</strong></span> <span class='ocrx_word' id='word_1_271' title='bbox 766 3289 846 3368; x_wconf 84' lang='lat' dir='ltr'><strong>Aug.</strong></span> <span class='ocrx_word' id='word_1_272' title='bbox 862 3298 910 3363; x_wconf 81' lang='grc'><strong>88,</strong></span> <span class='ocrx_word' id='word_1_273' title='bbox 938 3307 990 3347; x_wconf 84' lang='lat' dir='ltr'><strong>nec</strong></span> <span class='ocrx_word' id='word_1_274' title='bbox 1008 3293 1078 3347; x_wconf 81' lang='lat' dir='ltr'><strong>arico</strong></span> <span class='ocrx_word' id='word_1_275' title='bbox 1092 3293 1192 3364; x_wconf 71' lang='lat' dir='ltr'><strong>prauis</strong></span> <span class='ocrx_word' id='word_1_276' title='bbox 1208 3285 1299 3348; x_wconf 87' lang='lat' dir='ltr'><strong>Galb.</strong></span> <span class='ocrx_word' id='word_1_277' title='bbox 1315 3295 1346 3362; x_wconf 83' lang='lat'><strong>7,</strong></span> <span class='ocrx_word' id='word_1_278' title='bbox 1369 3305 1424 3344; x_wconf 86' lang='lat' dir='ltr'><strong>nec</strong></span> 
     </span>
     <span class='ocr_line' id='line_1_30' title="bbox 287 3389 1423 3472; baseline -0.002 -22"><span class='ocrx_word' id='word_1_279' title='bbox 287 3396 358 3452; x_wconf 84' lang='lat' dir='ltr'><strong>odeo</strong></span> <span class='ocrx_word' id='word_1_280' title='bbox 373 3395 454 3450; x_wconf 84' lang='lat' dir='ltr'><strong>multi</strong></span> <span class='ocrx_word' id='word_1_281' title='bbox 471 3389 543 3450; x_wconf 88' lang='lat' dir='ltr'><strong>Oth.</strong></span> <span class='ocrx_word' id='word_1_282' title='bbox 559 3389 604 3468; x_wconf 81' lang='lat'><strong>5):</strong></span> <span class='ocrx_word' id='word_1_283' title='bbox 627 3391 761 3469; x_wconf 81' lang='lat' dir='ltr'><strong>ligandis</strong></span> <span class='ocrx_word' id='word_1_284' title='bbox 777 3391 903 3472; x_wconf 90' lang='lat' dir='ltr'><strong>quidem</strong></span> <span class='ocrx_word' id='word_1_285' title='bbox 927 3391 1055 3468; x_wconf 82' lang='lat' dir='ltr'><strong>integris</strong></span> <span class='ocrx_word' id='word_1_286' title='bbox 1072 3389 1238 3450; x_wconf 87' lang='lat' dir='ltr'><strong>enuntiatis</strong></span> <span class='ocrx_word' id='word_1_287' title='bbox 1258 3391 1329 3448; x_wconf 82' lang='lat' dir='ltr'><strong>adeo</strong></span> <span class='ocrx_word' id='word_1_288' title='bbox 1351 3409 1423 3448; x_wconf 86' lang='lat' dir='ltr'><strong>nns-</strong></span> 
     </span>
     <span class='ocr_line' id='line_1_31' title="bbox 288 3493 1423 3576; baseline -0.005 -22"><span class='ocrx_word' id='word_1_289' title='bbox 288 3515 379 3576; x_wconf 86' lang='lat' dir='ltr'><strong>qnam</strong></span> <span class='ocrx_word' id='word_1_290' title='bbox 393 3494 524 3554; x_wconf 85' lang='lat' dir='ltr'><strong>inservit</strong></span> <span class='ocrx_word' id='word_1_291' title='bbox 539 3494 597 3553; x_wconf 89' lang='lat' dir='ltr'><strong>uisi</strong></span> <span class='ocrx_word' id='word_1_292' title='bbox 619 3493 786 3552; x_wconf 90' lang='lat' dir='ltr'><strong>secundum</strong></span> <span class='ocrx_word' id='word_1_293' title='bbox 802 3494 902 3553; x_wconf 94' lang='lat' dir='ltr'><strong>locum</strong></span> <span class='ocrx_word' id='word_1_294' title='bbox 921 3502 1048 3566; x_wconf 88' lang='lat' dir='ltr'><strong>tenens,</strong></span> <span class='ocrx_word' id='word_1_295' title='bbox 1069 3501 1103 3552; x_wconf 90' lang='lat' dir='ltr'><strong>ut</strong></span> <span class='ocrx_word' id='word_1_296' title='bbox 1117 3493 1175 3552; x_wconf 91' lang='lat' dir='ltr'><strong>Iul.</strong></span> <span class='ocrx_word' id='word_1_297' title='bbox 1193 3503 1225 3554; x_wconf 81' lang='grc'><strong>14</strong></span> <span class='ocrx_word' id='word_1_298' title='bbox 1245 3494 1423 3550; x_wconf 81' lang='lat' dir='ltr'><strong>obtinuisset·</strong></span> 
     </span>
     <span class='ocr_line' id='line_1_32' title="bbox 287 3593 1423 3673; baseline -0.003 -18"><span class='ocrx_word' id='word_1_299' title='bbox 287 3615 342 3673; x_wconf 80' lang='lat' dir='ltr'><strong>pue</strong></span> <span class='ocrx_word' id='word_1_300' title='bbox 357 3601 429 3656; x_wconf 85' lang='lat' dir='ltr'><strong>odeo</strong></span> <span class='ocrx_word' id='word_1_301' title='bbox 443 3629 497 3670; x_wconf 89' lang='lat'><strong>-—,</strong></span> <span class='ocrx_word' id='word_1_302' title='bbox 517 3595 625 3655; x_wconf 80' lang='lat' dir='ltr'><strong>Claud.</strong></span> <span class='ocrx_word' id='word_1_303' title='bbox 641 3604 675 3658; x_wconf 73' lang='lat'><strong>25</strong></span> <span class='ocrx_word' id='word_1_304' title='bbox 691 3606 833 3669; x_wconf 80' lang='lat' dir='ltr'><strong>totumque</strong></span> <span class='ocrx_word' id='word_1_305' title='bbox 851 3600 922 3654; x_wconf 82' lang='lat' dir='ltr'><strong>adeo</strong></span> <span class='ocrx_word' id='word_1_306' title='bbox 937 3629 992 3670; x_wconf 85' lang='lat'><strong>-,</strong></span> <span class='ocrx_word' id='word_1_307' title='bbox 1015 3593 1055 3654; x_wconf 87' lang='lat' dir='ltr'><strong>ib.</strong></span> <span class='ocrx_word' id='word_1_308' title='bbox 1072 3601 1105 3658; x_wconf 88' lang='lat'><strong>37</strong></span> <span class='ocrx_word' id='word_1_309' title='bbox 1121 3598 1198 3652; x_wconf 84' lang='lat' dir='ltr'><strong>nullo</strong></span> <span class='ocrx_word' id='word_1_310' title='bbox 1217 3597 1289 3652; x_wconf 82' lang='lat' dir='ltr'><strong>adeo</strong></span> <span class='ocrx_word' id='word_1_311' title='bbox 1303 3597 1423 3667; x_wconf 81' lang='lat' dir='ltr'><strong>suspitio</strong></span> 
     </span>
     <span class='ocr_line' id='line_1_33' title="bbox 286 3696 1424 3778; baseline -0.001 -23"><span class='ocrx_word' id='word_1_312' title='bbox 286 3733 342 3774; x_wconf 80' lang='lat'><strong>--‚</strong></span> <span class='ocrx_word' id='word_1_313' title='bbox 370 3701 444 3759; x_wconf 85' lang='lat' dir='ltr'><strong>Ner.</strong></span> <span class='ocrx_word' id='word_1_314' title='bbox 464 3701 500 3762; x_wconf 78' lang='lat'><strong>35</strong></span> <span class='ocrx_word' id='word_1_315' title='bbox 522 3701 629 3756; x_wconf 84' lang='lat' dir='ltr'><strong>nullum</strong></span> <span class='ocrx_word' id='word_1_316' title='bbox 650 3701 721 3756; x_wconf 79' lang='lat' dir='ltr'><strong>odeo</strong></span> <span class='ocrx_word' id='word_1_317' title='bbox 743 3729 795 3767; x_wconf 91' lang='grc'><strong>-,</strong></span> <span class='ocrx_word' id='word_1_318' title='bbox 821 3696 910 3759; x_wconf 89' lang='lat' dir='ltr'><strong>Galb.</strong></span> <span class='ocrx_word' id='word_1_319' title='bbox 926 3701 1095 3778; x_wconf 34' lang='lat' dir='ltr'><strong>&#39;lt-maiore</strong></span> <span class='ocrx_word' id='word_1_320' title='bbox 1119 3700 1190 3755; x_wconf 81' lang='lat' dir='ltr'><strong>adeo</strong></span> <span class='ocrx_word' id='word_1_321' title='bbox 1208 3727 1264 3766; x_wconf 92' lang='grc'><strong>-,</strong></span> <span class='ocrx_word' id='word_1_322' title='bbox 1295 3715 1424 3776; x_wconf 88' lang='lat' dir='ltr'><strong>quorum</strong></span> 
     </span>
     <span class='ocr_line' id='line_1_34' title="bbox 288 3797 1423 3882; baseline -0.005 -20"><span class='ocrx_word' id='word_1_323' title='bbox 288 3803 429 3882; x_wconf 81' lang='lat' dir='ltr'><strong>exemplo</strong></span> <span class='ocrx_word' id='word_1_324' title='bbox 444 3806 537 3875; x_wconf 83' lang='lat' dir='ltr'><strong>ipsum</strong></span> <span class='ocrx_word' id='word_1_325' title='bbox 550 3805 621 3859; x_wconf 82' lang='lat' dir='ltr'><strong>adeo</strong></span> <span class='ocrx_word' id='word_1_326' title='bbox 639 3800 690 3859; x_wconf 88' lang='lat' dir='ltr'><strong>vel</strong></span> <span class='ocrx_word' id='word_1_327' title='bbox 706 3804 853 3874; x_wconf 64' lang='lat' dir='ltr'><strong>nasumque</strong></span> <span class='ocrx_word' id='word_1_328' title='bbox 870 3804 940 3858; x_wconf 76' lang='lat' dir='ltr'><strong>aare</strong></span> <span class='ocrx_word' id='word_1_329' title='bbox 958 3797 1121 3858; x_wconf 87' lang='lat' dir='ltr'><strong>dicendum</strong></span> <span class='ocrx_word' id='word_1_330' title='bbox 1136 3799 1251 3857; x_wconf 87' lang='lat' dir='ltr'><strong>fuerat:</strong></span> <span class='ocrx_word' id='word_1_331' title='bbox 1268 3807 1374 3858; x_wconf 88' lang='lat' dir='ltr'><strong>eontra</strong></span> <span class='ocrx_word' id='word_1_332' title='bbox 1389 3797 1423 3856; x_wconf 91' lang='lat' dir='ltr'><strong>in</strong></span> 
     </span>
     <span class='ocr_line' id='line_1_35' title="bbox 287 3901 1423 3984; baseline -0.005 -20"><span class='ocrx_word' id='word_1_333' title='bbox 287 3905 438 3984; x_wconf 88' lang='lat' dir='ltr'><strong>principio</strong></span> <span class='ocrx_word' id='word_1_334' title='bbox 454 3903 574 3983; x_wconf 89' lang='lat' dir='ltr'><strong>positae</strong></span> <span class='ocrx_word' id='word_1_335' title='bbox 590 3905 707 3975; x_wconf 79' lang='lat' dir='ltr'><strong>ideoque</strong></span> <span class='ocrx_word' id='word_1_336' title='bbox 721 3903 889 3981; x_wconf 86' lang='lat' dir='ltr'><strong>particulae</strong></span> <span class='ocrx_word' id='word_1_337' title='bbox 903 3902 1073 3962; x_wconf 87' lang='lat' dir='ltr'><strong>orationem</strong></span> <span class='ocrx_word' id='word_1_338' title='bbox 1085 3909 1213 3962; x_wconf 90' lang='lat' dir='ltr'><strong>nectunt</strong></span> <span class='ocrx_word' id='word_1_339' title='bbox 1225 3901 1423 3980; x_wconf 88' lang='lat' dir='ltr'><strong>saepissime:</strong></span> 
     </span>
     <span class='ocr_line' id='line_1_36' title="bbox 286 4003 1423 4084; baseline -0.005 -19"><span class='ocrx_word' id='word_1_340' title='bbox 286 4008 344 4066; x_wconf 91' lang='lat' dir='ltr'><strong>Iul.</strong></span> <span class='ocrx_word' id='word_1_341' title='bbox 360 4017 403 4069; x_wconf 85' lang='grc'><strong>45.</strong></span> <span class='ocrx_word' id='word_1_342' title='bbox 419 4015 464 4070; x_wconf 86' lang='grc'><strong>86.</strong></span> <span class='ocrx_word' id='word_1_343' title='bbox 491 4005 571 4084; x_wconf 81' lang='lat' dir='ltr'><strong>Aug.</strong></span> <span class='ocrx_word' id='word_1_344' title='bbox 587 4014 631 4068; x_wconf 82' lang='lat'><strong>91.</strong></span> <span class='ocrx_word' id='word_1_345' title='bbox 659 4003 730 4062; x_wconf 83' lang='lat' dir='ltr'><strong>Tib.</strong></span> <span class='ocrx_word' id='word_1_346' title='bbox 746 4013 789 4068; x_wconf 84' lang='grc'><strong>67.</strong></span> <span class='ocrx_word' id='word_1_347' title='bbox 820 4003 886 4064; x_wconf 85' lang='lat' dir='ltr'><strong>Oal.</strong></span> <span class='ocrx_word' id='word_1_348' title='bbox 902 4015 945 4066; x_wconf 79' lang='lat'><strong>50.</strong></span> <span class='ocrx_word' id='word_1_349' title='bbox 973 4005 1047 4063; x_wconf 87' lang='lat' dir='ltr'><strong>Ner.</strong></span> <span class='ocrx_word' id='word_1_350' title='bbox 1063 4013 1107 4066; x_wconf 80' lang='lat'><strong>29.</strong></span> <span class='ocrx_word' id='word_1_351' title='bbox 1123 4015 1166 4065; x_wconf 79' lang='lat'><strong>55.</strong></span> <span class='ocrx_word' id='word_1_352' title='bbox 1190 4003 1253 4062; x_wconf 86' lang='lat' dir='ltr'><strong>Vit.</strong></span> <span class='ocrx_word' id='word_1_353' title='bbox 1268 4012 1294 4064; x_wconf 90' lang='grc'><strong>4.</strong></span> <span class='ocrx_word' id='word_1_354' title='bbox 1324 4003 1423 4082; x_wconf 87' lang='lat' dir='ltr'><strong>Vesp.</strong></span> 
     </span>
     <span class='ocr_line' id='line_1_37' title="bbox 286 4103 1424 4189; baseline -0.007 -19"><span class='ocrx_word' id='word_1_355' title='bbox 286 4115 355 4187; x_wconf 50' lang='lat'><strong>527,</strong></span> <span class='ocrx_word' id='word_1_356' title='bbox 379 4129 438 4189; x_wconf 93' lang='lat' dir='ltr'><strong>quo</strong></span> <span class='ocrx_word' id='word_1_357' title='bbox 462 4109 553 4168; x_wconf 87' lang='lat' dir='ltr'><strong>etiam</strong></span> <span class='ocrx_word' id='word_1_358' title='bbox 573 4124 626 4164; x_wconf 82' lang='lat' dir='ltr'><strong>noc</strong></span> <span class='ocrx_word' id='word_1_359' title='bbox 647 4109 709 4165; x_wconf 83' lang='lat' dir='ltr'><strong>ideo</strong></span> <span class='ocrx_word' id='word_1_360' title='bbox 724 4106 860 4187; x_wconf 88' lang='lat' dir='ltr'><strong>pertinet</strong></span> <span class='ocrx_word' id='word_1_361' title='bbox 875 4107 954 4184; x_wconf 84' lang='lat' dir='ltr'><strong>Aug.</strong></span> <span class='ocrx_word' id='word_1_362' title='bbox 971 4114 1017 4179; x_wconf 75' lang='lat' dir='ltr'><strong>et,</strong></span> <span class='ocrx_word' id='word_1_363' title='bbox 1040 4106 1107 4166; x_wconf 89' lang='lat' dir='ltr'><strong>sola</strong></span> <span class='ocrx_word' id='word_1_364' title='bbox 1128 4108 1190 4164; x_wconf 80' lang='lat' dir='ltr'><strong>ideo</strong></span> <span class='ocrx_word' id='word_1_365' title='bbox 1209 4103 1359 4182; x_wconf 86' lang='lat' dir='ltr'><strong>particula</strong></span> <span class='ocrx_word' id='word_1_366' title='bbox 1381 4123 1424 4164; x_wconf 89' lang='lat' dir='ltr'><strong>ne</strong></span> 
     </span>
     <span class='ocr_line' id='line_1_38' title="bbox 285 4209 655 4292; baseline -0.008 -21"><span class='ocrx_word' id='word_1_367' title='bbox 285 4231 347 4271; x_wconf 90' lang='lat' dir='ltr'><strong>uno</strong></span> <span class='ocrx_word' id='word_1_368' title='bbox 364 4211 488 4292; x_wconf 91' lang='lat' dir='ltr'><strong>quidem</strong></span> <span class='ocrx_word' id='word_1_369' title='bbox 504 4209 655 4290; x_wconf 82' lang='lat' dir='ltr'><strong>exemplo.</strong></span> 
     </span>
    </p>

    <p class='ocr_par' dir='ltr' id='par_1_5' title="bbox 287 4309 1426 4494">
     <span class='ocr_line' id='line_1_39' title="bbox 370 4309 1426 4391; baseline -0.002 -19"><span class='ocrx_word' id='word_1_370' title='bbox 370 4313 446 4390; x_wconf 78' lang='lat' dir='ltr'><strong>Pag.</strong></span> <span class='ocrx_word' id='word_1_371' title='bbox 461 4311 516 4386; x_wconf 74' lang='lat'><strong>32,</strong></span> <span class='ocrx_word' id='word_1_372' title='bbox 532 4311 553 4372; x_wconf 83' lang='lat'>4</span> <span class='ocrx_word' id='word_1_373' title='bbox 574 4316 753 4383; x_wconf 71' lang='lat' dir='ltr'><strong>onesimum,</strong></span> <span class='ocrx_word' id='word_1_374' title='bbox 775 4309 856 4391; x_wconf 89' lang='lat' dir='ltr'><strong>quod</strong></span> <span class='ocrx_word' id='word_1_375' title='bbox 873 4311 1007 4370; x_wconf 86' lang='lat' dir='ltr'><strong>servavit</strong></span> <span class='ocrx_word' id='word_1_376' title='bbox 1022 4321 1111 4370; x_wconf 88' lang='lat' dir='ltr'><strong>vetus</strong></span> <span class='ocrx_word' id='word_1_377' title='bbox 1126 4309 1301 4382; x_wconf 88' lang='lat' dir='ltr'><strong>Parisinus,</strong></span> <span class='ocrx_word' id='word_1_378' title='bbox 1324 4309 1426 4370; x_wconf 80' lang='lat' dir='ltr'><strong>firrnat</strong></span> 
     </span>
     <span class='ocr_line' id='line_1_40' title="bbox 287 4411 1426 4494; baseline -0.002 -22"><span class='ocrx_word' id='word_1_379' title='bbox 287 4413 487 4487; x_wconf 85' lang='lat' dir='ltr'><strong>Dresdensis‚</strong></span> <span class='ocrx_word' id='word_1_380' title='bbox 504 4414 672 4473; x_wconf 87' lang='lat' dir='ltr'><strong>rectissime</strong></span> <span class='ocrx_word' id='word_1_381' title='bbox 689 4421 801 4472; x_wconf 86' lang='lat' dir='ltr'><strong>tutatus</strong></span> <span class='ocrx_word' id='word_1_382' title='bbox 819 4421 865 4471; x_wconf 76' lang='lat' dir='ltr'><strong>ea</strong></span> <span class='ocrx_word' id='word_1_383' title='bbox 879 4411 1008 4472; x_wconf 87' lang='lat' dir='ltr'><strong>Rotlrius</strong></span> <span class='ocrx_word' id='word_1_384' title='bbox 1026 4433 1055 4491; x_wconf 87' lang='lat' dir='ltr'><strong>p.</strong></span> <span class='ocrx_word' id='word_1_385' title='bbox 1070 4421 1119 4494; x_wconf 64' lang='lat'><strong>182}</strong></span> <span class='ocrx_word' id='word_1_386' title='bbox 1134 4432 1190 4491; x_wconf 64' lang='lat' dir='ltr'><strong>sq„</strong></span> <span class='ocrx_word' id='word_1_387' title='bbox 1207 4431 1271 4470; x_wconf 91' lang='lat' dir='ltr'><strong>uon</strong></span> <span class='ocrx_word' id='word_1_388' title='bbox 1286 4411 1338 4469; x_wconf 87' lang='lat' dir='ltr'><strong>ille</strong></span> <span class='ocrx_word' id='word_1_389' title='bbox 1355 4431 1426 4470; x_wconf 87' lang='lat' dir='ltr'><strong>cum</strong></span> 
     </span>
    </p>
   </div>
   <div class='ocr_carea' id='block_1_3' title="bbox 0 0 1577 5100">
    <p class='ocr_par' dir='ltr' id='par_1_6' title="bbox 0 0 1577 5100">
     <span class='ocr_line' id='line_1_41' title="bbox 0 0 1577 5100; baseline 0 0"><span class='ocrx_word' id='word_1_390' title='bbox 0 0 1577 5100; x_wconf 95' lang='lat' dir='ltr'><strong> </strong></span> 
     </span>
    </p>
   </div>
  </div>
 </body>
</html>
