3078 5072
268 359 308 432 ll)
638 383 681 430 os
704 384 791 430 rums
815 385 1027 432 ranvsrarnus
1058 395 1061 410 ·
1130 414 1142 444 ,Ι

266 535 434 603 cbilochus
457 547 489 602 at
510 535 704 624 Hipponax,
736 535 822 624 apud
846 533 1008 600 Romanos
1030 535 1178 602 Lucilius
1200 549 1231 602 ct
1253 535 1402 604 Catullus

267 649 299 704 at
319 639 476 704 Horatius
495 649 528 704 et
548 636 737 722 Bibaculus.

351 769 388 806 u
412 739 530 806 Satura
551 741 671 805 dicitur
696 761 825 804 carmen
852 738 939 825 apud
965 739 1128 805 Romanos
1160 763 1245 806 nunc
1271 742 1400 829 quidem

265 842 460 908 maledicum
483 853 515 908 et
537 841 578 906 ad
607 841 772 928 carpenda
795 841 958 906 bominum
986 845 1067 907 uitia
1094 843 1249 934 archaeae
1275 864 1400 910 comoe-

266 945 338 1010 diae
366 943 553 1009 charactere
581 946 799 1031 conpositum,
839 944 935 1028 quale
964 945 1164 1032 scripserunt
1192 945 1339 1010 Lucilius
1368 957 1422 1010 etz.

265 1047 420 1112 Horatius
444 1057 476 1110 et
502 1046 645 1112 Persius.
690 1046 748 1110 sed
775 1047 850 1111 olim
873 1067 1003 1109 carmen
1032 1047 1118 1133 quod
1139 1069 1182 1112 ex
1204 1048 1303 1112 uariis
1325 1069 1400 1136 poe·

264 1149 405 1214 malibus
434 1147 606 1214 constabat
633 1157 744 1212 satura
765 1145 958 1230 uocabatur,
990 1149 1084 1235 quale
1110 1151 1310 1236 scripserubt
1337 1149 1399 1213 Pa-

263 1251 379 1316 cuuius
402 1258 435 1315 et
457 1250 594 1315 Ennius.
637 1261 746 1314 satura
767 1259 873 1314 antem
896 1249 983 1315 dicta
1011 1253 1080 1315 siue
1105 1273 1125 1314 a
1147 1252 1281 1338 satyris,
1312 1250 1400 1339 quod

264 1353 414 1418 similiter
434 1353 467 1416 in
486 1353 547 1417 hoc
570 1353 712 1416 carmine
734 1339 892 1416 ridiculae
914 1373 965 1416 res
985 1352 1221 1440 pudendaeque
1237 1352 1398 1432 dicuntur,

169 1469 171 1474 ’
248 1476 347 1542 ·quae
379 1453 469 1519 uelut
502 1476 522 1518 a
555 1454 673 1540 satyris
707 1452 914 1539 proferuntur
939 1462 972 1518 et
998 1453 1093 1518 fiunt:
1135 1456 1204 1520 siue
1238 1463 1347 1519 satura
1378 1475 1433 1520 am

173 1569 176 1576 '
263 1557 372 1639 lance,
404 1577 488 1644 quae
508 1556 630 1620 referta
654 1557 754 1620 uariis
776 1554 949 1643 multisque
972 1556 1124 1642 primitiis
1145 1557 1292 1632 insacro
1310 1556 1398 1644 apud

183 1695 189 1710 ·
262 1661 387 1744 priscos
409 1658 458 1722 dis
477 1657 692 1737 inferebatur,
714 1666 777 1721 cta
797 1658 889 1744 copia
908 1679 946 1722 ac
962 1659 1130 1723 saturitate
1151 1659 1198 1722 rei
1217 1669 1327 1722 satura
1342 1681 1397 1724 uo-

263 1760 414 1842 cabatar;
458 1762 551 1825 cuius
581 1760 712 1844 generis
741 1757 882 1823 lancium
917 1769 950 1824 et
978 1756 1143 1845 Vergilius
1172 1761 1206 1823 in
1235 1761 1396 1844 georgicis

263 1862 425 1941 meminit,
449 1883 521 1926 cum
541 1861 602 1944 hoc
624 1861 719 1927 modo
741 1860 836 1924 dicit:
1319 1859 1322 1867 '

413 1963 561 2027 lancibus
583 1972 616 2026 ct
635 1961 751 2050 pandis
775 1963 935 2026 fumantia
957 1962 1121 2027 reddimus
1143 1972 1220 2029 exta
1407 1993 1430 2032 a

262 2075 294 2130 et

713 2155 886 2254 laticesque
910 2177 941 2232 et
961 2167 1028 2231 liba
1051 2167 1206 2230 feramus:

332 2357 390 2422 lsq.
410 2357 597 2420 Quintilianus
616 2359 639 2406 X
661 2355 687 2417 l,
706 2355 752 2404 uo:
791 2357 910 2408 ‘iambus
928 2373 982 2407 non
1000 2372 1067 2406 sane
1087 2371 1103 2404 a
1122 2355 1251 2406 Romanis
1270 2354 1393 2405 colobia·

260 2431 303 2476 tus
322 2431 366 2475 est
389 2431 418 2474 ut
436 2427 571 2491 proprium
595 2441 673 2491 olaus,
700 2425 859 2488 quibusdam
879 2426 1072 2490 interpositum
1110 2425 1188 2473 cuins
1207 2425 1347 2474 acerbitas
1366 2425 1393 2472 in

260 2491 370 2583 Catullo
389 2493 522 2544 Bibaculo
547 2494 676 2556 Horatio,
701 2508 863 2558 quamquam
888 2493 928 2544 illi
952 2493 1053 2558 spodos
1073 2493 1254 2555 intcrueniat‚
1274 2493 1392 2556 repca-io-

255 2567 308 2613 tur.

342 2629 418 2696 3-p.
432 2631 502 2692 22⁸2
520 2629 610 2679 Schol.
625 2630 698 2678 Pers.
714 2629 773 2678 cod.
788 2629 868 2678 Itcrn.
883 2627 932 2678 [165
945 2646 959 2678 e
973 2629 1158 2694 descriptione
1171 2627 1265 2677 Iahni:
1280 2627 1394 2691 ‘Satyra

259 2713 344 2762 genus
364 2703 406 2746 est
424 2698 512 2746 lancis
531 2697 617 2746 uariis
638 2698 742 2758 frugum
767 2697 915 2762 generibus
934 2697 1044 2762 planum
1067 2713 1137 2762 quae
1161 2697 1265 2746 referta
1288 2697 1392 2744 sacriti-

260 2767 311 2814 ciis
334 2767 436 2815 Venari
460 2765 604 2814 consueuit
626 2765 728 2814 inlorri.
754 2765 829 2814 dicta
854 2771 945 2814 autom
964 2767 1051 2814 satira
1070 2765 1253 2815 anctoritate
1277 2764 1296 2812 i.
1315 2779 1338 2812 e.
1357 2763 1392 2812 ab

258 2833 463 2894 habundantia,
488 2833 559 2882 unde
583 2833 611 2880 in
636 2831 715 2882 choro
740 2833 833 2881 Libcri
857 2834 944 2898 patria
969 2835 1086 2882 ministri
1109 2834 1173 2882 uino
1198 2837 1280 2896 atque
1305 2829 1393 2897 epulis

258 2901 333 2966 pleni
356 2903 442 2950 saturi
462 2901 683 2966 appellabantur:
716 2900 778 2950 inda
801 2901 932 2965 scriptum
952 2903 1089 2966 poematis
1105 2901 1211 2950 satirici
1237 2901 1308 2949 hunc
1327 2901 1392 2948 titn·

260 2969 313 3018 lum
339 2970 448 3034 accepit
472 2969 543 3032 quod
566 2969 687 3033 perrrmis
712 2969 850 3032 factisque
877 2970 981 3018 satiata
1001 2969 1140 3018 abundare
1160 2969 1241 3018 uideo
1260 2971 1290 3030 (i.
1309 2983 1331 3017 e.
1351 2968 1392 3016 ui·

258 3037 359 3098 detur).
391 3037 440 3086 Vol
461 3041 554 3101 satyra
573 3036 672 3086 dicitnr
691 3037 762 3100 apud
776 3037 913 3086 Romanos
927 3053 1038 3086 carmen
1050 3037 1213 3086 maledicum
1233 3041 1261 3084 et
1280 3035 1314 3084 ad
1333 3051 1392 3084 car-

257 3105 346 3169 pcmla
364 3104 502 3155 homiuum
521 3105 591 3153 uitia
608 3105 786 3170 compositum
805 3105 885 3168 qualo
905 3106 1074 3170 scripserunt
1087 3105 1210 3154 Lucilius
1228 3104 1351 3152 horatius
1365 3109 1394 3151 ct

257 3174 371 3238 persius.
396 3177 426 3222 at
444 3173 508 3222 olim
527 3187 634 3222 carmon
654 3171 725 3236 quod
744 3188 758 3220 c
777 3173 864 3221 uariis
882 3174 1054 3238 poematibus
1073 3173 1221 3224 constabat
1239 3172 1327 3221 satira
1345 3185 1391 3219 uo-

258 3241 375 3294 cabatur
398 3240 478 3306 quale
503 3241 668 3306 scripserunt
691 3240 824 3304 pacnuius
850 3247 878 3288 ct
896 3240 1004 3290 emilius
1028 3243 1112 3304 (immo
1129 3237 1256 3298 Ennius).
1293 3239 1392 3302 Satyra

258 3314 349 3358 autem
368 3309 444 3358 dicta
463 3309 521 3358 ¹*siue
541 3325 556 3358 a
573 3309 673 3372 satyris
692 3308 762 3372 qnod
781 3309 909 3357 similiter
927 3309 954 3358 in
975 3309 1027 3359 hoo
1052 3309 1172 3358 carmine
1193 3307 1326 3356 ridiculae
1350 3323 1390 3356 rc·

256 3377 431 3443 spuendequc
451 3375 481 3434 t't.
501 3393 522 3428 e.
542 3391 585 3424 tes
609 3375 820 3440 pudendaeque)
840 3377 967 3426 dicuntur
985 3379 1063 3441 quasi
1083 3377 1159 3426 sictut
1179 3391 1194 3424 a
1213 3375 1313 3439 satyris
1331 3391 1389 3440 pro-

257 3447 381 3496 ferantur
403 3447 462 3495 sine
487 3461 503 3493 a
527 3449 618 3492 satura
644 3443 737 3505 lance,
762 3459 832 3508 quac
857 3447 960 3494 rct'orta
984 3445 1069 3494 uariis
1094 3445 1239 3508 multisque
1264 3443 1392 3508 primitiis

255 3513 309 3564 diis
332 3514 503 3563 inscrebatur
524 3517 551 3560 ct
575 3527 591 3560 a
615 3513 695 3576 copia
720 3519 747 3560 et
771 3529 787 3562 a
810 3514 942 3562 satietate
968 3515 1006 3563 roi
1031 3519 1126 3562 satura
1144 3513 1305 3562 uocabatur.
1342 3510 1391 3558 alii

256 3587 347 3632 autem
366 3581 467 3630 dictam
486 3585 582 3646 putant
601 3596 616 3628 a
636 3580 696 3642 lege
716 3581 816 3642 satira,
843 3595 912 3644 quac
932 3596 986 3630 uno
1009 3587 1107 3646 rogatu
1133 3579 1218 3629 multa
1242 3577 1320 3628 simul
1344 3593 1390 3627 ca·

254 3649 363 3716 piabat,
384 3649 453 3714 quod
472 3649 579 3700 scilicet
597 3648 625 3698 iu
643 3648 796 3698 huiusmodi
816 3651 937 3698 carmina
962 3648 1048 3698 multa
1066 3653 1195 3715 poemata
1214 3646 1390 3712 comprohen-

259 3772 460 3780 —---—

341 3852 350 3902 1
371 3840 485 3900 catulus
500 3841 585 3896 ΑΒΜ
598 3833 612 3920 Η
627 3847 643 3898 ’1
657 3837 817 3896 uiuaculus
840 3840 925 3896 ΑΒΜ
944 3833 957 3919 ll
979 3839 1123 3918 ub'atyra
1145 3839 1233 3895 ΑΒΜ
1250 3831 1263 3918 ΙΙ
1279 3835 1390 3916 Satyra

253 3935 301 3983 est
317 3945 438 3984 carmen
454 3924 533 4002 apud
551 3943 691 3982 romanos
711 3943 771 3981 non
788 3923 910 4003 quidem
931 3923 1011 4002 apud
1028 3943 1155 4000 graecos
1172 3921 1354 3980 maledicum
1374 3941 1392 3990 ς

253 4007 261 4090 l
280 4011 439 4070 tarobeac
455 4011 541 4066 ΑΒΜ
552 4003 565 4090 ΙΙ
581 4021 596 4070 5
615 4009 721 4089 quales
737 4010 794 4065 AM
806 4003 820 4089 ss
834 4017 851 4070 6
869 4009 923 4066 sed
940 4013 1060 4082 scripsi:
1081 4017 1110 4066 et
1130 4011 1215 4065 ΑΒΜ
1227 4002 1240 4087 ll
1255 4013 1270 4068 7
1286 4017 1390 4087 satyra

254 4097 316 4152 ΒΜ
332 4096 461 4154 satiraA
481 4087 494 4176 ll
515 4093 621 4173 qualos
638 4097 690 4150 ΑΒ
704 4089 749 4173 llil
768 4104 871 4174 satyra
893 4095 980 4151 ΑΒΜ
990 4088 1004 4174 ΙΙ
1023 4105 1053 4154 10
1070 4105 1175 4171 satyra
1194 4113 1212 4150 a
1228 4093 1316 4150 lance
1338 4093 1390 4148 AB

253 4189 358 4259 satyra
369 4181 449 4239 lanto
464 4181 499 4237 Μ
513 4187 647 4257 asatyra
661 4178 748 4236 lance
769 4201 785 4248 ς
800 4177 813 4258 ΙΙ
830 4181 906 4240 ltin
923 4180 1017 4238 sacris
1034 4178 1154 4238 Cereris
1172 4177 1358 4236 inferebatur
1374 4199 1391 4246 ς

252 4259 261 4346 ll
283 4273 313 4324 1⁸2
327 4267 440 4343 priscos
455 4265 596 4324 diis·BM
611 4263 774 4342 priscordis
792 4271 814 4321 Α
836 4260 848 4346 ll
871 4283 906 4322 ac
926 4285 976 4321 om.
999 4266 1060 4321 ΒΜ
1071 4261 1084 4345 Η
1099 4275 1204 4342 satyra
1220 4265 1277 4320 AM
1297 4261 1391 4320 satira

254 4352 280 4407 Β
295 4345 308 4429 ΙΙ
325 4363 356 4412 15
368 4346 513 4428 lancibus]
538 4351 620 4423 Vera.
632 4365 729 4424 aeorq.
745 4350 782 4407 II
800 4355 852 4408 191
867 4345 881 4430 [l
898 4357 927 4411 17
944 4346 1121 4430 lancesque]
1145 4351 1228 4424 Vera.
1243 4365 1340 4424 ycoro.
1356 4349 1395 4406 ΙΙ

253 4439 310 4494 391
