3162 5058
384 403 615 446 συνεισκοατι
640 405 728 446 mam
751 405 794 445 σε.
817 404 952 448 τεοῖσιν
977 405 1173 448 οιιισοοιιτιι
1290 393 1348 456 831

210 567 284 612 τινες
300 549 351 604 καλ
374 554 482 619 χαλκαῖ
501 557 585 620 μυῖαι
603 551 815 622 συννσμόμεναί
831 569 902 622 φασι
920 557 980 614 τοῖς
992 547 1154 622 κανθάροις
1168 555 1352 624 γαλκίζουσαι

210 619 245 686 τῇ
263 621 346 686 γροία
367 616 415 680 αἶς
433 615 463 671 οἵ
480 621 584 681 παῖδες
604 622 692 688 κηρία
716 619 806 688 φασίν
827 617 1032 687 προστιθέντες
1050 614 1183 689 α’φιάσιν.
1214 625 1264 675 Οδ.
1285 627 1352 676 VIII

210 687 267 739 376.
291 673 341 740 καλ
363 679 400 756 ἦν
424 685 494 748 {aas
512 684 637 741 παλαιὸν
659 680 733 741 οὕτω
751 690 874 753 παίζειν.
914 688 964 741 καλ
982 683 1154 757 έπεγωρίαζέ
1173 707 1244 756 φασι
1262 695 1351 744 Λακε-

211 755 372 823 δαιμονίοις
400 749 479 822 άγάν
507 752 542 810 τά
566 753 773 824 σφαιρομάγια.
819 753 896 818 είκός
920 753 953 810 δέ
971 761 1021 810 καῖ
1038 753 1092 826 τὴν
1117 753 1177 812 διά
1196 761 1352 826 σφαίρας

211 817 332 876 παιδιάν
350 817 402 901 την
420 821 600 892 καλουμένην
623 821 767 892 ου’ρανίαν
784 821 920 894 τοιαύτην
938 819 1022 878 εἶναι.
1051 827 1134 880 τοῦτο
1153 820 1207 893 γάρ
1225 819 1351 894 ύπσβαλ-

211 894 251 943 λει
265 895 345 944 νοεῖν
362 891 555 960 υπερβσλιιιιδς
574 888 669 960 ῥηθέν
685 887 717 946 τὸ
736 889 787 953 ἓως
805 891 854 946 καλ
873 886 901 953 ές
919 889 994 960 νέφη
1013 887 1179 958 βιπτεῖσθαι
1197 890 1249 962 τὴν
1267 899 1353 962 σφαῖ·

210 977 273 1024 ραν.
310 961 466 1027 οημείινσαι
484 956 516 1014 δὲ
535 960 585 1014 καῖ
602 954 647 1014 ὅτι
665 953 805 1042 σ’ρηῄσευς
823 957 902 1021 εἶδος
919 951 956 1030 η’ν
974 961 1024 1014 καλ
1038 956 1184 1028 ἡτοιαύτη
1204 958 1253 1016 διά
1267 965 1353 1030 σφαί-

211 1045 261 1093 ρας
279 1021 398 1106 παιδιά,
416 1019 454 1087 ὥς
478 1029 562 1096 δηλοῖ
580 1026 628 1080 καλ
652 1022 667 1082 ὁ
690 1047 763 1082 ουτω
786 1023 914 1108 γράψας·
934 1031 1142 1096 θερμαυστρίς,
1167 1027 1218 1099 ὅρη
1240 1047 1283 1092 σις
1302 1025 1351 1084 διά

210 1095 309 1147 ποδῶν
336 1112 483 1156 συντονσς.
514 1095 586 1164 φησλ
608 1097 679 1164 γοῦν
702 1097 822 1164 Κριτίας
851 1115 924 1150 ουτω
947 1089 1186 1166 άναπηδήσαντες
1210 1051 1252 1158 τίς
1275 1089 1351 1162 ὕψος

211 1159 265 1241 ηιρὸ
283 1163 335 1216 τοῦ
352 1165 565 1233 κατενεχθῆναι
584 1158 631 1218 έπλ
649 1166 705 1232 γῆν
722 1161 907 1232 παραλλαγάς
924 1160 1031 1225 πολλάς
1049 1171 1108 1226 τοῖς
1126 1167 1210 1222 πσσλν
1224 1160 1352 1232 ἐποίουν,

210 1248 225 1284 ο
249 1225 284 1300 δη
309 1233 547 1299 θερμαδστρῖζειν
566 1229 671 1300 ἔλεγον.
707 1226 835 1286 ἐοίκασιν
858 1221 910 1286 σύν
932 1232 982 1286 καλ
1006 1229 1036 1286 σί
1058 1233 1199 1302 βασιλικοὶ
1223 1227 1353 1287 ἐνταῦθα

210 1299 314 1358 παῖδες
336 1295 455 1352 τοιαύτά
478 1319 543 1352 τινα
566 1303 716 1366 παίζοντες
734 1300 783 1354 καλ
806 1295 859 1368 τὴν
877 1305 1007 1368 σφαῖραν
1024 1295 1221 1368 α’ναρριπτεῖν.
1258 1293 1300 1354 ὅτι
1320 1297 1352 1354 δέ

210 1360 373 1446 ἡὸηβεῖσα
390 1359 514 1442 σύρανία
532 1364 612 1428 εἶδος
642 1357 672 1420 ’ν
694 1371 744 1436 της
763 1363 812 1421 διά
831 1369 956 1446 σφαίρας
980 1369 1114 1430 παιδιαῖς,
1139 1371 1225 1438 δηλοῖ
1246 1363 1262 1422 ο“
1285 1364 1353 1436 γρά-

210 1445 269 1498 ψας
288 1453 332 1488 οτι
344 1431 455 1515 ,ταύτης
473 1455 491 1503 η
510 1433 564 1502 μέν
582 1456 623 1496 τις
634 1388 752 1503 έλέγετσ
770 1429 893 1517 σύραηία
928 1455 946 1504 η
961 1433 998 1518 ,δέ
1016 1429 1183 1518 άπύρραξις,
1202 1431 1220 1506 ἠ
1240 1433 1271 1492 δὲ
1291 1431 1352 1516 ξπί-

210 1520 320 1568 σκυρος.
333 1523 352 1571 η
367 1499 399 1556 δέ
413 1505 564 1569 φαινίνδα.
595 1505 726 1572 ουρανί
731 1523 748 1556 α
766 1500 820 1571 μέν
837 1523 855 1572 η
875 1475 916 1564 είς
934 1523 1059 1569 ουρανον
1071 1523 1126 1585 της
1137 1507 1263 1573 σφαίρας
1281 1523 1351 1557 ανα·

211 1566 292 1639 βολή,
311 1561 349 1640 ἢν
367 1565 514 1658 ὀπσιητης
528 1566 682 1639 έμφαίνειν
700 1572 784 1625 δοκεῖ
801 1565 831 1624 έν
848 1573 895 1636 τῷ·
915 1569 944 1624 οἳ
964 1565 993 1624 δ’
1012 1567 1073 1626 έπεὶ
1091 1591 1145 1626 ουν
1161 1579 1291 1641 σφαῖραν
1302 1591 1353 1624 κα-

210 1634 263 1706 λὴν
280 1635 350 1705 μετά
369 1638 466 1707 χερσῖν
484 1643 581 1692 ελοντο
595 1637 764 1720 πορφυρέην
782 1639 830 1694 καὶ
849 1633 914 1708 έξης
932 1632 969 1702 ὦς
988 1635 1210 1708 προγέγραπται.
1241 1633 1352 1708 α’πόρ-

210 1707 312 1772 ραξις
331 1703 372 1772 δέ,
385 1699 431 1759 στ’
443 1697 482 1760 άν
494 1707 547 1776 τὴν
567 1714 696 1774 σφαῖραν
713 1727 751 1778 μη
770 1701 841 1774 πρὸς
854 1713 950 1772 τοῖχον
968 1700 1040 1760 α’λλά
1059 1705 1129 1774 πρὸς
1149 1707 1257 1776 έδαφος
1270 1711 1353 1778 σκλη-

211 1777 264 1838 ροῖς
277 1791 367 1856 φασιν
379 1767 539 1842 άράττιοσιν
551 1793 620 1829 ωστε
633 1772 872 1844 άποκρουσμένην
884 1773 1025 1829 ἅλλεσθαι
1039 1771 1134 1830 πάλιν.
1162 1771 1176 1830 I
1182 1778 1223 1830 πί
1226 1794 1264 1830 στι
1272 1795 1289 1830 ν
1291 1791 1353 1898 ρος
1411 1803 1415 1810 ·

211 1837 250 1903 δέ,
271 1863 288 1911 η
308 1837 429 1911 έχρυῑντσ
447 1839 478 1896 οἴ
494 1845 643 1909 παίζοντες
661 1839 734 1898 κατά
753 1842 853 1923 πληθη
872 1839 1034 1912 καλουμένη
1054 1839 1103 1898 διά
1121 1847 1205 1898 τοῦτο
1223 1843 1273 1898 καλ
1306 1845 1352 1896 πί-

209 1929 313 1970 κοινος.
356 1903 372 1978 ἡ
395 1904 425 1962 δ’
448 1905 521 1980 αύτὴ
545 1911 594 1966 καὶ
618 1907 751 1992 έφηβικη.
788 1905 935 1979 ωνόμαστο
960 1907 992 1964 δέ
1012 1905 1177 1980 έπίσκυρος,
1206 1906 1305 1982 έπειδή
1325 1907 1355 1964 σι’

210 1973 276 2032 κατ’
293 1971 385 2048 αύτην
397 1981 595 2045 σφαιρίζοντες
614 1973 660 2033 έπῖ
673 1983 801 2047 λατύπης
820 1973 934 2040 έστώτες
952 1968 990 2048 ἣν
1007 1975 1114 2048 σκύρσν
1129 1977 1234 2048 φαμέν,
1252 1974 1290 2042 ὡς
1302 1977 1353 2033 καλ

209 2039 336 2114 άλλαχσῦ
359 2045 531 2115 δεδήλωται,
560 2049 630 2116 βολῇ
653 2049 778 2114 σφαίρας
801 2042 941 2116 άλλήλοσς
965 2039 1127 2111 έξεδίωκσν.
1168 2047 1218 2102 καὶ
1235 2043 1352 2116 τοιαύτη

210 2111 292 2183 μἐνὴ
313 2109 473 2182 έπίσκυρσς.
505 2117 681 2182 φαινίνδα
701 2112 747 2180 δέ,
767 2105 812 2167 ὅτ’
830 2106 867 2168 άν
887 2109 970 2181 έτέρῳ
990 2114 1061 2181 φασῖ
1073 2112 1126 2184 τὴν
1138 2121 1267 2196 σφαῖραν
1284 2133 1353 2182 προ·

211 2177 374 2243 δεικνύντες
398 2176 482 2250 ἕτέρῳ
506 2177 598 2254 αύτήν
620 2177 824 2250 έπιπέμπωσιν.
870 2174 907 2251 ἣν
929 2182 978 2234 καλ
997 2176 1234 2250 έτυμολσγσυντες
1252 2181 1283 2235 οἱ
1299 2202 1352 2236 πα-

210 2250 286 2304 λαισῖ
305 2247 417 2318 λέγουσι
436 2248 573 2319 γενέσθαι
592 2245 684 2320 αύτὴν
703 2251 768 2311 ἴσως
786 2244 844 2304 άπὸ
862 2252 914 2304 τού
932 2251 1107 2318 φενακίζειν,
1127 2244 1162 2304 σύ
1180 2245 1258 2304 πάνυ
1272 2244 1351 2318 άκρι-

211 2319 266 2387 βαῖς
289 2309 378 2374 οὕτως
402 2312 660 2388 έτυμσλογήσαντες
678 2313 715 2380 ιὸς
734 2313 764 2371 έκ
785 2319 842 2371 τῶν.
863 2313 1089 2385 προγραφέντων
1108 2313 1140 2372 έν
1156 2319 1191 2388 τῇ
1207 2321 1275 2387 ζῆτα
1295 2315 1352 2371 έστι

211 2389 326 2453 γνῶναι.
363 2380 407 2438 ὅτι
431 2383 463 2440 δέ
487 2383 518 2440 τὸ
544 2389 705 2454 σφαιρίζειν
723 2379 775 2440 σύιι
799 2379 881 2472 ὀλίγη
900 2391 988 2453 μοῖρα
1013 2380 1157 2454 ένομῖζετύ
1186 2405 1257 2453 φασι
1283 2405 1352 2466 γυμ-

211 2456 358 2522 ναστικῆς,
385 2451 442 2507 έστι
466 2453 639 2523 συμβάλλειν
662 2454 711 2508 καῖ
736 2449 766 2506 έν
784 2457 834 2524 τῆς
858 2455 1009 2522 Ηροφίλσυ
1032 2455 1084 2507 τοῦ
1107 2451 1208 2521 ίατρού
1232 2452 1352 2514 είκονος.

210 2517 381 2588 παράκειται
406 2517 460 2590 γάρ
487 2541 577 2588 φασιν
605 2515 678 2592 αύτῇ
700 2517 753 2575 σύν
777 2515 882 2587 έτέροις
905 2520 960 2574 τισὶ
987 2528 1190 2590 γυμναστικσῖς
1218 2515 1353 2590 σ’ργάνοις

210 2590 259 2643 καὶ
278 2595 396 2656 σφαῖρα.
438 2593 488 2644 τοῦ
513 2588 543 2643 δὲ
567 2584 656 2656 άξίαν
679 2585 765 2658 λόγου
791 2589 840 2644 καλ
864 2586 917 2659 τὴν
936 2585 1136 2660 σφαιριστικὴν
1155 2585 1240 2656 εἷναι,
1260 2591 1353 2650 πίστις

210 2657 259 2710 καλ
275 2651 438 2726 Ἀθηναῖοι,
462 2660 583 2726 πολίτην
606 2653 795 2728 ποιησάμενοι
813 2651 995 2724 Ἀλέξανδρον
1021 2654 1071 2710 τὸν
1089 2653 1251 2725 Καρύστιον
1269 2676 1352 2724 σφαι-

211 2720 310 2794 ριστήν
327 2725 377 2778 καλ
395 2718 572 2793 άνδριάντας
591 2721 691 2794 έκεῖνο)
709 2721 927 2794 ἀναστήσαντες.
965 2720 1102 2794 Μιλήσιοι
1130 2726 1179 2778 καλ
1197 2721 1303 2786 πολλάς
1322 2719 1353 2778 έιι

210 2796 266 2846 τοῖν
289 2795 467 2860 στεφανιτῶν
485 2787 504 2846 α’
523 2789 603 2847 ω’νισν
625 2787 853 2862 α’πενεγκάμενοι
878 2795 959 2854 νίκας
983 2789 1036 2862 τὴν
1059 2800 1188 2861 σφαῖραν
1207 2792 1248 2856 είς
1266 2787 1354 2846 ούδέν

210 2857 321 2938 τούτων
338 2863 480 2942 ηρησίμην
500 2813 596 2928 έγνων.
635 2858 680 2916 διὸ
699 2865 748 2914 καλ
767 2859 963 2930 παραιτητέον
986 2855 1077 2930 αὐτὴν
1097 2857 1222 2928 ἔκριναν.
1259 2853 1302 2915 ὅτι
1322 2857 1353 2914 δέ

211 2932 266 2982 τοῖν
285 2948 376 2998 αυτην
394 2924 552 2994 παιζόντων
570 2925 637 2991 τούς
655 2925 707 2995 μέν
726 2931 864 2990 νικῶντας
883 2931 1008 2998 βασιλεῖς
1028 2923 1150 2983 έκάλουν
1168 2924 1205 2990 ὥς
1224 2925 1271 2999 έπλ
1290 2947 1353 2998 σεμ-

211 2995 319 3065 νάματι
342 2998 394 3050 τού
417 2995 514 3066 ἔργου,
540 2990 623 3058 ὅνους
649 2993 680 3051 δέ
704 2992 770 3057 τούς
793 2991 978 3066 ἡττωμένους.
1024 2999 1140 3065 δηλοῦσι
1164 2998 1213 3051 καλ
1237 2990 1307 3052 αύτό
1325 2993 1355 3049 σί

210 3065 330 3120 παλαιοὶ
349 3063 566 3144 παραφέροντες
584 3065 633 3118 καῖ
652 3061 773 3134 χρήσεις,
792 3062 844 3134 τὴν
856 3063 909 3133 μέν
923 3060 952 3118 έκ
966 3066 1017 3118 τοῦ
1029 3061 1102 3118 κατά
1116 3061 1256 3119 Πλάτωνα
1270 3065 1353 3118 Θεαι-

210 3133 298 3202 τήτου
315 3151 415 3185 τοιαυτ
438 3151 462 3184 ν·
482 3127 497 3186 ὁ
516 3130 548 3188 δέ
566 3128 701 3218 ἁμαρτών
719 3135 901 3199 καθεδεῖται,
920 3125 1011 3198 ὥςπερ
1031 3133 1120 3202 φασὶν
1143 3131 1173 3186 σί
1189 3138 1354 3201 σφαιρίζον·

210 3219 265 3262 τες,
285 3194 351 3261 ὄνος
370 3191 401 3262 ὃς
417 3153 451 3253 δ’
470 3193 507 3253 άν
525 3219 722 3270 παραγενηται
741 3194 956 3272 οἶναμάρτητος,
972 3196 1114 3270 ’βασιλεύς
1133 3195 1226 3270 ἡμῶν·
1249 3201 1302 3269 την
1321 3197 1353 3253 δέ

210 3261 269 3323 άπὸ
287 3273 446 3338 Κρατίνου,
466 3267 539 3322 σίου·

499 3329 560 3391 ὄνοι
579 3330 715 3404 άπωτέρω
733 3333 880 3406 κάθηνται
899 3338 949 3405 της
968 3333 1063 3402 λύρας.

210 3401 278 3466 τούς
302 3401 357 3472 γάρ
379 3399 558 3474 ἡττωμένους
581 3398 666 3465 ὅνους
689 3407 844 3474 καθῆσθαι
869 3402 974 3471 ἔλεγον.
1012 3409 1040 3457 in
1065 3409 1105 3458 eis
1130 3423 1200 3472 quae
1224 3411 1354 3457 secuntur

211 3477 374 3527 Eustathius
400 3476 592 3540 Athenaeum,
628 3493 708 3542 quem
736 3476 876 3540 nominat,
909 3475 1044 3526 adhibuit.
1087 3476 1122 3526 cf.
1151 3474 1311 3526 Athenaeus
1340 3473 1353 3524 1

214 3545 245 3596 15
264 3561 281 3595 a
299 3559 357 3611 sqq.
