3064 5064
617 425 659 466 nn
683 425 799 466 rourrs
1238 405 1278 466 75

141 581 260 638 textam
291 573 425 658 [nescio]
452 579 484 636 et
511 562 736 654 ὁδοιπορικῶν
763 569 882 636 librum
908 592 1009 636 unum
1038 581 1076 636 et
1100 591 1222 657 paucos
1245 571 1279 635 iu
1343 623 1348 633 .

140 697 265 740 socrum
291 675 458 740 Thraseae
486 675 520 738 in
548 675 679 739 Arriam
699 681 841 748 matrem
869 691 999 757 uersus,
1025 694 1109 762 qnae
1138 695 1172 737 se
1203 681 1279 738 ante

140 780 244 843 uirum
267 777 442 843 occiderat.
487 777 596 841 omnia
619 797 657 840 ea
679 785 792 841 auctor
814 775 877 840 fuit
899 775 1062 840 Cornutus
1085 775 1180 839 matri
1210 777 1279 838 eius

139 889 172 942 ut
204 878 361 944 aboleret.
402 879 526 943 editum
552 878 673 944 librum
700 879 853 942 continuo
879 878 992 942 mirari
1014 877 1160 942 homines
1183 885 1215 940 et
1232 876 1280 941 di-

121 981 243 1067 sripere
260 988 447 1066 coeperunt.
490 979 631 1044 decessit
649 988 757 1044 autem
779 981 859 1044 uitio
879 978 1038 1060 amachi
1056 999 1141 1042 anno
1163 978 1279 1042 aetatis

141 1081 304 1147 XXVIII.

223 1183 305 1269 [Sed
326 1205 403 1248 mox
423 1189 460 1247 ut
475 1204 495 1246 a
510 1181 622 1248 schola
637 1183 869 1269 magistrisque
884 1182 1046 1265 diuertit‚]
1061 1181 1145 1246 lecto
1161 1180 1281 1245 Lucilii

139 1285 221 1350 libro
244 1285 372 1351 decimo
395 1283 605 1350 uehementer
632 1286 748 1350 satiras
776 1305 968 1370 componere
996 1283 1153 1364 instituit,
1187 1283 1281 1346 cuius

141 1387 213 1457 libri
237 1389 436 1476 principium
464 1387 609 1452 imitatus
638 1395 702 1467 est,
731 1385 794 1450 sibi
814 1386 919 1473 primo
948 1407 1024 1450 mox
1053 1385 1204 1454 omnibus
1227 1384 1281 1448 de·

114 1497 319 1573 retracturus,
349 1511 424 1554 cum
450 1497 543 1553 tanta
571 1489 751 1552 recentium
779 1495 946 1575 poetarum
981 1495 1015 1551 et
1043 1495 1206 1551 oratorum
1232 1486 1281 1550 in·

93 1666 97 1673 ¹
142 1593 336 1673 sectatione,
360 1600 397 1655 ut
418 1593 514 1656 etiam
539 1589 702 1656 Neronem
725 1589 814 1653 illius
837 1589 991 1676 temporis
1013 1589 1193 1676 principem
1215 1586 1282 1652 cul-

141 1695 275 1780 pauerit.
320 1695 414 1758 cuius
437 1714 551 1758 uersus
574 1696 607 1757 in
631 1690 792 1756 Neronem
815 1711 888 1755 oum
910 1692 956 1755 ita
978 1712 1013 1755 se
1034 1689 1183 1755 haberet:

384 1793 546 1858 auriculas
569 1795 654 1858 asini
676 1792 768 1857 Mida
789 1815 849 1858 rex
870 1791 985 1875 hebet,

142 1899 173 1961 in
194 1917 269 1960 eum
291 1895 422 1960 modum
452 1917 472 1984 a
502 1895 647 1961 Cornuto
670 1895 740 1982 ipso
763 1897 827 1959 iam
854 1903 922 1959 tum
945 1900 1072 1959 mortuo
1101 1901 1150 1958 est
1172 1913 1279 1958 emen·

116 2019 136 2058 rs
144 1997 254 2062 datus:

385 2096 547 2163 auriculas
567 2087 653 2162 asini
675 2097 749 2184 quis
772 2119 835 2162 non
854 2095 977 2167 habat?

143 2222 180 2265 ne
201 2199 263 2265 lroc
285 2199 373 2264 Nero
395 2200 429 2264 in
443 2221 485 2274 ,se
508 2199 629 2265 dietum
652 2199 877 2264 arbitraretur.

225 2389 256 2440 12
268 2405 327 2454 sqq.
342 2389 432 2440 Schol.
446 2391 522 2440 Pers.
535 2391 549 2440 1
565 2389 624 2440 121:
639 2389 765 2441 ‘Persius
778 2389 818 2438 sic
831 2389 954 2454 scripsit:
969 2387 1108 2438 auriculas
1121 2388 1193 2438 asini
1206 2387 1282 2437 Mida

144 2475 186 2508 rex
204 2457 298 2519 habet,
316 2458 366 2508 scd
384 2457 520 2509 Cornutus
538 2458 590 2510 hoc
608 2459 739 2519 mutauit,
764 2457 805 2508 ita
823 2472 941 2522 ponensz
965 2457 1104 2506 auriculas
1127 2457 1199 2506 asIni
1212 2457 1282 2522 quis

144 2525 305 2587 nonhabet,
325 2525 430 2574 ueritus
447 2541 482 2576 ue
500 2527 571 2576 Nero
589 2527 618 2576 in
636 2541 666 2577 sc
679 2526 780 2576 dictum
799 2521 928 2590 putaret!

150 2643 348 2653 -.—.—.---

143 2718 272 2772 restr‘tuto
300 2719 351 2770 est.
397 2721 522 2772 ceterum
553 2714 656 2774 nescio
685 2717 741 2770 ianr
770 2715 904 2772 Pithoeus
931 2723 958 2771 et
983 2715 1099 2771 Reizius
1127 2716 1283 2772 omiserunt

141 2817 229 2856 causo
250 2817 307 2856 nou
328 2799 436 2856 additu.
469 2807 659 2876 praetextam
674 2799 779 2858 Restio
804 2801 939 2867 loliatus,
963 2800 1148 2857 Heiorr'clrius
1166 2818 1196 2878 p.
1219 2797 1281 2856 Na·

142 2885 205 2942 sica
230 2885 378 2940 Prelterus
400 2904 429 2962 p.
450 2884 564 2944 Vescia
586 2887 724 2943 Hertzius
746 2903 774 2963 p.
794 2885 909 2943 Decius
930 2886 1097 2942 Dentzerus
1125 2903 1154 2962 p.
1177 2884 1281 2942 nescio

142 2989 230 3047 quarn
251 2971 282 3027 0.
305 2969 476 3027 Rilrbeclcius
499 2977 574 3044 trop.
596 2973 646 3030 lot.
667 2974 719 3027 rel.
734 2988 764 3042 p.
785 2964 869 3051 351Ιῄ
886 2980 898 3030 l
914 2958 1111 3042 ddcrnonraoiu
1132 2970 1284 3026 Pithoeus:

143 3055 285 3132 oporicen
307 3055 374 3111 libri
387 3048 400 3134 ΙΙ
415 3062 432 3113 2
449 3073 568 3112 socrum
588 3057 789 3114 Cascutonus:
809 3073 945 3114 sororum
960 3056 1026 3112 libri
1038 3050 1052 3135 ΙΙ
1066 3053 1215 3112 ‘l'lrrasiac
1235 3054 1286 3110 LP

144 3134 155 3217 l'
172 3151 188 3202 3
203 3135 255 3216 ea]
269 3148 370 3196 autem
385 3141 413 3196 P
425 3133 439 3220 ll
452 3147 469 3198 4
482 3137 618 3198 aboleret
633 3143 785 3198 Pithoeus:
801 3137 954 3198 abortoret
972 3140 995 3195 L
1013 3137 1189 3198 abhorreret
1207 3141 1256 3196 PG
1270 3132 1283 3217 ll

143 3223 306 3283 editum-
318 3231 585 3302 coeperunt'suprc
599 3233 665 3297 post
685 3223 836 3283 edendum
851 3227 1017 3283 collocando
1032 3228 1142 3282 censuit
1157 3226 1283 3280 Bruttia-

140 3328 225 3384 perus
239 3305 253 3388 l}
269 3319 285 3370 5
305 3307 444 3366 fecerunt
458 3309 508 3367 uel
530 3318 695 3388 coeperunt
712 3313 739 3366 P
753 3303 766 3390 ΙΙ
782 3307 965 3368 decessit-
977 3309 1075 3368 XXX
1091 3313 1193 3382 spurio
1212 3311 1283 3366 iudi·

142 3401 212 3452 care
231 3395 419 3454 Heinriclrius
433 3387 446 3474 ll
461 3402 479 3455 6
494 3394 626 3454 XXlIX
641 3397 773 3452 Reizius:
787 3393 884 3452 XXX
895 3397 961 3452 libri
976 3397 1033 3451 nisi
1045 3398 1121 3466 quod
1131 3396 1159 3448 r'n
1175 3396 1283 3450 Psuae

144 3484 258 3539 additur
272 3473 286 3560 ΙΙ
302 3477 565 3540 ised—diuertit
579 3484 684 3538 seclusi
698 3474 710 3561 [l
725 3478 810 3538 scola
820 3481 871 3537 LP
884 3473 897 3559 ΙΙ
913 3487 943 3536 et
951 3479 1102 3555 magistris
1115 3482 1142 3534 P
1155 3473 1161 3559 l
1185 3476 1283 3536 diuer-

145 3574 219 3624 tcrat
237 3568 264 3623 P
284 3561 297 3642 'l
318 3562 396 3621 libro
416 3563 525 3622 Lucilii
546 3563 661 3622 docimo
678 3567 728 3622 PG
745 3558 789 3645 llil
808 3573 925 3622 saturas
945 3566 972 3620 P
985 3566 1145 3642 satyrasd
1174 3557 1178 3643 l
1200 3561 1282 3620 insti·

145 3651 236 3709 ruite
258 3649 374 3710 studuit
394 3651 444 3706 el>
463 3649 502 3722 cs.
523 3651 675 3708 Suetonius
694 3653 729 3707 dc
751 3669 872 3724 proruta.
896 3658 923 3707 et
938 3651 1010 3708 rtet.
1030 3651 1284 3706 21Douorusvirn

151 3737 230 3812 Verp.
243 3757 275 3810 p.
291 3743 342 3804 59,
361 3739 445 3807 I7sq.
460 3727 474 3814 ss
490 3733 708 3798 9tletractnrus
723 3739 745 3793 G
758 3733 942 3792 detractatus
955 3735 978 3790 L
989 3732 1166 3792 detrectatis
1182 3735 1209 3790 P
1253 3742 1284 3794 10

145 3822 313 3880 recencium
331 3811 382 3899 Ill
401 3827 427 3879 ll
450 3819 651 3898 inculpauerit
669 3823 691 3876 L
710 3819 839 3897 culparit
856 3823 883 3877 P
902 3814 915 3900 ll
939 3827 970 3880 12
994 3817 1142 3877 haberent
1157 3820 1209 3876 LP
1251 3825 1283 3880 14

132 3903 222 3984 ¹eum]
238 3906 320 3964 hunc
343 3901 393 3983 ΡΗ
409 3903 475 3984 ipso
495 3907 554 3963 iam
575 3914 637 3962 tum
653 3914 769 3962 mortuo
787 3905 950 3962 Prcllerus:
974 3904 1039 3982 ipse
1058 3905 1174 3960 tantum
1194 3901 1283 3960 modo

144 3994 206 4048 litri
222 3995 279 4050 uisi
303 3993 381 4064 qrrod
399 3995 427 4050 ta
444 3993 467 4049 G
492 3997 608 4048 tantum
629 3989 718 4048 modo
737 3996 805 4062 post
825 3987 1003 4047 emendatus
1026 3996 1073 4046 est
1092 3991 1196 4062 lepitur
1216 3981 1230 4069 ll
1252 3995 1282 4051 l'i

145 4095 212 4136 uero
225 4077 310 4134 Nero
325 4077 352 4133 P
365 4071 379 4156 ΙΙ
393 4077 424 4134 in
439 4095 472 4134 sc
483 4075 564 4134 Nero
581 4073 704 4132 ductum
725 4077 748 4131 L
