3064 5064
536 426 578 466 na
600 424 829 474 curiosorum,
868 437 871 442 ·
1065 447 1067 454 ·
1198 405 1240 468 97

193 571 230 634 L.
260 571 416 635 Annaeus
447 570 548 654 Mela,
585 557 728 636 Senecae
756 573 857 636 frater
884 580 916 634 et
944 569 1123 648 Gallionis,
1156 569 1333 650 boua89*

124 672 234 737 Lucani
253 675 368 759 poetae
389 671 447 737 filii
469 675 519 738 aui
540 695 561 738 a
581 672 709 738 Nerone
731 685 930 760 promeretur
950 678 988 749 (a.
1012 681 1092 752 821).

193 842 248 900 89*
264 845 449 910 Hieronymus
467 845 510 896 Ol.
529 845 592 908 211,
617 847 641 895 4.
673 847 866 897 Tacitusann.
885 843 948 894 XVI
969 844 1011 894 17:
1044 844 1126 894 ‘Mela
1145 845 1242 910 quibus

124 911 202 964 Gallio
225 919 254 962 et
276 914 384 964 Seneca
406 915 567 980 parentibus
589 920 671 964 natus
694 913 828 980 petitione
852 913 982 963 honorum
1005 913 1178 964 abstinuerat
1194 930 1243 980 per

123 981 288 1031 ambitionem
306 987 523 1046 praeposteram,
543 987 574 1031 ut
592 997 675 1046 eques
693 983 830 1034 Romanus
849 980 1037 1031 consularibus
1055 984 1180 1046 potentia
1198 997 1243 1032 ae-

78 1055 84 1072 ·
123 1057 252 1112 quaretur3
288 1049 368 1098 simul
387 1050 571 1114 adquirendae
595 1050 729 1114 pecuniae
748 1049 859 1100 breuius
881 1049 935 1098 iter
958 1048 1090 1098 credebat
1111 1065 1161 1114 per
1183 1065 1242 1115 pro·

124 1119 269 1167 curationes
288 1117 511 1167 administrandis
534 1117 667 1182 principis
689 1117 835 1182 negotiisz,
849 1117 920 1166 idem
937 1117 1079 1166 Annaeum
1102 1117 1243 1166 Lucanum

123 1191 259 1248 genuerat,
277 1185 380 1252 grande
399 1185 584 1234 adiumentum
601 1184 786 1244 claritudinis,
813 1199 864 1248 quo
883 1181 1030 1234 in'terfeeto
1048 1183 1109 1232 dum
1127 1200 1184 1234 rem
1202 1186 1243 1235 fa·

122 1253 245 1303 miliarem
265 1253 324 1302 eius
342 1254 444 1303 aeriter
461 1253 577 1318 requirit
600 1252 930 1302 accusatoremconciuit
947 1245 1065 1300 rantum
1082 1251 1241 1316 Romanum,

122 1335 148 1368 ex
165 1321 267 1371 intimis
285 1321 392 1370 Lucani
412 1321 517 1370 amicis.
558 1321 643 1370 mixta
666 1323 739 1370 inter
756 1324 862 1386 patrem
885 1319 1023 1384 filiumque
1046 1321 1244 1372 coniurationis
1278 1327 1280 1334 '

121 1389 230 1438 scientia
248 1387 361 1452 fingitur
379 1387 542 1438 adsimilatis
560 1388 668 1438 Lucani
685 1387 795 1438 litteris.
836 1402 903 1452 quas
921 1388 1062 1452 inspectas
1083 1388 1155 1438 Nero
1178 1390 1244 1438 ferri
1314 1413 1319 1428 ·

122 1456 229 1506 adeum
254 1455 335 1505 iussit
357 1456 454 1521 opibus
477 1456 535 1506 eins
557 1455 676 1505 inhians.
693 1449 696 1457 ’
712 1461 741 1504 at
763 1454 850 1516 Mela,
875 1471 945 1520 quae
968 1461 1024 1504 tum
1041 1457 1244 1521 promptissima

122 1527 204 1574 mortis
222 1524 283 1584 uia,
303 1523 421 1573 exsoluit
438 1539 535 1586 uenas,
550 1524 661 1588 scriptis
674 1522 825 1584 codicillis,
849 1523 945 1587 quibus
957 1522 1087 1588 grandem
1099 1525 1244 1588 pecuniam

121 1591 144 1639 iu
153 1592 317 1657 Tigellinum
330 1607 514 1657 generumque
528 1592 587 1642 eiua
597 1591 789 1641 Cossutianum
800 1589 962 1656 Capitonem
976 1591 1122 1654 erogabat,
1136 1607 1188 1657 quo
1199 1609 1242 1644 ce·

121 1665 173 1708 tera
189 1665 341 1710 manerent.
372 1658 482 1710 additur
495 1659 644 1722 codicillis,
665 1665 802 1724 tamquam
820 1657 854 1707 de
873 1658 1018 1724 iniquitate
1038 1659 1116 1708 exitii
1128 1675 1244 1724 querens

22 1737 23 1746 ²
120 1727 342 1792 inscripsisset,
366 1742 395 1777 se
414 1727 523 1792 quidem
546 1728 614 1777 mori
636 1725 719 1776 nullis
743 1726 872 1792 supplicii
895 1727 998 1788 caesia,
1022 1725 1129 1776 Rufium
1154 1735 1244 1780 autem

121 1793 266 1860 Crispinum
285 1800 314 1844 et
331 1795 457 1844 Anicium
476 1794 611 1845 Cerialem
630 1796 689 1844 uita
708 1794 761 1843 frui
779 1794 901 1843 infensos
926 1794 1051 1859 priucipi.
1083 1810 1154 1859 quae
1173 1813 1244 1846 eorn-

121 1863 202 1926 posita
225 1863 410 1913 credebantur
432 1863 465 1912 de
489 1861 627 1928 Crispino,
651 1863 715 1926 quia
734 1861 898 1912 interfectus
922 1866 992 1922 erat,
1015 1863 1048 1911 de
1068 1861 1190 1926 Ceriale,
1216 1869 1245 1914 ut

122 1931 321 1981 interficeretur.
363 1943 451 1995 neque
475 1932 548 1980 enim
571 1931 654 1980 multo
676 1935 738 1996 post
760 1930 816 1978 uim
837 1929 891 1978 sibi
910 1929 1016 1992 attulit,
1042 1931 1145 1980 minore
1164 1946 1245 1996 quam
1273 1957 1278 1986 ι

122 2000 200 2048 reteri
222 1999 415 2089 miseratione,
447 1999 511 2064 quia
533 1999 669 2064 proditam
694 1997 764 2048 Gaio
784 1997 899 2047 Caesari
923 1997 1140 2048 coniurationem
1158 1999 1192 2050 ab
1212 2017 1245 2051 eo
1332 2055 1334 2063 ⁴

122 2069 302 2116 meminerant.

122 2375 147 2434 M
166 2299 214 2434 uti
232 2289 378 2348 Annaeus
395 2289 497 2362 (Sect.)
521 2287 664 2347 Annaeus
680 2289 707 2344 B
721 2279 735 2368 ll
751 2285 833 2346 Mela
847 2290 968 2359 scripsi:
984 2285 1082 2346 Melas
1098 2290 1127 2345 B
1144 2289 1245 2362 (Scol.)

150 2395 165 2434 e
190 2397 222 2434 aa
238 2379 264 2434 P
823 2433 827 2440 ,
907 2409 909 2416 <
1077 2405 1082 2418 ·

196 4563 305 4601 SVBTOM
323 4567 386 4602 ΙΙΙ..
