3072 5064
150 381 154 390 '
231 385 293 450 220
735 401 865 441 raarvn

635 547 733 612 uelox
756 547 803 612 ibi
825 554 920 611 noete
942 547 1080 631 Bootes,

230 651 308 738 quia
328 673 399 716 curn
416 657 488 714 orta
505 648 604 714 fuerit
624 650 689 714 cito
711 648 791 713 facit
811 651 988 732 oceasum]
1025 663 1175 714 Peranna
1193 657 1269 713 sunt
1289 647 1373 712 mul-

230 763 282 816 tae
305 754 398 838 iuges
420 748 551 831 stellae,
574 772 655 837 quas
680 750 778 814 etiam
800 766 943 815 sorevit
963 749 1165 838 appellamus
1188 773 1209 814 a
1230 751 1373 814 multitu·

230 853 306 918 dine
342 851 518 917 stellarum.
567 872 642 916 narn
678 857 711 914 et
737 852 829 938 ipsae
855 860 979 939 septam
1008 873 1081 916 esse
1107 853 1273 934 dicuntur,
1313 849 1381 916 sed'

228 954 368 1042 amplius
390 974 487 1040 quam
510 973 570 1016 sex
588 951 697 1016 nullus
719 954 909 1039 conspicere
929 962 1046 1040 potest.
1083 953 1164 1018 haec
1181 953 1224 1016 ab
1247 953 1394 1018 orientes

230 1065 368 1142 surgunt
390 1063 422 1118 et
442 1052 723 1140 adpropinquante
743 1053 809 1118 diei
833 1055 982 1119 claritate
1011 1053 1185 1120 stellarum
1201 1055 1269 1118 eius
1291 1052 1372 1118 ordo

230 1155 435 1221 distenditur.
480 1154 612 1219 Pliades
634 1163 742 1219 autem
765 1177 786 1218 a
806 1153 995 1240 pluralitate
1017 1164 1152 1220 uocatae
1176 1165 1265 1238 sunt,
1295 1157 1373 1242 quia

229 1257 449 1346 pluralitatem
477 1255 598 1322 Graeci
626 1247 692 1320 ἀπὸ
719 1255 782 1322 τοῦ
807 1258 966 1320 πλείστου
995 1256 1172 1344 appellant.
1221 1257 1280 1320 bas
1307 1256 1373 1320 La·

228 1360 289 1423 tini
309 1373 497 1423 veneratas
519 1357 767 1444 appellauerunt
782 1379 819 1422 eo
837 1357 923 1446 quod
946 1367 1020 1445 post
1038 1379 1097 1422 uer
1113 1360 1316 1441 exoriuntur,
1340 1365 1373 1422 et

229 1483 267 1524 eo
289 1463 394 1547 magis
417 1485 437 1526 a
460 1462 577 1524 ceteris
600 1459 845 1545 praedicantur,
869 1458 956 1547 quod
979 1459 1029 1523 his
1053 1459 1277 1526 exorientibus
1297 1474 1407 1524 aes-¹0

228 1571 279 1626 tas
317 1562 520 1646 significatur
552 1569 585 1625 et
611 1560 835 1625 occidentibus
864 1561 990 1648 hiemps
1018 1561 1209 1626 ostenditur.
1261 1577 1372 1624 outort

230 1663 324 1727 stella
341 1672 390 1728 est
408 1689 480 1727 sss.
502 1661 555 1726 hic
567 1670 675 1726 autem
688 1660 789 1726 Orion
805 1661 949 1748 agladio
966 1661 1072 1728 dictus
1088 1671 1153 1743 est,
1170 1661 1256 1726 undo
1273 1663 1370 1726 ctiam

231 1786 304 1828 eum
333 1763 441 1830 Latini
468 1780 628 1826 rvevnatt
653 1773 791 1847 uocant,
825 1764 916 1828 sidus
944 1771 980 1828 ut
1000 1764 1131 1830 uidetur
1159 1772 1316 1828 armatum
1340 1773 1373 1827 et

125 1989 141 2000 .
230 1955 366 2020 proximos
390 1954 439 2004 sed
463 1959 584 2018 tempore
603 1951 707 2003 diuisos
725 1952 770 2003 dei
787 1953 995 2018 praedicatores
1014 1953 1170 2005 ostendunt.
1207 1953 1313 2003 Orion

230 2023 446 2087 perturbant.
484 2019 602 2070 Oriones
621 2025 713 2072 autem
730 2020 892 2086 significant
904 2027 1047 2086 martyres,
1066 2037 1130 2072 nam
1148 2023 1221 2072 sieut
1239 2023 1286 2071 isti
1306 2037 1371 2070 nas·

231 2093 329 2139 cuntur
346 2091 375 2139 in
395 2089 474 2140 caelo
493 2095 615 2154 tempore
634 2088 742 2148 hiemis,
762 2090 802 2138 ita
814 2090 843 2138 in
857 2089 979 2140 eeclesia
991 2095 1126 2154 martyres
1139 2089 1289 2154 procedunt
1301 2094 1372 2138 tem·

230 2173 295 2223 pore
319 2157 529 2222 persecutionis.
570 2157 784 2222 procedentibus
805 2157 954 2208 Orionibas
981 2173 1057 2208 mare
1082 2157 1208 2207 turbatur
1235 2163 1263 2206 et
1285 2161 1371 2217 terra,

231 2225 336 2275 obortis
354 2241 420 2274 uero
438 2224 604 2287 martyribus
621 2228 791 2274 terrenorum
810 2230 838 2274 et
856 2225 1005 2275 infidelium
1025 2223 1109 2276 corda
1126 2228 1292 2289 tempestate
1311 2225 1371 2274 iac-

230 2297 333 2342 tantur.
369 2293 485 2343 Lucifer
503 2291 585 2341 stella
603 2292 704 2356 nitens,
730 2307 800 2356 quae
819 2293 937 2342 omnium
956 2293 1073 2342 maxime
1092 2292 1193 2343 clarior
1211 2307 1271 2342 esse
1294 2291 1371 2342 uide·

231 2365 289 2422 tur;
308 2377 372 2410 nam
389 2360 614 2428 quemadmodum
638 2358 678 2411 sol
704 2365 732 2410 et
750 2360 829 2420 luna,
854 2362 895 2409 ita
919 2366 947 2410 et
969 2361 1040 2411 haec
1057 2360 1181 2410 umbram
1200 2361 1279 2410 facit.
1315 2359 1372 2409 ista

231 2429 316 2492 igitur
333 2429 468 2479 orientem
491 2426 576 2476 solem
600 2428 745 2494 praecedit
769 2428 857 2494 adque
881 2443 961 2478 mane
991 2429 1120 2478 nuntians
1148 2427 1278 2478 tenebras
1305 2443 1371 2477 noe·

230 2497 266 2545 tis
289 2496 399 2546 luminis
423 2496 465 2546 sui
490 2494 595 2560 fulgore
619 2497 734 2562 spargit.
776 2495 853 2546 cuius
876 2495 964 2561 ligura
988 2501 1031 2546 est
1047 2496 1192 2558 Christus,
1224 2497 1269 2560 qui
1293 2495 1373 2544 uelut

231 2564 332 2614 lucifer
348 2579 398 2628 per
415 2563 616 2612 incarnationis
635 2565 791 2626 mysterium
810 2563 978 2628 producitur,
997 2579 1047 2629 per
1065 2579 1143 2628 quem
1161 2561 1207 2613 lux
1226 2563 1288 2614 fidei
1301 2567 1372 2612 tam·

232 2647 312 2696 quam
336 2631 395 2681 dies
419 2635 547 2680 secutura
569 2636 744 2684 monstratur.
786 2631 900 2680 Lucifer
923 2637 1015 2680 autem
1043 2630 1190 2696 bipertitus
1214 2637 1269 2693 est,
1294 2631 1373 2681 cuius

231 2715 296 2764 pars
314 2703 413 2748 sancta
432 2704 482 2759 est,
502 2699 573 2746 sieut
591 2699 714 2748 dominus
733 2699 760 2748 in
780 2698 940 2764 apocalypsi
960 2699 994 2748 de
1012 2713 1042 2749 se
1061 2705 1090 2748 et
1107 2699 1140 2748 de
1155 2698 1275 2748 ecelesia
1287 2695 1372 2748 dicit:

231 2767 291 2831 Ego
310 2782 368 2815 sum
387 2781 472 2829 genus
492 2771 520 2814 et
538 2765 615 2814 radix
628 2765 727 2826 Danid,
747 2766 829 2816 stella
842 2766 987 2830 splendida
1006 2771 1035 2817 et
1052 2767 1196 2826 matutina,
1217 2771 1244 2816 et
1257 2767 1372 2816 iterum:

232 2834 284 2894 Qui
303 2835 411 2892 uincet,
439 2833 511 2882 delto
530 2832 572 2881 illi
590 2832 699 2886 stellam
719 2835 890 2883 uratutinam.
933 2849 997 2900 para
1021 2841 1113 2884 auteur
1137 2833 1246 2884 luciferi
1275 2833 1373 2883 diabo-

230 2901 273 2950 lus
292 2915 353 2949 ease
372 2899 551 2965 dignoscitur,
571 2901 603 2949 de
623 2915 675 2964 quo
693 2901 824 2966 scripturn
845 2907 900 2951 est:
925 2903 1065 2963 Qtromodo
1090 2901 1216 2951 cecidisti
1240 2902 1273 2951 de
1292 2900 1373 2951 caelo

231 2967 345 3028 lucifer,
366 2967 411 3030 qui
428 2981 508 3016 inane
527 2968 681 3016 oriebaris?
714 2969 759 3031 qui
778 2969 862 3018 etiam
882 2971 909 3018 in
929 2969 1009 3019 caelo
1028 2985 1110 3035 super
1128 2969 1225 3019 stellas
1238 2969 1283 3018 dei
1301 2967 1373 3018 dicit

231 3050 261 3084 se
286 3035 378 3084 sedem
401 3035 552 3100 positurum
582 3039 610 3083 ct
639 3035 740 3085 cadens
765 3035 798 3085 de
828 3036 908 3086 caelo
931 3037 1123 3103 confringitur.
1168 3037 1304 3103 vesperus
1329 3041 1374 3086 est

231 3102 315 3152 stella
338 3101 522 3152 occidentalis
545 3107 653 3151 noctem
678 3102 788 3153 ducens.
830 3103 876 3152 hic
895 3104 979 3154 solem
1002 3105 1174 3156 occidentem
1197 3106 1320 3169 seqnitur
1343 3108 1374 3154 et

231 3170 360 3220 tenebras
383 3169 563 3219 succedentes
586 3170 737 3234 praecedit.
781 3172 858 3221 euius
887 3171 974 3237 ligura
999 3172 1156 3222 antichristi
1179 3172 1307 3237 exprimit
1329 3177 1373 3234 ty·

191 3261 199 3274 ·
231 3252 303 3302 pum,
323 3237 368 3302 qui
386 3241 525 3301 tamquam
542 3252 642 3303 uesper
664 3243 695 3287 ut
718 3239 759 3289 ait
777 3238 826 3290 Iob
849 3255 932 3304 super
954 3239 1026 3290 filios
1048 3245 1139 3289 terrae
1163 3239 1318 3304 consurgit,
1341 3243 1373 3287 ut

232 3321 335 3355 caecae
354 3304 444 3356 noetis
463 3317 593 3355 successu
613 3306 765 3355 carnalium
778 3307 863 3357 corda
875 3307 1004 3368 offuscem
1024 3309 1094 3374 quod
1107 3308 1168 3357 ideo
1186 3311 1300 3358 auctore
1319 3306 1372 3357 deo

231 3373 275 3434 lit,
305 3373 370 3438 quia
396 3389 445 3438 pro
475 3371 642 3422 infidelitate
667 3375 848 3438 praecedenti
876 3389 930 3440 qua
954 3380 1101 3426 renuerunt
1124 3375 1234 3425 Christo
1257 3375 1371 3424 eredere

232 3439 426 3491 antichristum
455 3441 599 3506 succipere
623 3447 787 3492 meruerunt.
825 3449 1029 3493 cometes
1054 3457 1205 3508 surgere.
1242 3442 1280 3493 de
1308 3455 1372 3506 qrro

232 3509 397 3558 Prudentius
416 3507 469 3557 ait:
495 3509 594 3558 Tristis
614 3515 721 3559 eonteta
740 3510 898 3560 intercidat.
936 3516 964 3561 et
982 3513 1140 3562 Lucanus
1217 3508 1372 3576 tempus!

230 3575 358 3640 Hyginus
376 3577 406 3625 P.
426 3576 457 3625 A.
478 3575 553 3625 1122
574 3576 719 3642 ‘Vtrasque
738 3583 830 3627 arctos
849 3577 1007 3643 appellatas
1024 3593 1099 3640 esse,
1118 3593 1185 3644 quas
1203 3579 1290 3628 nostri
1308 3593 1371 3643 sep-

231 3645 384 3694 tentriones
408 3643 547 3693 diaerunt:
577 3645 626 3694 sed
653 3645 784 3695 maiorem
810 3649 904 3696 areton
929 3647 1083 3712 complures
1106 3645 1230 3712 plaustro
1253 3645 1373 3696 similem

231 3711 370 3772 dixerunt,
396 3715 424 3761 et
447 3697 562 3778 ἅμαξαν
587 3711 688 3762 Graeci
712 3713 923 3780 appellauerunt
947 3749 1104 3765 ........
1129 3715 1224 3779 itaque
1248 3718 1277 3764 et
1299 3714 1373 3778 qaod

318 3909 330 3960 l
344 3897 435 3957 uelox
443 3896 493 3956 ubi
508 3907 614 3960 exorta
623 3899 714 3959 fuerit
726 3908 816 3959 nocte
829 3904 856 3959 Β
870 3896 883 3983 Η
899 3900 1004 3959 boetes
1020 3901 1095 3960 ael)
1109 3893 1122 3982 Η
1139 3899 1251 3960 tonali
1261 3897 1271 3980 Η
1285 3902 1374 3963 3etia

232 3987 259 4040 B
280 3977 293 4064 Η
313 3982 524 4062 apellamusB
544 3981 557 4062 Η
577 3995 595 4045 t
614 3980 878 4067 sipseBllthse
900 3979 940 4044 13²
956 3980 1111 4066 llfiappro
1134 3987 1280 4066 inquante
1297 3981 1370 4068 B²ll
1431 4035 1441 4048 .

230 4067 370 4128 stellatus
384 4071 411 4124 B
424 4061 437 4148 Η
453 4075 468 4130 t
485 4088 523 4127 ax
538 4064 589 4151 ΒΗ
605 4071 748 4148 pluritate
764 4072 812 4128 OD
827 4065 840 4152 Η
854 4071 1056 4149 &pluritatem
1070 4073 1097 4128 Β
1139 4061 1199 4129 ἀπὸ
1209 4068 1262 4129 τοῦ
1271 4069 1373 4129 πλείσ-

230 4170 283 4209 του
307 4155 472 4212 Bsclterus:
495 4154 597 4232 aploto
618 4153 739 4233 pisthon
757 4159 784 4212 B
798 4155 1005 4235 apotoplistoa
1020 4157 1098 4214 CDE
1118 4151 1325 4236 ltuirgilisas
1347 4159 1374 4214 Β

233 4232 246 4317 Η
263 4238 437 4297 exoriantur
447 4235 485 4296 W
501 4234 514 4319 Η
530 4217 568 4302 10⁸
574 4241 670 4298 maius
683 4241 738 4297 ΒΒ
751 4234 764 4321 Η
780 4260 798 4298 a
812 4259 866 4300 om.
885 4236 936 4323 ΒΗ
952 4240 1097 4300 asceteria
1108 4245 1134 4298 B
1148 4236 1161 4323 Η
1177 4261 1237 4322 quo
1253 4237 1291 4297 ΒΙ
1308 4237 1322 4321 Η
1341 4251 1371 4304 ll

231 4330 263 4380 et
277 4339 330 4380 om.
350 4324 428 4380 CDE
440 4317 454 4403 Η
469 4321 677 4384 occidentibus
692 4343 765 4384 nero
778 4327 856 4384 ΟΒΒ
869 4321 882 4408 Η
900 4334 931 4386 m
947 4325 1005 4403 est]
1017 4343 1092 4401 petae
1103 4328 1149 4384 tie
1162 4328 1374 4386 interciderunt

230 4415 308 4464 reete
328 4411 455 4466 Grattius
471 4425 510 4466 err
524 4411 613 4468 schol.
633 4411 727 4469 Germ.
744 4414 763 4468 l.
782 4429 807 4470 c.
825 4415 969 4486 supplevit
