3072 5064
237 393 297 457 198
739 407 869 450 rnsrvn

235 579 371 644 quorum
386 555 579 621 circulorum
592 555 770 621 diuisioues
782 555 857 619 talis
873 555 1046 640 distinguit
1059 554 1164 642 ligura
1179 561 1286 636 (figura
1299 563 1374 636 III).

235 658 294 724 sed
319 657 393 723 ideo
424 657 673 745 aequinoctialis
699 656 842 722 circulus
871 655 1093 721 inhabitabilis
1124 666 1187 738 est,
1221 658 1297 744 qnia
1326 656 1373 722 sol

235 783 295 848 per
315 760 459 825 medium
481 758 607 824 caelum
623 781 757 824 cuneus
772 761 906 825 nimium
927 757 978 822 his
997 756 1078 822 locis
1100 757 1180 823 facit
1202 757 1374 840 feruorem,

235 865 281 928 ita
303 871 340 927 nt
362 885 424 926 nec
446 861 558 948 fruges
579 861 626 928 ibi
646 869 823 926 nascantur
844 869 976 949 propter
998 869 1147 926 exustam
1172 870 1292 926 terram
1314 882 1375 926 nee

235 1095 353 1160 frigidae
372 1099 400 1144 et
413 1093 535 1144 adeletae.
561 1093 677 1160 quinque
696 1109 761 1160 ergo
779 1099 841 1144 sunt
858 1109 944 1143 zonae
963 1093 991 1142 in
1007 1091 1119 1156 regione
1139 1091 1210 1144 caeli
1229 1098 1257 1142 et
1274 1099 1375 1156 terrae,

235 1164 305 1214 duae
325 1166 463 1213 extremae
481 1163 614 1228 frigidae,
637 1161 862 1228 septentrionalis
880 1167 907 1210 et
925 1161 1061 1222 ιιιιιιιιίιιιι,
1089 1177 1143 1211 una
1168 1161 1279 1224 adusta,
1304 1162 1375 1212 dirae

235 1237 405 1298 temperatae
419 1231 491 1281 inter
503 1231 631 1296 frigidam
644 1237 672 1280 et
685 1231 824 1292 adustam,
845 1230 987 1295 cingentes
1007 1245 1066 1279 earn
1081 1234 1107 1278 et
1121 1229 1316 1280 intercidentes
1329 1231 1375 1279 iri-

235 1299 320 1365 gidis,
334 1314 446 1364 quarum
459 1299 548 1348 altera
561 1299 768 1349 antioecumeuo
786 1305 910 1348 uocatur.
939 1298 986 1348 nia
1004 1303 1095 1348 autem
1112 1303 1191 1348 secta
1209 1314 1258 1363 per
1281 1299 1376 1347 ambas

236 1367 303 1417 dicit
314 1367 475 1432 signiferum
490 1366 628 1429 circulum,
643 1367 688 1432 qni
702 1383 718 1416 a
731 1365 847 1416 brumali
860 1365 985 1430 obliquus
1000 1365 1034 1414 ad
1046 1365 1220 1415 solstitialem
1233 1367 1322 1426 uenit,
1335 1365 1376 1415 ita

236 1441 266 1484 ut
277 1433 428 1484 brumalem
445 1439 544 1500 tangat
561 1435 722 1500 capricorno
745 1433 919 1484 solstitialem
938 1449 1039 1483 canere
1058 1432 1286 1498 aequinoctialem
1305 1433 1377 1483 libra

237 1507 265 1553 et
282 1501 388 1554 ariete)
413 1503 517 1552 Probus
535 1519 630 1569 georg.
643 1503 731 1552 1244:
751 1503 792 1551 ‘In
810 1501 865 1551 alio
878 1501 931 1552 sie:
950 1501 1075 1566 Quinque
1093 1505 1188 1551 tenent
1206 1501 1313 1552 caelum
1330 1517 1375 1551 ιο-

236 1587 298 1620 nne.
324 1572 356 1620 In
368 1571 486 1635 quinque
499 1585 583 1621 zonas
606 1570 733 1620 mundum
752 1585 812 1620 esse
830 1570 947 1620 diuisum
965 1569 1127 1635 accipimus,
1147 1569 1376 1634 qnassccundum

236 1638 319 1690 clima
333 1639 423 1688 nostri
441 1638 514 1688 orbis
531 1639 572 1688 sic
590 1638 815 1699 delorrnabirnns,
836 1643 867 1687 nt
883 1637 993 1687 laenam
1010 1653 1118 1687 manum
1136 1643 1231 1688 contra
1248 1653 1296 1687 ora
1314 1652 1377 1688 nos

236 1711 279 1756 tra
296 1720 442 1784 ponamus,
461 1711 544 1770 atque
562 1707 609 1756 nbi
628 1711 670 1756 est
687 1705 793 1772 pollex,
806 1677 845 1754 ibi
858 1705 894 1755 sit
905 1721 975 1756 zoua
984 1721 1074 1770 ,quae
1094 1705 1250 1770 appellatur
1267 1705 1375 1756 Graece

235 1767 370 1840 αόιιτιιιή,
394 1773 515 1838 quadiu
538 1789 567 1823 se
589 1773 675 1824 habet
700 1781 789 1824 arctos
807 1774 835 1823 id
857 1779 899 1823 est
922 1773 1135 1834 ursas,eaden1
1156 1773 1242 1823 latine
1265 1779 1376 1838 septen-

235 1841 361 1892 trionalis
379 1842 586 1906 cognominatur
603 1841 697 1907 qnod
690 1857 718 1891 ιιι
738 1859 772 1892 ca
784 1847 862 1908 parte
877 1841 948 1891 caeli
961 1841 1051 1907 posita
1070 1841 1119 1902 sit,
1136 1857 1205 1906 quac
1218 1847 1301 1890 uento
1314 1857 1375 1906 sep-

236 1909 394 1960 tentrionali
418 1909 547 1973 adllatur,
575 1925 662 1975 eaque
685 1925 749 1975 pars
771 1925 880 1974 semper
900 1925 984 1974 snpra
1005 1879 1133 1970 uertitui,
1160 1909 1212 1958 boc
1236 1915 1278 1958 est
1299 1925 1376 1958 uum-

236 1993 316 2058 quam
328 1978 356 2028 in
368 1993 500 2027 oceanum
514 1978 717 2042 demergitur..
726 1995 785 2027 .ea
800 1993 870 2026 zona
885 1976 1076 2028 inhabitabilis
1093 1948 1135 2026 esi
1150 1983 1262 2044 propter
1277 1976 1375 2026 nimios

235 2047 348 2112 rigores.
367 2045 461 2110 pollici
474 2046 610 2124 proximus
623 2045 725 2111 digitus
738 2045 947 2096 obscurabitur
941 2061 968 2094 ιιι
981 2047 1069 2094 uicem
1083 2061 1178 2106 zonae,
1191 2045 1376 2110 quaeGraeee

236 2111 393 2178 appellatur
404 2105 518 2179 depleri,
533 2130 549 2163 a
561 2114 639 2164 nobis
653 2114 804 2174 aestiunlis,
823 2113 892 2178 qnod
904 2112 1013 2163 scilicet
1025 2111 1066 2162 sol
1086 2129 1147 2163 cnm
1159 2113 1186 2162 in
1201 2113 1315 2163 eandem
1328 2129 1374 2162 ze·

235 2197 298 2232 narn
316 2181 467 2232 deelinauit
483 2181 622 2248 longiores
639 2182 698 2232 dies
721 2152 816 2231 eiticil.
846 2181 885 2230 ibi
904 2181 976 2230 euim
993 2181 1139 2231 solstitium
1159 2182 1229 2231 iacit
1241 2179 1376 2230 aestiuum

235 2249 263 2299 id
276 2253 319 2300 est
330 2249 396 2299 VIII
410 2249 472 2300 Kal.
486 2249 536 2300 Iul.
549 2251 620 2300 hacc
633 2265 703 2300 zona
714 2248 875 2299 habitabilis
894 2253 1005 2314 propter
1021 2249 1179 2314 temperiem
1198 2255 1226 2298 et
1242 2248 1318 2298 multi
1332 2263 1375 2298 so·

235 2317 269 2367 lis
283 2323 311 2367 et
328 2317 401 2368 illius
419 2318 563 2368 uicinitate
582 2333 682 2378 zonae,
705 2333 785 2382 qnam
803 2315 1047 2382 septentrionalem
1064 2319 1293 2396 nuncupauimus.
1318 2333 1376 2366 me·

235 2385 295 2435 dius
309 2391 398 2435 nutem
413 2385 513 2450 digitus
526 2356 695 2453 significabit
707 2401 813 2446 ronam,
827 2400 897 2449 quae
911 2385 1018 2434 Graece
1031 2385 1131 2434 dieitur
1139 2377 1306 2466 Ηίσημειιινή,
1321 2387 1374 2434 Lir-

234 2453 291 2503 tine
305 2454 524 2518 aequinoctialis.
549 2455 597 2504 sed
611 2459 638 2503 et
650 2454 711 2504 sol
704 2469 732 2503 ιιι
749 2453 821 2502 lianc
834 2467 930 2502 zenam
943 2453 986 2502 bis
1000 2467 1070 2502 anno
1082 2453 1159 2502 uenit
1171 2459 1198 2502 et
1210 2453 1311 2503 totiens
1323 2452 1374 2502 lib-

235 2537 291 2572 ram
311 2521 381 2572 lacit
397 2522 452 2572 dici
470 2527 498 2570 et
514 2523 602 2572 noctis
621 2521 647 2572 nl
661 2527 703 2570 est
715 2521 782 2570 VIII
795 2520 856 2570 Kal
870 2521 955 2586 April.
970 2527 998 2570 et
1010 2521 1076 2570 Vlll
1090 2520 1152 2570 Kal
1167 2521 1278 2570 Octobr.
1303 2520 1376 2570 haec

235 2605 305 2639 zona
316 2589 514 2640 inhabitabilis
532 2605 595 2640 uam
607 2595 719 2656 propter
730 2589 828 2638 nimios
842 2589 952 2638 ardores
965 2588 1028 2638 loca
1038 2589 1163 2638 subiecta
1172 2587 1258 2638 habet
1268 2595 1375 2666 erupta.

235 2663 347 2722 quartus
364 2657 463 2706 deinde
486 2657 588 2724 digitus
606 2657 774 2722 significabit
790 2673 900 2718 zonam,
920 2671 989 2721 qnae
1007 2657 1161 2721 appellatur
1178 2649 1376 2722 χιιμερινή,ιι

235 2725 314 2774 nobis
331 2725 471 2786 hiemalis,
491 2725 561 2806 qnod
579 2726 687 2775 seilicet
705 2741 765 2774 euni
783 2724 860 2774 illam
877 2694 917 2772 abl
935 2725 1105 2774 transcendit
1127 2724 1241 2774 hiemem
1261 2725 1331 2774 lacit
1347 2730 1377 2774 et

234 2791 374 2842 breuiores
387 2793 445 2842 dics
459 2793 524 2855 agit
550 2809 611 2842 narn
631 2794 669 2842 ibi
688 2792 833 2842 solstitium
846 2792 947 2854 elficit
966 2792 1035 2872 quod
1055 2797 1097 2842 est
1110 2793 1173 2842 Vlll
1188 2793 1249 2842 lIal
1264 2793 1374 2842 Ianuar.

235 2859 306 2909 banc
320 2875 424 2940 qqoqne
438 2875 534 2910 zonam
548 2859 698 2910 inhabitari
711 2860 843 2909 credibile
857 2865 899 2910 est
906 2860 1052 2924 ,qnoniam
1071 2861 1123 2908 et'
1116 2877 1176 2926 ipsa
1195 2861 1254 2926 pari
1272 2865 1375 2926 tempe·

235 2932 328 2977 rotura
341 2925 412 2977 inter
424 2932 507 2978 noton
520 2933 549 2977 et
560 2928 699 2977 meridiem
712 2928 803 2992 posita
821 2935 876 2990 est,
899 2927 1123 2992 quemadmodum
1142 2930 1217 2978 enins
1234 2943 1316 2994 supra
1335 2928 1375 2977 ie·

235 2995 321 3045 cimus
332 2995 496 3044 mentionem
511 2996 671 3046 aestiunlis
664 3002 736 3046 inter
749 2995 993 3074 aequinoctialem
992 3001 1020 3045 et
1031 2997 1288 3074 septentrionalem·
1307 2996 1353 3044 et
1347 3011 1376 3046 ιιι

234 3061 287 3112 bac
300 3077 369 3112 zona
383 3063 405 3112 si
420 3064 464 3126 qui
478 3063 646 3126 lnbabitant,
666 3063 841 3128 appellantur
854 3079 870 3113 a
883 3064 961 3112 nobis
973 3053 1196 3129 ιιίιιίχθοιιες,
1177 3079 1214 3123 ως
1226 3057 1279 3130 τὴν
1292 3054 1374 3114 ivae

234 3129 301 3180 τίαν
313 3122 407 3196 χθόνα
420 3125 574 3190 οἰκοῦντες.
604 3131 706 3198 digitus
719 3131 843 3180 minimus
856 3131 941 3181 habet
954 3131 1073 3196 quintam
1092 3149 1187 3182 ronam
1206 3132 1375 3198 appellatum

235 3189 344 3260 νότιον,
369 3199 495 3264 quoniam
514 3217 546 3249 ex
563 3199 613 3249 Illa
630 3203 708 3266 parte
734 3213 793 3248 cunr
813 3199 897 3248 adflat
914 3205 1013 3250 uentus
1029 3199 1166 3250 humidum
1185 3201 1254 3250 lacit
1272 3215 1375 3249 nerem,

235 3283 297 3316 uam
311 3271 339 3316 et
351 3265 489 3316 humorem
502 3267 636 3332 colligens
650 3281 747 3332 corpus
760 3265 837 3324 νοτίς
850 3267 957 3317 dicitur.
978 3267 1049 3318 haec
1062 3268 1146 3348 plaga
1159 3269 1257 3318 Latine
1269 3273 1375 3317 arratra-

234 3333 268 3384 lis
282 3335 445 3400 appellatur,
459 3335 620 3402 depressior,
634 3351 713 3400 quarn
725 3341 754 3384 ut
772 3351 789 3385 a
801 3336 880 3384 nobis
898 3336 986 3385 uideri
998 3337 1098 3402 possit,
1117 3341 1144 3385 el
1156 3337 1218 3386 ideo
1236 3337 1309 3386 inira
1321 3336 1374 3384 ori·

235 3407 341 3453 zeutem
354 3403 506 3456 deseendit.
531 3405 624 3454 orizon
637 3409 728 3453 antem
742 3407 791 3464 est,
806 3404 850 3468 qui
863 3403 958 3453 ‹letinit
970 3403 1115 3469 sphaeram
1128 3405 1308 3470 superiorem,
1328 3405 1375 3468 qni

236 3477 264 3520 et
276 3471 348 3522 diem
361 3487 378 3521 a
390 3476 470 3522 noete
484 3471 663 3522 disterminat.
682 3472 753 3520 lraec
767 3487 872 3537 qnoque
886 3473 1084 3551 praesumenda
1094 3472 1284 3522 inhabitabilis
1294 3487 1375 3536 prop·

235 3545 278 3589 ter
294 3539 412 3602 rigores,
431 3556 497 3604 quos
515 3542 637 3605 patiatur
648 3555 764 3590 necesse
778 3545 833 3601 est,
853 3540 980 3604 quoniam
992 3540 1074 3604 longe
1093 3557 1110 3590 a
1126 3541 1185 3590 sole
1203 3545 1374 3604 segregatur.

235 3607 353 3658 circulus
373 3613 464 3658 autern
477 3607 606 3659 zodiacus
619 3610 663 3673 qui
682 3601 763 3670 λοξὸς
781 3607 937 3673 appellatur
957 3625 1006 3673 per
1022 3614 1079 3658 tres
1095 3623 1179 3658 zenas
1197 3609 1301 3658 medias
1319 3609 1374 3658 ier·

234 3761 437 3770 ——u———n——nn-

234 3851 307 3906 idem
324 3851 465 3906 Areealcs
480 3851 536 3906 nisi
549 3851 626 3922 quod
638 3847 749 3907 ualido.
783 3867 859 3928 quas
878 3847 951 3908 solis
964 3847 1067 3906 ualido
1083 3867 1246 3929 numquam
1261 3847 1308 3906 uis
1323 3865 1374 3906 us—

235 3931 308 3990 serit
322 3933 392 4010 igne
411 3936 455 3991 vel
470 3953 530 4012 qna
546 3931 618 3992 solis
633 3933 751 3992 ualidos
767 3953 931 4012 numquam
948 3934 994 3992 uis
1008 3935 1116 3993 afferat
1135 3934 1221 4011 ignes
1239 3937 1281 3991 vel
1295 3953 1374 4013 quas

235 4017 307 4076 solis
323 4017 424 4076 ualido
439 4037 603 4099 numquam
615 4018 661 4077 uis
677 4019 763 4078 afflet
776 4018 815 4077 ab
831 4019 893 4096 igni
906 4023 977 4077 coni.
995 4022 1122 4078 Grialins
1136 4039 1212 4100 quas
1228 4017 1300 4077 solis
1318 4037 1375 4076 ua-

236 4101 298 4160 lido
321 4121 483 4182 numquam
508 4113 595 4162 aestu
614 4111 729 4162 torreat
749 4105 827 4180 ignis
851 4107 1015 4162 Wiillnerns
1031 4109 1066 4162 de
1095 4107 1180 4162 Varr.
1204 4107 1314 4162 Aleria.
1339 4123 1374 4177 p.

239 4193 287 4246 24.
316 4191 456 4262 quidquid
476 4191 510 4246 de
522 4191 574 4247 boe
589 4207 673 4248 versa
692 4199 816 4262 statues,
852 4199 960 4248 cerium
977 4199 1018 4249 esi
1036 4193 1215 4249 intercidisse
1237 4199 1305 4248 anie
1331 4193 1377 4247 ori

231 4282 298 4346 pest
318 4289 382 4329 eum
396 4293 484 4332 ιιιιιιιιι
499 4291 610 4332 versam
628 4295 684 4348 quo
699 4234 899 4348 exponebatur
917 4285 1091 4350 temperatus
1105 4293 1194 4334 zonas
1212 4273 1281 4332 nec
1302 4277 1378 4332 caeli

235 4361 331 4432 ripere
338 4360 520 4476 ψειοιιιιζ
542 4355 557 4442 ll
580 4371 590 4422 ι
613 4358 778 4419 diuisiones
801 4381 854 4419 om.
876 4355 929 4442 ΑΗ
944 4371 961 4422 4
974 4367 1139 4421 nascentur
1159 4355 1196 4418 B¹
1213 4353 1227 4442 ΙΙ
1243 4359 1374 4418 exhaus-

238 4439 345 4504 ιιιιιιΑ1
