3064 5064
549 431 591 476 na
615 431 833 476 estnosoaars
1214 415 1255 480 95

671 585 704 646 II

205 698 363 748 ulornrvs
392 695 541 750 stovnvs
561 679 799 769 Pythagoricus
823 691 856 748 ct
878 703 992 768 magus
1014 684 1049 748 in
1075 683 1174 749 exilio
1194 675 1345 751 mo-85*

133 783 204 849 ritur
224 791 263 860 (a.
287 790 363 866 709).

543 961 552 984 ,
661 907 712 968 ΠΙ
897 955 902 966 .

141 1022 145 1031 ·
204 1021 235 1069 t.
258 1019 420 1070 annaeus
443 1020 577 1068 sennua
601 1003 823 1072 Cordubensis
850 1014 1041 1094 praeceptor
1063 1005 1203 1072 Neronis
1225 1001 1345 1076 etssss*

131 1115 254 1194 patruus
281 1105 411 1199 Lucani
434 1117 550 1194 poetae
572 1108 731 1174 incisione
757 1129 911 1172 uenarum
933 1119 965 1173 et
996 1109 1114 1172 ueneni
1137 1108 1256 1174 haustu

114 1210 205 1295 sperit
225 1215 263 1288 (a.
289 1219 368 1290 815).

205 1327 267 1393 llic
288 1327 349 1392 sub
367 1325 508 1394 Claudio
523 1327 617 1414 quasi
632 1329 783 1392 conscius
799 1327 1032 1397 adulteriorum
1054 1327 1159 1394 Iuliae
1177 1329 1256 1396 Ger·
1270 1327 1345 1404 87*

129 1429 238 1494 uranici
255 1429 345 1494 filiae
364 1431 399 1494 in
417 1428 584 1494 Corsicam
603 1429 768 1516 relegatus
789 1439 864 1518 post
884 1433 1066 1496 octennium
1087 1441 1258 1496 reuocatus

25 1559 26 1570 ¹
130 1541 181 1597 est.
214 1533 270 1618 qui
290 1532 353 1596 etsi
373 1552 494 1618 magno
522 1519 692 1598 desiderio⁴
711 1529 858 1620 Athenas
882 1533 1047 1614 tenderet,
1075 1532 1116 1598 ab
1140 1533 1258 1620 Agrip-

128 1635 198 1720 pina
217 1641 326 1700 tamen
348 1632 527 1700 erudiendo
550 1632 672 1699 Neroni
703 1634 737 1697 in
757 1632 913 1727 palatium
941 1633 1100 1700 adductus
1124 1657 1256 1700 saeuum

129 1875 183 1925 nius
199 1874 231 1926 N.
250 1876 285 1925 Η.
304 1875 394 1926 XXIX
413 1875 442 1938 4,
468 1873 512 1924 18:
548 1873 588 1926 ‘ni
605 1876 641 1926 M.
660 1873 749 1925 Varro
772 1875 916 1926 LXXXIII
932 1875 1009 1928 uitae
1033 1891 1104 1931 auno
1122 1875 1258 1943 prodidis-

25 1953 27 1970 '
129 1941 187 1992 sct‘.
221 1943 349 1994 Valerius
372 1943 508 1994 Maximus
529 1941 597 1994 VIII
620 1943 649 2006 7,
669 1941 696 1994 3:
721 1943 877 1994 ‘Terentius
899 1948 991 1994 antem
1012 1945 1098 1996 Varro
1120 1945 1256 1996 humanae

128 2011 195 2061 uitae
218 2011 342 2077 exemplo
366 2015 395 2062 et
415 2011 505 2090 spatio
528 2011 780 2092 nominandus-non
799 2013 879 2064 annis
902 2013 999 2105 quibus
1022 2013 1127 2064 saeculi
1151 2017 1257 2080 tempus

127 2078 1256 2215 tetu‘qtttttttlttttttttnttlte{tritt-tt}·attttsltltt'tt

129 2216 308 2266 duodecimam
322 2231 454 2266 annorum
469 2214 667 2265 hebdomadem
685 2216 838 2280 ingressum
857 2232 918 2266 esse
937 2221 966 2266 et
984 2217 1019 2266 ad
1037 2233 1097 2266 eum
1110 2217 1183 2268 diem
1195 2233 1255 2284 scp-

129 2286 247 2350 tnaginta
264 2283 453 2334 hebdomadas
470 2282 600 2333 librorum
619 2283 832 2349 conscripsisse,
852 2284 1000 2349 exquibus
1019 2285 1138 2350 aliquam
1157 2285 1256 2336 multos

129 2367 182 2402 eum
198 2353 368 2418 proscriptus
387 2357 462 2401 esset
479 2351 595 2418 direptis
613 2350 790 2402 bibliothecis
808 2367 863 2402 non
882 2352 1092 2418 comparuisse)

202 2432 256 2490 85*
274 2437 457 2501 Hieronymus
475 2435 519 2486 01.
540 2433 601 2499 183,
626 2435 652 2484 4.
688 2436 787 2486 Cicero
805 2437 875 2487 Tim.
898 2436 923 2488 l:
960 2437 1086 2502 ‘denique
1104 2439 1144 2488 sic
1165 2439 1255 2488 iudico

129 2511 183 2568 post
199 2507 263 2556 illos
281 2504 390 2556 nobiles
407 2503 610 2570 Pythagoreos,
631 2519 743 2568 quorum
761 2505 911 2570 disciplina
929 2507 1052 2556 extincta
1074 2511 1116 2556 est
1141 2507 1256 2571 quodam

130 2573 277 2624 nodosum
296 2573 402 2638 aliquot
419 2571 533 2622 saecula
551 2572 580 2621 in
597 2571 682 2621 Italia
700 2571 852 2637 Siciliaque
871 2574 1020 2639 uiguisset,
1041 2573 1112 2624 Inane
1132 2575 1255 2625 extitisse

130 2642 266 2760 guinillam
289 2637 460 2692 renouaret.’
502 2641 538 2690 cI.
559 2639 649 2693 schol.
674 2640 742 2708 Bab.
765 2641 794 2690 in
812 2641 974 2692 Ciceronum
997 2644 1025 2692 in
1044 2643 1136 2692 Vetin.
1156 2659 1182 2708 p.
1206 2642 1255 2696 317

151 2725 175 2760 re

203 2789 258 2848 86*
274 2795 458 2858 Hieronymus
476 2791 519 2842 01.
538 2791 601 2855 211,
623 2791 644 2841 l.
669 2794 853 2858 Hieronymus
866 2794 908 2844 Ol.
929 2793 991 2858 197,
1009 2796 1024 2845 4
1042 2794 1078 2858 (a.
1099 2793 1174 2860 765):
1195 2797 1256 2848 ‘So-

130 2863 163 2910 tio
179 2862 355 2928 philosophus
367 2860 568 2911 Alexandrinus
586 2865 751 2926 praeceptor
763 2864 887 2914 Senecae
904 2863 996 2913 clarus
1013 2863 1149 2914 babetur)
1170 2867 1256 2932 ‘prae-

131 2937 216 2996 reptor
232 2928 372 2982 Seneeac'
391 2930 575 2994 HIeronymus
594 2945 627 2978 ex
644 2928 776 2978 Suetonio
794 2931 961 2980 Eusebianis
980 2931 1094 2984 addidit.

136 3065 140 3078 ,
197 3013 257 3070 *Sl*
274 3015 379 3066 Probus
392 3012 489 3064 Vallae
509 3013 538 3062 in
551 3012 711 3064 IuvenalV
731 3011 792 3064 loo:
812 3013 896 3078 ¹bic,
915 3019 945 3065 ut
958 3017 1047 3082 inquit
1059 3019 1177 3082 Probus,
1196 3019 1255 3070 sub

131 3081 266 3136 Claudio
273 3119 415 3134 ..........
423 3081 584 3151 saeuitia.
597 3079 809 3146 huicpostremo
822 3084 892 3148 quod
902 3082 1012 3134 habitus
1026 3092 1099 3137 esset
1108 3088 1181 3137 inter
1192 3103 1255 3137 con-

130 3152 208 3202 scios'
221 3171 245 3204 e.
259 3169 283 3218 q.
298 3167 319 3201 s.
339 3151 461 3216 sequitur
472 3151 568 3199 mortis
581 3151 703 3199 narratio
716 3155 812 3216 aperte
825 3151 973 3201 seeundum
985 3153 1077 3203 Tacit.
1096 3155 1145 3205 XV
1157 3155 1188 3205 ol
1198 3171 1254 3221 sqq.

130 3221 232 3285 scripta.
252 3219 327 3270 ‘lieri
339 3219 424 3284 ig'itur
435 3222 527 3283 potest
539 3222 569 3266 nt
580 3216 650 3266 bace
663 3217 746 3267 Vella
758 3219 817 3284 ipse
831 3217 989 3269 adiecerit’
1006 3221 1128 3272 Iahnius.
1143 3251 1174 3258 —
1188 3224 1255 3274 Cas·

131 3287 312 3348 attentetis,
335 3285 377 3348 111,
397 3285 420 3335 7.
458 3285 572 3334 Tetellus
591 3300 654 3334 ann.
675 3285 730 3334 XII
747 3285 776 3334 8:
796 3287 840 3336 ‘at
858 3287 1022 3353 Agrippina,
1042 3306 1077 3340 ne
1096 3290 1176 3341 malis
1194 3297 1255 3340 tan.

131 3359 179 3405 tum
199 3356 368 3408 facinoribus
391 3353 563 3414 notesceret,
593 3353 704 3402 ueniam
729 3354 807 3404 exibi
825 3371 873 3420 pro
892 3357 1005 3406 Annaeo
1024 3358 1144 3421 Seneca,
1175 3359 1256 3408 simul

131 3431 276 3486 praeturam
305 3425 449 3488 impetrat,
478 3420 581 3471 laetum
600 3421 629 3470 in
657 3421 798 3486 publicum
827 3429 889 3473 rata
919 3424 953 3473 ob
984 3424 1176 3476 claritudinem
1199 3431 1255 3475 stn-

131 3491 223 3542 diorunr
253 3495 326 3553 eius,
363 3495 446 3555 utque
475 3488 591 3538 Domitii
624 3490 745 3552 pueritia
778 3489 829 3540 tali
863 3493 995 3557 magistro
1025 3493 1199 3544 adulesceret
1228 3499 1257 3544 et

132 3561 243 3611 consiliis
266 3559 388 3610 eiusdem
411 3558 446 3608 ad
468 3573 544 3622 spem
566 3557 761 3608 dominationis
783 3564 940 3623 uterentur,
970 3562 1035 3625 quia
1058 3563 1164 3612 Seneca
1187 3561 1256 3612 lidus

132 3625 156 3676 in
175 3629 349 3701 Agrippinam
372 3627 504 3676 memoria
527 3625 656 3674 beneficii
684 3631 712 3674 ct
735 3627 859 3678 intensus
883 3627 998 3680 Claudio
1022 3629 1114 3682 dolore
1137 3632 1255 3680 iniuriae

132 3695 308 3748 credebatur.'
345 3695 491 3746 Suetonius
518 3693 581 3744 Ner.
610 3692 639 3742 7:
676 3693 834 3745 ‘undecimo
862 3699 964 3746 aetatis
994 3713 1065 3748 anno
1094 3715 1111 3748 a
1139 3698 1255 3749 Claudio

133 3763 266 3828 adoptatus
285 3769 329 3815 est
344 3765 513 3826 Annaeoque
526 3761 652 3810 Senecae
670 3765 735 3812 tnnc
754 3764 876 3814 senatori
894 3765 1108 3830 indisciplinam
1128 3768 1254 3818 traditus.

133 3829 212 3882 terunt
228 3833 363 3884 Senecam
381 3831 506 3897 proxima
523 3833 604 3880 nocte
624 3829 712 3880 uisum
725 3831 779 3880 sibi
797 3847 846 3897 per
863 3833 982 3896 quietem
996 3835 1025 3884 C.
1042 3835 1158 3886 Caesari
1176 3851 1254 3902 prae·

133 3899 228 3963 cipere,
246 3901 373 3952 ct·fidem
391 3899 496 3950 somnio
512 3898 584 3948 Nero
609 3897 686 3947 breui
705 3898 787 3962 feeit,
810 3900 919 3964 prodita
942 3903 1114 3953 immanitate
1137 3909 1253 3954 naturae

133 3967 218 4028 quibus
239 3971 354 4035 primurn
377 3968 467 4033 potuit
490 3963 703 4032 experimentis!
738 3965 784 4018 35:
820 3967 970 4022 ‘Senecam
993 3975 1200 4037 praeceptorem
1219 3972 1255 4022 ad

207 4207 472 4290 lphythngorious
493 4213 520 4267 Β
538 4205 551 4292 ΙΙ
572 4221 590 4275 3
613 4211 758 4271 Annaeus
781 4211 856 4270 Seni.
879 4209 1006 4271 Annene
1028 4213 1056 4271 B
1076 4205 1089 4292 ΙΙ
1109 4219 1126 4273 l
1145 4211 1255 4274 ueneni

134 4287 228 4352 haustu
242 4297 269 4352 Β
282 4314 401 4354 ueneno
423 4294 530 4354 hausto
547 4299 623 4356 Soet.
646 4293 659 4378 Η
680 4297 789 4376 operit
804 4299 832 4354 Β
846 4295 937 4376 periit
957 4298 1058 4372 (Soet.)
1079 4295 1093 4380 ΙΙ
1113 4305 1129 4361 7
1151 4309 1253 4358 octen-

134 4377 201 4437 nium
225 4383 318 4438 I’otsr
337 4381 436 4455 proas-
465 4383 581 4441 δεηιεο..Ι
602 4383 764 4442 triennium
792 4385 872 4441 Valla
893 4377 907 4464 ΙΙ
925 4389 944 4443 8
962 4383 1101 4444 tenderet
1118 4386 1254 4444 Scirone·

135 4464 194 4520 Itos:
207 4465 377 4548 intenderet
398 4468 479 4524 Velle
495 4461 509 4548 ΙΙ
522 4479 539 4531 9
550 4487 694 4528 scaeuum
714 4469 810 4541 Vultu,
823 4470 943 4526 comesi
