3162 5058
258 389 321 456 284
783 409 915 450 runrvu

343 569 530 621 osrsurvu
550 571 743 622 uousrumr
762 563 795 620 et
815 560 1027 638 rnommvu]
1052 565 1214 622 ostentum
1236 557 1308 622 sine
1330 577 1399 623 cor·

256 679 335 744 pore
362 657 466 723 solido
495 657 590 722 nobis
621 679 656 721 se
678 657 822 742 ostendit
851 667 883 721 et
909 657 1010 722 oculis
1039 665 1071 722 et
1090 657 1224 723 auribus
1246 659 1398 733 obicitur,

255 769 292 824 ut
315 759 458 824 interdiu
480 759 645 840 tenebrae,
665 767 759 824 nocte
780 758 854 841 lux3
875 758 1060 844 prodigium
1084 762 1170 847 quod
1192 760 1305 826 solidis
1329 782 1396 824 cor·

256 860 390 948 poribus
408 862 616 946 conspicitur,
638 871 675 926 ut
696 861 834 926 incaelo
851 869 996 926 cometae
1013 861 1107 926 stella
1123 871 1181 926 eut
1194 862 1268 944 fax3
1290 883 1397 926 mons·

209 967 211 972 ’
255 972 341 1027 trum
364 963 450 1048 quod
472 972 586 1028 contra
605 971 754 1028 naturam
778 965 843 1048 (est
858 971 915 1026 aut
934 966 1099 1045 usturam)
1122 966 1288 1048 cognitum
1307 978 1418 1048 egre-⁵

257 1063 360 1146 ditur,
383 1065 447 1150 (ut)
471 1085 605 1149 serpens
627 1085 700 1127 cum
723 1062 874 1150 pedibus,
897 1065 969 1128 auis
992 1087 1066 1128 cum
1087 1063 1159 1130 IIII
1183 1065 1256 1130 atis.

256 1219 334 1254 omne
358 1203 521 1254 auditorium
544 1201 630 1252 babet
652 1201 847 1264 scholasticos,
875 1203 893 1252 i.
914 1219 937 1252 e.
963 1203 1054 1253 omnis
1079 1204 1223 1254 auditoris.
1263 1209 1398 1270 usurpant

256 1276 349 1320 temen
367 1279 466 1335 poetae
486 1277 513 1320 et
531 1271 586 1320 ista
605 1271 786 1332 confundunt,
811 1275 841 1318 ut
859 1270 911 1322 boc
929 1271 990 1320 ioco
1009 1278 1068 1321 totu
1086 1289 1134 1337 prc
1155 1273 1279 1322 omuibus
1297 1273 1395 1338 posuit,

257 1345 284 1387 et
298 1343 393 1388 contra
411 1356 460 1404 pro
479 1345 536 1389 toto
550 1353 657 1388 omnem
667 1339 766 1402 posuit,
787 1345 817 1387 ut
836 1343 893 1387 est:
913 1338 1081 1404 Omnemque
1101 1340 1202 1390 reuerti
1215 1355 1264 1404 per
1275 1341 1396 1390 Troiam.

256 1406 373 1456 Statius:
399 1408 434 1456 Et
458 1411 530 1456 totos
554 1407 582 1455 iu
604 1421 721 1471 poenum
750 1407 838 1456 ordire
857 1411 987 1471 nepotes,
1011 1409 1029 1456 i.
1050 1424 1073 1458 e.
1098 1406 1212 1458 omnes!
1248 1407 1352 1458 Nonius
1370 1425 1395 1473 p.

255 1474 305 1523 445
324 1491 377 1540 sq.:
399 1474 495 1524 ‘Omne
515 1481 597 1538 etque
617 1479 702 1524 totum
721 1473 817 1523 uolunt
835 1473 945 1538 quidum
965 1491 1025 1524 csse
1045 1477 1207 1536 seiunctum,
1226 1481 1258 1524 ut
1276 1475 1310 1525 ab
1324 1475 1397 1526 omni

255 1541 316 1606 plus
335 1557 396 1592 esse
414 1549 500 1592 totum
518 1547 623 1607 putent,
644 1557 705 1590 cum
723 1541 882 1591 indiscretis
899 1542 971 1592 inter
991 1543 1150 1607 frequenter
1167 1544 1285 1610 positum
1298 1543 1397 1608 legeri-

255 1625 324 1673 mus,
343 1616 371 1660 et
389 1618 531 1675 utrumque
551 1625 611 1660 curn
629 1608 818 1674 significantis
837 1610 1036 1660 uniuersitatis.
1066 1611 1213 1662 Lucretius
1231 1611 1278 1660 lib.
1298 1611 1324 1660 1:
1344 1611 1396 1660 To-

254 1683 312 1728 tum
331 1678 411 1728 uideo
430 1695 478 1743 per
494 1679 577 1727 inune
601 1678 660 1742 geri
679 1693 731 1725 res.
776 1677 852 1742 Virg.
871 1677 899 1727 in
918 1678 1064 1728 bucolicis:
1085 1678 1185 1729 Omnis
1203 1679 1291 1728 uincit
1310 1695 1395 1728 emor.

256 1749 284 1794 et
299 1745 370 1795 idem
390 1761 485 1810 georg.
510 1745 557 1794 lib.
576 1744 634 1794 111:
654 1742 741 1794 Omne
761 1745 831 1794 ndeo
856 1761 942 1810 genus
966 1747 994 1795 in
1013 1747 1093 1796 terris
1111 1747 1303 1811 bominumque
1324 1746 1396 1795 sers-

255 1829 380 1878 rumquc,
401 1818 429 1862 et
447 1828 533 1878 genus
553 1827 726 1876 aequoreum,
744 1813 865 1878 pecudes
884 1815 1030 1880 pictaeque
1049 1815 1183 1874 uolucres,
1203 1815 1232 1864 in
1251 1813 1336 1864 furies
1355 1815 1396 1878 ig-

254 1895 371 1944 nemque
389 1885 486 1945 ruunt,
511 1895 586 1929 umor
604 1879 728 1929 omnibus
752 1881 832 1930 idem.
870 1882 941 1930 idem
959 1883 1027 1932 Aen.
1048 1883 1095 1931 tib.
1116 1883 1166 1932 VI:
1184 1883 1336 1946 Totumque
1355 1883 1396 1932 in·

255 1948 317 1997 fusa
335 1964 384 2014 per
407 1955 482 1998 artus
500 1949 579 1998 Meus
604 1947 694 2012 agitet
713 1948 810 1998 molem
831 1953 859 1998 et
877 1965 977 2014 magno
996 1965 1025 2000 sc
1045 1966 1159 2015 corpore
1183 1950 1289 2000 miscet.
1331 1949 1401 2014 quid

256 2015 326 2080 quod
344 2021 443 2076 totum,
469 2016 539 2080 quod
561 2014 621 2078 plus
640 2021 765 2080 putatur,
790 2032 843 2065 uon
863 2032 910 2082 pro
930 2024 1028 2068 structo
1048 2019 1151 2067 alicubi
1171 2019 1260 2082 nccipi
1285 2018 1397 2082 potest?

254 2083 331 2148 Virg.
351 2099 444 2148 georg.
464 2083 587 2133 libili:
611 2083 753 2147 Totasque
772 2084 926 2133 Aduotuere
951 2085 1020 2135 focis
1044 2087 1131 2136 ulmos
1150 2085 1262 2150 ignique
1281 2085 1397 2146 dsderm

253 2155 284 2201 ut
302 2152 340 2200 sit
357 2157 430 2200 totss
448 2151 572 2216 integrus
590 2165 644 2200 non
663 2165 764 2210 omnes,
784 2167 854 2217 quse
874 2153 902 2202 iu
920 2154 1018 2202 mundo
1037 2159 1109 2212 sunt,
1128 2151 1234 2203 ulmos.’

339 2218 484 2269 Ostentum
503 2223 650 2269 monstrum
670 2225 698 2268 et
716 2216 879 2284 prodigium]
900 2220 961 2286 Gp.
979 2220 1025 2271 103
1037 2238 1063 2271 n.
1078 2220 1140 2270 214:
1162 2221 1316 2271 ‘Ostentum
1335 2221 1396 2270 sine

254 2302 367 2351 corpore
386 2287 500 2337 solidum
519 2302 618 2336 nouum
637 2303 666 2336 se
686 2288 807 2336 ostendit
825 2293 853 2336 et
870 2288 957 2337 oculis
976 2289 1145 2350 stantibus,
1164 2287 1316 2354 prodigium
1330 2303 1397 2338 uero

254 2355 325 2419 quod
342 2355 439 2405 solidis
457 2353 614 2420 corporibus
633 2356 806 2419 prospicitur,
825 2355 901 2404 utin
920 2356 1000 2406 caelo
1019 2363 1140 2406 cometes
1159 2361 1207 2405 sut
1219 2356 1302 2406 stelle
1321 2361 1350 2406 et
1368 2357 1397 2406 iu

254 2427 333 2473 nocte
352 2423 407 2486 lux,
427 2423 546 2472 interdiu
566 2423 712 2484 tenebram
731 2427 879 2472 monstrum
902 2439 967 2473 uero
991 2431 1087 2474 contre
1109 2429 1237 2474 naturam
1256 2439 1289 2474 co
1309 2424 1398 2474 nitum

254 2490 406 2555 egreditur,
430 2496 460 2540 ut
478 2505 592 2555 serpens
611 2505 671 2540 cum
690 2491 805 2556 pedibus
830 2496 877 2540 aut
895 2507 955 2542 cum
974 2497 1101 2557 quattuor
1120 2490 1190 2541 alis.’
1226 2441 1320 2541 Issi:
1342 2491 1396 2542 ‘In-

253 2562 296 2607 ter
318 2563 475 2622 portentum
500 2563 527 2606 et
550 2563 696 2608 ostentum.
746 2563 902 2623 portentum
931 2561 1056 2610 nescitur
1078 2565 1106 2610 et
1128 2559 1157 2610 iu
1179 2575 1229 2609 sua
1252 2565 1398 2625 permanet

254 2626 396 2690 qualitate,
417 2629 553 2675 ostentum
573 2641 638 2674 uero
657 2627 746 2676 subito
766 2627 878 2676 offertur
896 2627 982 2678 ccudis
995 2633 1023 2678 et
1035 2627 1203 2678 subducitur.
1231 2627 1271 2676 sic
1284 2632 1396 2693 porten—

254 2698 309 2742 tum
328 2693 429 2742 dicitur
452 2709 468 2741 s
487 2693 674 2758 portendendo
692 2694 719 2743 id
739 2700 781 2743 est
799 2709 879 2758 porro
898 2695 1076 2757 ostendendo,
1097 2696 1168 2744 sicut
1186 2701 1213 2744 et
1230 2695 1395 2760 prodigium,

254 2761 324 2824 quod
343 2777 420 2825 porro
439 2761 529 2822 diost,
555 2761 582 2808 id
601 2768 643 2810 est
662 2761 754 2811 future
777 2761 810 2810 de
829 2761 910 2826 longe
936 2763 1089 2828 praedicat.
1125 2767 1272 2812 monstrum
1291 2779 1359 2814 seue
1379 2777 1397 2812 ιι

254 2829 358 2877 monitu
380 2829 424 2878 uel
442 2827 618 2877 monstrando
637 2827 747 2882 dictum.
768 2829 838 2894 quod
858 2830 963 2894 aliquid
981 2830 1162 2895 significando
1181 2831 1349 2880 demonstret
1368 2837 1398 2880 et

253 2895 356 2944 stetim.
393 2897 512 2960 quinque
531 2900 594 2944 sunt
613 2901 704 2945 nutem
724 2912 827 2961 genera
847 2897 1030 2964 prodigiorum
1043 2905 1073 2948 ut
1086 2899 1172 2949 Varro
1190 2899 1271 2958 dicit,
1291 2897 1319 2948 id
1338 2902 1396 2948 est:

252 2967 407 3026 portentum
426 2969 563 3012 ostentum
581 2963 731 3028 prodigium
751 2964 912 3014 miraculum
935 2971 964 3016 ct
985 2964 1152 3016 monstrum'
1189 2965 1283 3016 1457:
1308 2966 1398 3015 ‘luter

253 3035 407 3093 portentum
426 3039 455 3080 et
477 3036 634 3080 monstrum.
675 3037 831 3096 portentum
850 3035 980 3098 estquod
999 3049 1032 3084 ex
1052 3035 1145 3084 formis
1163 3033 1279 3083 diuersis
1296 3050 1396 3098 propo-

253 3099 339 3160 nitur,
360 3105 521 3160 monstrum,
547 3099 618 3162 quod
641 3105 719 3149 extra
736 3106 863 3150 naturum
882 3103 1019 3160 nuscitur,
1048 3101 1094 3152 uel
1116 3102 1197 3151 nimis
1221 3101 1324 3164 monde
1348 3101 1396 3150 uei

253 3165 333 3214 nimis
352 3165 455 3216 breue.’
492 3165 637 3231 Appendix
656 3167 690 3216 ud
709 3168 791 3217 Probi
810 3175 897 3218 ortem
921 3171 1051 3219 minorem
1070 3185 1095 3233 p.
1115 3169 1163 3218 447
1186 3185 1213 3218 u.
1237 3167 1284 3218 48:
1308 3169 1398 3218 ‘inter

252 3239 390 3284 ostentum
409 3241 437 3284 et
455 3241 605 3284 monstrum
624 3241 652 3282 et
669 3235 822 3301 prodigium
841 3242 869 3285 et
881 3243 1035 3303 portentum
1054 3237 1104 3286 hoc
1118 3238 1242 3298 interest,
1262 3236 1333 3302 quod
1351 3252 1396 3286 os-

253 3307 358 3352 tentum
378 3307 406 3350 et
423 3307 572 3351 monstrum
590 3304 750 3366 praesentis
774 3309 928 3366 ostentent,
955 3305 1107 3370 prodIgium
1126 3313 1219 3354 sutem
1238 3311 1266 3354 et
1283 3309 1396 3370 portcn-

252 3376 309 3420 tum
328 3371 421 3420 futurs
438 3369 615 3435 significent)
626 3397 658 3406 -
676 3373 698 3420 F
712 3388 738 3436 p.
758 3370 820 3421 348:
842 3373 996 3423 ‘Ostentum
1016 3373 1086 3437 quod
1098 3377 1209 3438 praeter
1221 3372 1395 3422 consuetudi-

252 3453 314 3488 nem
337 3436 463 3501 offertur,
488 3445 518 3488 ut
542 3443 608 3502 putu
631 3439 655 3488 si
678 3439 805 3489 uideatur
827 3445 901 3490 terra
925 3441 1022 3490 erdere
1045 3441 1090 3489 uel
1113 3440 1220 3490 caetum
1240 3440 1283 3490 uel
1307 3455 1395 3490 mere.

252 3511 407 3572 portentum
432 3505 503 3570 quod
520 3521 599 3571 porro
619 3512 648 3556 et
668 3507 770 3557 diutius
789 3514 890 3568 munet,
910 3509 1083 3573 futurumque
1103 3508 1271 3572 postmodum
1289 3507 1398 3571 aliquid

253 3573 403 3639 significat.
430 3580 579 3624 monstrum
599 3581 641 3624 est
653 3581 749 3626 contre
767 3583 902 3638 naturum,
921 3583 951 3626 ut
965 3583 1008 3626 est
1019 3577 1200 3626 Minotaurus.
1230 3575 1394 3640 prodigium,

252 3642 322 3706 quod
341 3658 430 3694 mores
449 3643 572 3703 fuciunt,
591 3659 640 3707 por
658 3643 728 3708 quod
747 3643 938 3694 detrimentum
957 3649 1127 3709 expectetur.
1156 3645 1249 3707 itaque
1269 3644 1313 3708 qui
1331 3659 1397 3707 pro·

251 3709 327 3774 digin
346 3710 452 3760 fucitmt
471 3711 579 3775 prodigi
596 3717 738 3760 uocantur.
774 3712 802 3759 in
826 3719 934 3762 ostento
957 3713 1058 3762 raritss
1082 3711 1290 3762 admirationem
1313 3711 1394 3761 tecit.

251 3779 280 3826 iu
300 3783 418 3828 monstro
436 3783 528 3828 rectus
547 3779 611 3828 ordo
630 3783 747 3828 nuturse
765 3779 891 3828 uincitur.
927 3780 955 3830 in
973 3785 1100 3844 portento
1118 3779 1242 3828 differtur
1269 3785 1396 3828 euenum.

252 3870 454 3882 ——u

337 3916 444 3974 toculi
456 3916 489 3971 M
501 3908 513 3995 ΙΙ
529 3925 546 3977 3
561 3915 691 3974 interdiu
704 3915 860 3988 tenebrae,
876 3926 965 3975 nocte
978 3919 1116 3975 Rotbius:
1137 3916 1287 3974 interdum
1307 3925 1396 3975 tene·

251 3999 340 4069 brae,
361 4019 419 4058 nox
440 4001 473 4058 M
485 3997 498 4080 Η
513 4011 530 4060 4
545 4001 732 4077 conspicitur
746 4010 779 4058 ut
801 4003 832 4060 in
855 4001 942 4060 caelo
958 4003 1095 4060 Rotbius:
1119 4002 1151 4058 in
1168 4002 1255 4059 caelo
1272 4003 1395 4079 conspi-

253 4085 330 4143 citur
344 4093 376 4142 ut
392 4087 425 4142 M
437 4080 451 4164 U
467 4095 604 4144 cometae
622 4089 742 4160 scripsi:
763 4097 899 4145 comeete
918 4089 951 4144 M
965 4097 1099 4146 cometes
1115 4089 1237 4145 Mettius
1257 4081 1270 4168 [Ι
1290 4099 1395 4148 bson-

251 4177 299 4228 trs
325 4179 464 4230 usturam
491 4180 537 4230 est
559 4179 612 4230 uut
636 4179 775 4228 naturam
797 4175 949 4248 cognitum
976 4177 1095 4245 scripsi:
1130 4183 1236 4230 contra
1255 4180 1395 4230 nutrirem

252 4256 374 4330 cognitu
394 4257 426 4314 M
441 4252 576 4334 [contre]
597 4265 735 4314 usturam
753 4258 905 4334 cognitum
916 4259 1046 4316 noturus.
1062 4262 1153 4315 idem:
1172 4257 1314 4331 ‘sortasse
1330 4275 1396 4314 mo-

252 4337 323 4396 dum
339 4349 467 4400 nsturee
489 4341 648 4416 cognitae’
672 4350 777 4400 contra
793 4351 933 4400 naturam
951 4343 1102 4418 cognitum
1123 4359 1192 4400 esse
1210 4341 1343 4400 creditur
1360 4344 1392 4400 0.

253 4423 373 4482 Iahnius
388 4419 401 4508 ΙΙ
416 4433 433 4487 6
450 4434 484 4484 ut
500 4429 609 4484 addidit
627 4429 749 4486 Rotbius
766 4424 778 4508 Η
794 4428 858 4486 auis
874 4430 1012 4486 Mettius:
1035 4435 1087 4486 sut
1097 4427 1132 4484 M
