3190 5098
280 362 340 424 442
484 417 492 425 .
611 387 834 435 Qt'nesutonus
853 389 1078 430 sinuessanae

277 555 342 594 rum
360 555 447 594 nemo
467 546 501 594 ut
526 537 583 596 hoe
597 539 628 597 in
644 548 821 598 transcursu
842 539 940 600 theam
960 551 1081 620 poterat
1102 542 1247 601 Varronis
1265 543 1317 602 vel
1339 543 1419 602 adeo

277 636 380 714 Nigidi
406 636 498 698 libros
522 639 605 720 ipsos
627 639 787 718 adhibere;
823 642 904 722 quod
926 663 995 702 eum
1017 643 1174 704 Beckcrus
1194 645 1319 704 infirmis
1342 665 1418 704 sane

277 740 462 816 argumentis
486 740 695 801 demonstrare
720 752 894 816 conaretur,
923 765 983 803 non
1000 747 1154 823 reputavit
1169 747 1194 804 si
1211 743 1289 806 haec
1316 747 1418 825 opInio

277 861 351 900 vera
369 853 450 900 esset
471 843 616 903 iodicium
634 844 698 904 eins
718 845 755 904 dc
778 846 923 906 Suetonio
941 847 1051 922 Isidori
1069 858 1193 908 auctore
1213 848 1304 925 plane
1318 847 1416 906 incer-

277 953 338 1004 tum
364 945 446 1022 fore3
483 947 656 1006 memineris
681 949 761 1006 enirn
787 969 856 1007 enm
882 969 942 1006 non
967 969 1131 1029 numquam
1156 949 1332 1009 felicissime
1359 949 1416 1008 Isi·

277 1047 404 1108 doriana
419 1050 520 1130 capita
536 1049 680 1108 Suetonio
695 1049 855 1108 restituere
874 1049 982 1130 quibus
1007 1071 1068 1110 non
1085 1051 1244 1112 dissimilia
1254 1052 1416 1112 Varronia-

276 1151 323 1210 nis
347 1152 583 1211 continerentur.
621 1151 675 1211 sed
696 1150 766 1210 nolo
791 1149 870 1208 hanc
889 1151 1121 1212 inconstantiam
1141 1155 1240 1214 acrius
1257 1154 1418 1231 castigare,

277 1273 344 1312 curn
363 1254 461 1332 ipsum
479 1253 537 1312 hac
555 1253 593 1314 de
613 1273 646 1313 re
662 1273 742 1312 nnnc
759 1251 848 1310 alitor
869 1255 981 1312 sentire
999 1274 1036 1314 ex
1052 1257 1097 1315 eis
1117 1257 1319 1316 intellexerim
1337 1275 1417 1334 qnae

277 1365 382 1416 contra
397 1357 589 1438 Breysigium
607 1357 638 1414 in
656 1353 816 1431 Philologo
831 1353 929 1414 XIIII
948 1377 978 1435 p.
994 1366 1041 1420 111
1060 1357 1194 1436 protulit.

361 1458 411 1518 Ad
426 1457 617 1538 Breysigium
630 1467 780 1530 revertor,
798 1456 850 1535 qni
861 1456 900 1516 ad
914 1477 1000 1517 sunm
1017 1459 1055 1518 de
1067 1459 1233 1518 scholiasta
1245 1459 1416 1538 opinionem

276 1558 487 1618 stabiliendam
504 1581 563 1620 uno
580 1560 767 1638 potissimum
784 1558 851 1616 leco
866 1578 939 1619 urus
959 1570 1018 1634 est,
1038 1563 1131 1626 ,euius
1152 1563 1272 1640 species
1293 1560 1416 1640 quidem

276 1670 338 1720 tam
360 1651 456 1720 fallax
476 1671 522 1721 est
543 1671 576 1720 ut
597 1683 658 1720 non
677 1659 769 1720 facile
791 1661 933 1720 miremur
953 1663 1035 1742 quod
1056 1683 1094 1722 sa
1112 1662 1259 1742 deeeptus
1275 1663 1324 1721 sit.
1357 1662 1415 1722 Isi·

277 1763 368 1823 dorus
396 1764 475 1824 onim
501 1783 527 1824 c.
550 1761 612 1822 XV
634 1763 707 1821 selis
738 1771 878 1822 naturam
907 1764 1053 1824 describit
1075 1763 1218 1824 Ambrosi
1237 1764 1307 1824 hex.
1335 1763 1368 1822 II
1388 1775 1416 1836 3,

277 1877 310 1929 lt
327 1865 391 1923 IIII
407 1873 440 1936 3,
457 1865 520 1929 911
535 1873 565 1938 3,
585 1875 616 1928 13
632 1863 734 1924 verbis
750 1885 838 1941 usus3
874 1865 918 1924 ita
933 1875 1035 1927 tamen
1050 1869 1141 1928 uteie
1157 1867 1326 1927 Immiseeat
1342 1885 1417 1946 quo-

279 1989 343 2028 rum
373 1968 454 2047 apud
474 1966 667 2028 Ambrosium
690 1984 728 2024 ne
754 1973 870 2026 tantum
894 1968 1018 2048 quidem
1043 1978 1129 2029 extat
1149 1969 1262 2028 haece:
1299 1973 1417 2044 quidam

275 2081 370 2130 nutem
384 2075 483 2130 dicunt
497 2075 565 2130 selis
579 2074 671 2143 ipaem
687 2087 764 2142 uque
780 2076 890 2128 assirim
902 2079 929 2130 et
944 2077 1120 2130 econtrario
1136 2075 1265 2134 elimenta
1282 2075 1416 2130 uirtutem

276 2178 390 2234 luminis
406 2183 433 2231 et
449 2178 569 2247 uaporis
586 2177 729 2245 accipere.
763 2191 842 2251 quae
861 2172 907 2231 his
931 2171 1074 2232 Ambrosi
1089 2171 1192 2232 verbis
1208 2173 1414 2253 excipiuntur:

276 2280 351 2336 ande
361 2277 532 2350 frequenter
550 2279 635 2336 solem
648 2277 777 2332 uidemus
791 2278 934 2332 inadidnm
950 2285 1035 2348 atque
1053 2285 1216 2348 rorantem,
1237 2281 1266 2334 in
1284 2296 1340 2351 quo
1357 2282 1414 2336 eai-

275 2383 346 2438 dena
360 2381 410 2436 dat
424 2381 556 2435 indiciam
571 2380 647 2450 quod
661 2381 822 2434 elimentum
837 2395 979 2450 aquarum
998 2380 1037 2434 ud
1051 2383 1214 2450 temperiem
1229 2383 1276 2436 rai
1288 2396 1416 2452 sumpse·

275 2487 325 2540 rit.
349 2479 433 2540 initio
452 2477 679 2557 autem-capitis
695 2477 773 2537 haee
787 2477 930 2537 Ambrosi
949 2477 1045 2537 verba
1066 2489 1225 2558 posuerat:
1250 2485 1337 2540 selem
1348 2484 1416 2555 piti-

274 2585 387 2656 tosophi
398 2589 504 2656 irenem
521 2585 632 2640 euticiae
648 2597 709 2640 esse
726 2591 850 2642 aetenae
869 2585 993 2656 eoquod
1010 2583 1093 2639 attus
1107 2586 1144 2640 sit
1165 2602 1221 2642 neri
1239 2586 1417 2642 mmeandas

276 2693 326 2743 aut
342 2687 446 2741 rutilus
458 2688 486 2740 in
503 2687 625 2769 speeiem
640 2687 715 2758 tynis
729 2691 757 2740 et
772 2686 834 2741 ideo
848 2687 925 2756 quod
934 2701 986 2742 nee
1002 2686 1105 2756 ipsiius
1120 2693 1228 2742 nutura
1240 2689 1292 2746 citt
1311 2689 1418 2759 siquid

275 2789 360 2844 trahet
380 2789 487 2843 coieris
504 2785 607 2857 seruiit
625 2789 812 2858 pernimium
830 2793 934 2842 motum
954 2787 1151 2844 conuersioais
1165 2789 1304 2846 accidere.
1335 2805 1415 2865 quae

276 2896 416 2967 repetere
435 2885 558 2944 videtur
573 2885 738 2946 scholiasta
751 2907 781 2965 p.
800 2895 864 2949 108:
904 2891 947 2946 sol
961 2889 1070 2945 interea
1087 2885 1191 2963 (immo
1210 2885 1331 2964 reaturo)
1348 2891 1415 2944 dam

275 2996 376 3065 ipaeus
391 2993 427 3046 sit
438 3005 514 3061 prae
529 2993 612 3047 nimio
624 2999 699 3046 motu
714 2994 911 3048 ceresiersionis
922 2993 1046 3063 amptius
1056 2993 1212 3048 incalescit.
1227 2992 1310 3047 cuites
1323 2993 1414 3063 ionem

275 3096 374 3151 dicant
385 3092 549 3164 philosophi
563 3109 640 3163 aqna
655 3095 763 3149 nutriri
776 3101 802 3149 et
820 3109 835 3150 e
850 3096 997 3152 contrario
1009 3096 1144 3150 elemento
1154 3095 1289 3148 uirtutem
1302 3093 1416 3148 laminis

275 3203 307 3252 et
317 3197 424 3252 catoris
438 3195 586 3266 occipere,
603 3196 679 3250 aride
694 3197 823 3252 uidemus
840 3211 904 3252 eam
919 3198 1037 3268 saepius
1053 3196 1197 3252 madidam
1216 3201 1243 3252 et
1258 3201 1414 3265 rorantem,

276 3295 331 3354 sed
341 3294 463 3354 videtur
477 3301 609 3370 tantum;
621 3286 764 3354 attendas
775 3295 854 3352 enim
866 3295 992 3373 primurn
1005 3295 1044 3354 ad
1059 3293 1185 3354 verbum
1196 3298 1318 3366 catoris,
1334 3293 1415 3373 quod

263 3396 442 3456 scholiasta
455 3403 594 3474 usurpat:
627 3415 716 3474 quam
732 3395 903 3476 adpositum
918 3397 974 3456 hoc
994 3405 1041 3456 est
1058 3397 1098 3456 ad
1116 3397 1312 3456 sententiam!
1344 3415 1415 3482 conj

275 3509 322 3558 tra
338 3503 457 3573 uaporis
472 3496 581 3556 Isidori
598 3498 758 3576 inperitiae
780 3499 844 3558 eius
867 3499 1010 3572 debetur,
1038 3519 1098 3579 qna
1113 3499 1331 3559 Suetonianam
1347 3517 1414 3558 sen-

272 3585 401 3663 tentiam
413 3635 453 3645 —
466 3619 535 3658 nam
547 3599 627 3658 hunc
636 3598 717 3658 illius
729 3602 902 3678 sententiae
911 3610 1065 3662 auctorem
1075 3621 1143 3662 esse
1153 3600 1302 3680 superiori
1312 3609 1417 3659 nestra

275 3702 506 3764 ratiocinatione
528 3702 660 3762 csficitur
673 3737 713 3744 -
730 3723 768 3762 ex
790 3701 952 3762 Ambrosio
973 3703 1039 3762 IIII
1059 3714 1091 3776 3,
1114 3711 1130 3764 9
1152 3703 1193 3775 (ut
1210 3719 1280 3760 aero
1301 3705 1345 3764 sol
1358 3722 1415 3762 aon

274 3810 365 3864 setiam
390 3809 524 3864 uirtutem
554 3809 735 3864 illuminandi
758 3808 842 3864 habet
865 3809 1022 3874 sedetiam
1046 3808 1225 3878 soporandi:
1253 3809 1417 3880 teneuram

275 3913 363 3978 etaim,
385 3911 457 3983 ienis
479 3917 573 3970 autem
593 3918 620 3966 et
639 3912 781 3966 illuminat
802 3917 829 3966 et
850 3912 960 3982 exurit)
977 3906 1023 3966 his
1043 3905 1186 3966 Ambresi
1206 3905 1309 3966 verbis
1327 3926 1416 3986 prae·

275 4010 375 4068 missis
393 4011 519 4088 turpiter
535 4010 741 4088 interpolavit.
783 4008 894 4068 deindo
912 4009 1016 4068 mirum
1033 4009 1113 4068 foret
1137 4009 1163 4067 ai
1185 4007 1350 4068 scholiasta
1371 4007 1417 4067 fe·

274 4113 326 4172 lici
342 4113 510 4189 sagacitate
523 4131 560 4172 ex
572 4112 691 4172 Isidoro
704 4113 800 4190 ipsam
814 4112 940 4172 Suetoni
955 4112 1138 4172 sententiam
1148 4111 1323 4189 expiscatus
1335 4119 1419 4168 esset

275 4233 336 4296 qua
348 4215 532 4291 farraginem
545 4235 629 4274 suam
645 4223 813 4274 exornaret.
838 4213 892 4272 scd
911 4233 972 4272 nou
984 4235 1111 4274 neeesse
1124 4223 1171 4272 est
1187 4221 1220 4271 nt
1232 4211 1418 4286 scholiastae

275 4315 333 4374 hoc
346 4337 473 4376 acumen
485 4316 661 4388 tribuamus,
674 4314 763 4374 modo
775 4337 813 4376 ne
827 4337 894 4376 eum
905 4317 958 4396 qui
969 4317 1092 4395 antiqno
1104 4315 1188 4374 fonte
1200 4335 1271 4375 usus
1283 4323 1330 4374 est
1340 4333 1417 4394 psu-

275 4419 356 4500 peris
373 4419 484 4480 Isidori
500 4419 609 4478 horrea
627 4418 780 4498 expilasse
796 4429 946 4500 putemus.
979 4428 1071 4498 atque
1088 4417 1295 4478 demonstrare
1310 4405 1441 4496 pessus
