3190 5098
259 378 320 443 lot
584 401 821 450 *ovaesrrouss
844 399 1072 445 svsromauas

344 553 401 612 Vis
413 553 502 614 huius
516 573 681 613 consensus
698 573 734 612 eo
750 575 813 613 non
829 553 978 630 elevatur,
995 553 1076 634 quod
1092 573 1152 614 uno
1168 553 1238 614 loco
1251 555 1398 615 narratio·

259 672 329 716 nem
345 657 460 716 Donati
471 635 570 715 Focas
584 675 696 733 augere
714 656 845 716 videtur.
874 677 944 715 nam
955 665 1079 735 praeter
1093 659 1152 716 tria
1166 657 1220 716 illa
1231 658 1401 735 praesagia,

260 759 370 840 quibus
385 759 504 835 Vergili
524 757 646 818 natales
665 757 837 819 celebratas
858 777 925 818 esse
949 777 969 818 a
984 758 1107 819 Donato
1127 767 1282 832 narratur,
1301 759 1401 818 Focas

258 881 339 921 nova
354 861 499 920 miracula
514 860 616 940 prodit
630 881 659 939 p.
678 865 721 934 69,
735 870 769 922 22
784 881 865 942 sqq.:
887 871 997 920 terram
1016 858 1204 922 ministrasse
1228 859 1334 935 flores,
1356 869 1401 920 at-

259 983 319 1043 que
334 962 412 1022 adeo
429 981 518 1040 apum
535 955 666 1021 examen
682 963 712 1020 in
730 962 820 1020 labiis
833 962 1010 1022 domnicatis
1032 963 1119 1046 pueri
1140 963 1286 1023 haesisse.
1322 981 1402 1041 quae

259 1065 366 1124 fabula
391 1065 422 1122 in
445 1083 543 1141 genus
571 1083 674 1123 earum
699 1065 864 1124 referenda
886 1073 951 1136 est,
979 1083 1055 1144 quas
1077 1064 1190 1125 Graeci
1214 1065 1402 1142 grammatici

259 1167 297 1226 ab
321 1167 381 1226 alio
407 1167 438 1224 in
465 1167 558 1225 alium
584 1167 751 1225 uansserre
774 1176 892 1241 amant3
939 1165 1021 1245 quod
1043 1167 1175 1226 studium
1198 1167 1307 1226 imitati
1334 1173 1403 1224 sunt

259 1269 379 1328 Latini:
409 1268 581 1328 memineris
603 1268 697 1328 velim
722 1267 801 1328 idem
823 1267 1021 1330 scholiastam
1043 1269 1162 1328 Lucani
1184 1267 1222 1327 de
1238 1277 1332 1346 poeta
1347 1287 1401 1326 sno

259 1370 403 1430 fabulari.
448 1368 529 1448 quod
563 1369 602 1430 de
629 1372 756 1430 Lucano
790 1377 987 1430 commentum
1018 1390 1085 1429 cum
1114 1386 1208 1450 supra
1239 1369 1402 1449 antiquiori

260 1475 353 1532 aetati
374 1473 609 1546 restituerimus,
631 1492 691 1532 non
714 1481 762 1532 est
781 1471 917 1550 prolecto
941 1489 994 1531 our
1014 1471 1118 1532 Focae
1141 1491 1170 1550 p.
1188 1480 1237 1544 69,
1255 1481 1289 1534 25
1312 1469 1402 1530 iidem

260 1575 462 1652 denegemus,
480 1576 576 1654 ipsum
591 1573 669 1632 haec
684 1573 722 1632 de
739 1574 877 1652 Vergilio
893 1593 953 1633 non
969 1573 1107 1633 finxisse.

346 1676 487 1736 Ceterum
510 1676 575 1735 vita
595 1677 697 1734 Focae
717 1695 778 1734 non
800 1677 920 1753 integra
938 1675 978 1734 ad
998 1695 1053 1734 nos
1076 1674 1230 1756 pervenit,
1252 1673 1402 1756 siquidem

260 1800 290 1858 p.
310 1785 345 1839 'ill
359 1799 386 1834 v.
406 1786 438 1839 13
452 1797 497 1857 sq.
514 1785 545 1836 et
556 1797 587 1836 v.
605 1785 638 1838 27
654 1797 717 1858 sq„
740 1777 868 1858 quinon
885 1778 995 1838 conexi
1011 1779 1072 1838 sint
1087 1797 1155 1835 cum
1171 1778 1291 1852 ceteris,
1310 1777 1402 1836 inter·

260 1879 358 1960 peleti
380 1886 460 1938 sunt.
497 1897 626 1957 quarum
648 1880 730 1958 prior
751 1879 1020 1958 interpolationum
1040 1897 1143 1940 rursus
1166 1877 1280 1958 duplex
1306 1897 1403 1955 genus

261 1981 475 2042 emblematum
492 1982 667 2058 procreavit
686 2001 716 2041 v.
735 1990 854 2044 15-417.
880 2001 910 2040 v.
928 1991 1052 2054 18-253
1075 1989 1172 2040 ortum
1193 2001 1267 2040 vero
1289 1989 1401 2041 utrum-

261 2103 320 2162 que
349 2082 451 2142 studio
484 2083 728 2161 Vergilianorum
754 2104 896 2143 versuum
922 2083 1144 2144 imitandorum.
1193 2079 1308 2144 deinde
1338 2083 1404 2142 vita

260 2185 364 2244 Focae
388 2186 448 2244 fine
473 2193 612 2244 truncata
634 2194 690 2244 est.
729 2184 811 2265 quod
836 2184 977 2244 damnum
1000 2205 1060 2244 non
1080 2186 1243 2245 resarcitur
1263 2183 1403 2244 versibus

262 2286 326 2363 (289
347 2287 395 2346 ed.
418 2285 568 2366 Meyer.),
595 2287 705 2366 quibus
729 2287 854 2346 inscribi
878 2287 971 2346 solet:
1012 2290 1128 2346 Phocoe
1161 2291 1344 2362 grammatici
1363 2304 1403 2344 eo:

261 2394 322 2448 scito
355 2391 471 2464 Vergilii
491 2391 697 2466 fraumentorum
742 2389 775 2447 hi
801 2389 880 2448 enim
906 2389 982 2448 nihil
1009 2401 1080 2449 sunt
1103 2387 1162 2449 nisi
1182 2389 1311 2448 imitatio
1335 2409 1401 2448 ver·

261 2511 362 2565 suum,
391 2509 470 2570 quae
494 2491 525 2548 in
552 2492 730 2568 anthologia
759 2489 811 2568 (11
838 2498 888 2552 184
916 2489 1038 2568 Bur-m.)
1067 2488 1238 2550 Octaviano
1265 2489 1403 2567 Augusto

263 2591 493 2664 adscribuntur,
526 2592 634 2672 quibus
661 2612 765 2652 rursus
794 2611 900 2652 versus
926 2591 973 2652 illi
995 2591 1113 2673 Sulpici
1140 2591 1403 2669 Carthaginiensis

261 2695 400 2773 expressi
427 2700 508 2754 sunt.
554 2695 613 2752 iam
641 2714 708 2753 curm
734 2695 825 2752 tertia
850 2702 937 2754 extet
957 2694 1124 2754 eorundem
1143 2693 1273 2754 imitatio
1294 2693 1337 2752 sio
1357 2694 1402 2752 in·

262 2796 377 2873 scripta
398 2798 523 2853 ciusdem
547 2793 685 2873 (Pocae)
710 2800 828 2854 imitatio
851 2813 988 2854 uersurum
1012 2797 1134 2868 Sulpicii
1148 2798 1402 2870 Cartbopinicnsis,

262 2915 322 2955 non
343 2893 534 2975 inprobabile
557 2905 617 2970 est,
642 2897 719 2956 haec
743 2897 802 2956 tria
825 2897 960 2956 carmina
983 2895 1120 2956 diversas
1142 2895 1403 2956 scholiasticorum

263 2999 457 3056 recensiones
474 3017 542 3056 esse
554 2997 642 3056 unius
659 2998 858 3080 eiusdemque
869 2998 1062 3072 imitationis,
1078 3017 1169 3079 quam
1180 2999 1281 3058 Fooas
1297 2997 1328 3056 in
1343 2999 1402 3056 fine

264 3099 345 3158 vitae
365 3107 511 3178 posuerat
530 3099 573 3158 ita
592 3108 625 3157 ut
645 3099 817 3178 Augustum
839 3101 870 3160 in
889 3099 946 3160 hos
969 3119 1077 3159 versus
1098 3107 1342 3180 prorumpentem
1357 3098 1402 3157 in·

265 3200 399 3260 duceret.

349 3303 417 3362 Hae
439 3311 510 3362 sunt
531 3303 613 3362 vitae
632 3312 806 3382 poetarum,
828 3323 909 3385 quae
932 3303 1036 3383 aliquo
1058 3301 1147 3362 modo
1169 3322 1236 3361 cum
1257 3303 1403 3361 memoria

264 3405 455 3466 Suetoniana
472 3403 664 3464 cohaereant.
699 3426 771 3464 nam
786 3405 1036 3477 dalmantiis,
1058 3406 1111 3485 qui
1128 3411 1253 3484 poetae
1271 3412 1402 3481 conputo

264 3507 473 3584 Borghesiano
488 3503 645 3566 Hadriano
668 3517 816 3584 regnante
839 3516 957 3568 saturas
977 3505 1088 3580 edidit,
1111 3526 1178 3567 cum
1201 3507 1277 3566 lines
1294 3505 1402 3565 Sueto·

263 3608 349 3668 niani
364 3607 434 3668 libri
450 3605 591 3680 excedat,
609 3607 756 3670 Suetonio
773 3608 921 3669 vindicari
937 3609 1052 3688 nequit.
1084 3627 1144 3667 nec
1159 3608 1404 3668 commemoravit

265 3729 333 3768 eum
355 3709 386 3768 in
407 3710 615 3787 praelatione,
637 3710 689 3770 ubi
710 3711 848 3770 satiricos
864 3719 971 3791 poetas
996 3719 1162 3770 enumerat.
1201 3709 1403 3770 recentiorem

265 3811 357 3869 etiam
381 3810 527 3887 originem
550 3812 656 3870 Horati
686 3832 762 3891 quas
787 3832 880 3891 supra
906 3821 1029 3891 praeter
1051 3809 1269 3870 Suetonianam
1295 3819 1403 3871 extare

265 3908 328 3971 dixi
344 3911 427 3970 vitae
442 3911 592 3985 referunt,
617 3911 657 3972 ud
677 3933 753 3993 quas
770 3907 995 3974 concinnandas
1016 3911 1082 3973 sola
1100 3922 1210 3992 poetae
1231 3911 1404 3972 testimonia
1495 3961 1500 3975 .

265 4011 402 4072 adhibita
432 4022 511 4072 sunt.
564 4011 701 4073 eiusdem
730 4017 852 4092 generis
885 4025 954 4075 sunt
978 4015 1061 4075 vitae
1091 4013 1209 4075 Tibulli
1227 4024 1270 4102 'et
1299 4011 1402 4086 Ovidi,

266 4133 394 4196 quarum
408 4113 462 4174 illa
478 4113 601 4195 quidem
620 4116 837 4194 epigrammate
856 4116 969 4176 Domiti
985 4115 1095 4189 Marsi,
1122 4115 1204 4195 quod
1221 4115 1403 4176 carminibus

264 4223 375 4292 poetae
390 4215 422 4273 in
437 4213 522 4276 libris
537 4218 691 4294 praemitti
706 4217 757 4278 vel
774 4219 917 4298 postponi
931 4218 1023 4292 solet,
1039 4237 1096 4277 nsa
1111 4226 1166 4278 est.
1202 4217 1318 4278 nullam
1331 4235 1404 4276 vero

266 4315 477 4376 auctoritatem
508 4317 622 4378 habent
647 4320 731 4380 vitae
760 4319 852 4381 Ovidi
880 4329 911 4380 et
939 4321 1072 4395 Lucani,
1104 4339 1179 4400 quas
1206 4319 1347 4398 antiquas
1372 4325 1405 4377 et

265 4415 414 4496 Pomponi
433 4419 524 4480 Laeti
547 4439 615 4480 esse
630 4421 821 4482 Burmannus
842 4420 949 4482 eodem
965 4439 1057 4483 versu
1076 4419 1159 4482 dicit.
1202 4439 1330 4501 quarum
1350 4437 1404 4479 na·
