3190 5098
249 311 311 373 374
585 325 808 376 ovassrrouss
827 324 1052 366 svarosmuss

251 484 335 542 cuius
356 489 498 561 quattuor
516 479 635 558 species
649 477 730 557 apud
744 477 880 537 Graecos
894 476 989 536 fuisse
1006 475 1108 550 tradit,
1124 475 1232 556 quibus
1248 485 1391 556 quattuor

249 585 361 644 Latina
371 580 585 662 respondeant.
612 582 714 659 itaque
733 589 970 638 consentaneum
982 589 1048 637 erat
1062 579 1189 657 primum
1202 577 1390 639 Graecarum

249 695 375 745 naturas
402 693 433 742 et
456 681 587 758 origines
610 680 765 760 explicare
788 700 908 761 quoque
929 679 1019 738 modo
1042 688 1072 739 ct
1093 699 1111 737 a
1134 679 1242 758 quibus
1261 679 1388 738 Romam

249 785 416 846 translatae
433 785 493 843 sint
507 803 648 856 narrare,
665 782 775 842 deinde
791 783 953 842 inlustrare
969 781 1095 840 Latinas
1110 781 1240 860 species.
1262 801 1319 840 uec
1335 783 1389 841 ali-

249 885 427 946 ter'fecisse
447 885 624 946 Suetonium
640 883 834 944 iudicandum
850 893 905 944 est.
944 893 976 943 at
992 883 1157 943 Diomedes
1173 903 1275 942 rursus
1292 885 1390 943 omnia

249 989 395 1049 confudit.
427 1009 496 1046 nam
514 1007 580 1046 curn
595 987 680 1066 initio
698 995 820 1046 servato
836 986 941 1045 ordine
962 987 1191 1065 exscripsisset‚
1217 1005 1296 1064 quae
1315 985 1390 1044 Sue·

250 1092 349 1152 tonius
361 1091 398 1150 de
408 1089 567 1168 tragoedia
579 1099 609 1149 et
622 1089 778 1149 comoedia
791 1087 940 1161 traderet,
955 1088 1083 1168 simplici
1095 1085 1287 1148 describendi
1298 1105 1392 1165 opera

250 1194 356 1274 opinor
372 1191 558 1268 defatigatus
574 1191 612 1250 de
629 1191 746 1250 Latinis
758 1189 944 1249 dramaticae
959 1192 1061 1270 poesis
1078 1189 1239 1266 generibus
1253 1187 1388 1266 disputa-

250 1298 363 1355 tionem
395 1295 555 1373 anticipat,
583 1303 644 1352 tum
671 1291 922 1352 adnotatiuncula
946 1291 984 1350 de
1009 1291 1144 1350 dramate
1166 1292 1327 1350 interiecta
1351 1291 1389 1350 ad

231 1387 235 1396 ⁴
251 1391 521 1474 Graecasspecies
533 1396 627 1468 redit,
642 1404 676 1453 ut
687 1395 724 1452 de
737 1394 872 1474 satyrica
885 1393 971 1472 poesi
985 1402 1015 1451 et
1030 1395 1119 1452 mimo
1133 1402 1219 1471 agat3
1238 1401 1390 1471 postremo

249 1499 318 1559 loco
330 1497 464 1557 membra
474 1475 801 1555 comoediarum'refert
810 1513 908 1573 pauca
918 1493 956 1554 de
965 1503 1029 1553 arte
1040 1496 1389 1553 scaenicaRomanorum

250 1597 423 1660 irimiscens.
442 1599 544 1678 itaque
558 1597 717 1656 molestum
733 1616 807 1655 sane
823 1597 977 1672 negotium
989 1595 1074 1655 nobis
1087 1596 1232 1656 incumbit
1244 1596 1274 1654 in
1286 1595 1390 1655 futiles

251 1701 385 1760 rationes
405 1699 592 1779 inquirendi,
616 1699 725 1778 quibus
750 1695 857 1755 ductus
880 1697 1046 1756 Diomedes
1069 1699 1286 1758 Suetonianam
1311 1718 1389 1758 com·

250 1800 466 1860 mentationem
495 1801 623 1878 turpiter
652 1798 837 1858 deformarit.
878 1807 997 1876 togatos
1017 1799 1108 1877 igitur
1129 1798 1249 1858 fabulas
1271 1808 1303 1857 ut
1321 1809 1391 1878 post

252 1901 427 1961 comoediae
444 1901 583 1962 Graecae
599 1901 731 1976 origines
743 1909 772 1959 ct
790 1909 906 1960 aetates
918 1911 1046 1980 poneret
1056 1901 1198 1960 movebat
1209 1901 1390 1961 Diomedem

252 2002 424 2064 observatio
434 2003 560 2063 Suetoni
572 2003 656 2060 initio
669 1992 773 2062 omnes
787 2013 905 2080 togatas
918 2001 1092 2061 comoedias
1103 2003 1273 2081 appellatas
1285 2005 1388 2063 fuisse.

250 2125 312 2186 qua
327 2124 381 2164 suo
403 2106 468 2164 iure
490 2104 547 2164 sibi
565 2104 726 2164 videbatur
748 2107 806 2176 uti,
829 2113 861 2164 ut
881 2106 1032 2182 ingratum
1051 2103 1169 2162 scribae
1186 2125 1292 2163 munus
1309 2104 1390 2183 quod

251 2206 308 2266 sibi
333 2206 467 2286 inposuit
490 2206 623 2266 iucunda
649 2207 781 2266 novandi
802 2207 1026 2286 opportunitate
1049 2203 1259 2283 distingueret.
1298 2227 1389 2288 quam

251 2307 289 2367 ob
310 2329 373 2368 rem
394 2318 459 2368 tota
480 2308 518 2369 de
547 2309 658 2386 togatis
685 2308 797 2367 sabulis
824 2309 1014 2388 expositione
1045 2285 1221 2368 comoediae
1249 2310 1389 2370 Graecae

253 2412 396 2471 adiuncta
419 2411 506 2491 q'uasi
524 2410 600 2470 nihil
615 2411 819 2470 interiecisset
838 2411 887 2470 dev
899 2411 1032 2490 satyrica
1047 2411 1133 2488 poesi
1151 2419 1180 2468 et
1198 2413 1287 2470 mimo
1313 2433 1389 2492 quas

253 2513 440 2572 Graecorum
453 2515 576 2592 'species
589 2523 659 2572 ante
674 2514 923 2591 praetermiserat
938 2511 1114 2589 disputavit.
1146 2511 1389 2572 observationem

250 2634 323 2674 vero
332 2614 416 2674 illam
425 2614 550 2674 Suetoui
564 2614 602 2673 de
611 2615 733 2673 nomine
743 2633 801 2692 quo
813 2613 883 2672 olim
896 2622 1018 2690 togatae
1031 2613 1261 2692 appellarentur
1273 2610 1389 2672 deloco

249 2737 305 2775 suo
317 2717 447 2774 movisse
459 2715 639 2775 Diomedem
651 2735 830 2794 persuasum
842 2715 952 2787 liabeo,
966 2723 998 2772 ut
1009 2715 1162 2794 quandam
1176 2715 1234 2774 sibi
1245 2717 1389 2775 transitus

250 2817 384 2897 speciem
399 2825 530 2895 pararet.
552 2839 612 2876 non
632 2818 711 2876 enim
724 2815 762 2874 ab
778 2817 836 2876 hac
854 2817 969 2895 incepit
980 2816 1050 2874 olim
1063 2817 1094 2874 ni
1107 2817 1197 2875 fallor
1216 2817 1297 2897 apud
1313 2816 1388 2876 Sue·

250 2918 365 2977 tonium
374 2916 538 2996 disputatio
551 2917 589 2978 de
600 2900 710 2995 togatis
721 2917 777 2978 sed
786 2921 823 2977 ab
837 2918 896 2977 illis
911 2916 1028 2976 verbis:
1041 2927 1152 2992 topatus
1160 2921 1388 2993 sotnlredr'can·

251 3029 300 3077 tur
312 3039 339 3080 e.
353 3039 382 3097 q.
395 3039 419 3080 s.
433 3040 461 3097 p.
473 3028 533 3094 489,
549 3029 653 3100 ttisqq.
662 3021 712 3092 K.,
724 3029 883 3100 postquam
897 3020 1027 3078 fortasse
1039 3019 1154 3078 monuit
1163 3019 1290 3081 Latinas
1303 3041 1388 3080 scae·
1453 3091 1456 3096 Δ

251 3121 338 3178 nicae
348 3121 450 3198 poesis
460 3121 643 3198 specieshoc
651 3121 787 3198 generali
800 3123 920 3180 nomine
935 3121 1150 3200 conprehendi.
1163 3121 1274 3182 deinde
1287 3143 1388 3182 errore
1436 3100 1444 3114 ι

252 3230 483 3280 commemorato
495 3241 554 3301 quo
567 3223 712 3300 generale
728 3232 899 3300 togatarum
910 3243 1021 3282 nomen
1033 3223 1209 3302 specialiter
1221 3224 1387 3303 usurpaba-

250 3333 299 3382 tur
318 3323 473 3382 commode
491 3325 590 3404 potuit
610 3325 745 3384 inserere
768 3325 853 3384 initio
878 3333 996 3402 togatas
1021 3323 1246 3384 comoediarum
1267 3329 1387 3386 nomine

252 3425 417 3504 conplexae
439 3426 548 3499 fuisse,
569 3445 636 3486 cum
652 3428 784 3487 nondum
803 3448 881 3507 quae
894 3426 1071 3504 tragoediae
1083 3427 1280 3486 convenirent
1294 3449 1387 3510 quae-

252 3547 310 3606 que
324 3526 499 3586 comoediae
511 3528 640 3588 Romani
653 3527 878 3588 discrevissent.
905 3528 959 3588 sed
975 3529 1129 3589 temeritas
1142 3529 1299 3589 Diomedis
1309 3531 1389 3590 ultra

250 3647 412 3707 progressa
424 3637 480 3688 est.
498 3629 558 3686 iam
570 3638 640 3687 ante
657 3630 786 3689 vidimus
799 3632 1025 3707 grammaticum
1037 3632 1211 3712 priusquam
1224 3632 1262 3689 ad
1278 3635 1387 3713 satyri-

252 3747 317 3788 cam
331 3729 447 3808 poesim
462 3739 667 3790 reverteretur
682 3731 719 3790 de
733 3730 926 3810 generalibus
940 3731 1084 3791 dramatis
1097 3741 1126 3791 et
1137 3731 1260 3791 fabulae
1275 3734 1387 3810 signifi-

252 3829 420 3890 cationibus
443 3829 614 3910 disputare,
640 3833 747 3914 quibus
769 3832 808 3891 ad
831 3835 1002 3892 scaenicum
1029 3843 1123 3894 artem
1146 3834 1245 3894 subito
1260 3835 1388 3914 delapus

250 3932 401 4012 quaedam
422 3932 460 3992 do
476 3953 672 4014 personarum
688 3955 810 3994 numero
828 3935 908 4014 apud
924 3936 1060 3996 Graecos
1078 3945 1108 3995 et
1123 3937 1278 4000 Romanos
1293 3935 1386 3997 addit.

252 4035 335 4094 cuius
364 4036 575 4114 disputationis
606 4036 704 4096 altera
731 4057 802 4116 pars
835 4049 905 4116 post
931 4038 1054 4096 mimum
1082 4038 1163 4118 apud
1192 4058 1260 4098 eum
1287 4040 1388 4121 posite

252 4143 311 4205 est,
337 4134 388 4194 ubi
412 4135 449 4196 de
470 4137 611 4197 membris
632 4139 806 4198 comoediae
831 4139 914 4200 etde
934 4141 1126 4220 separatione
1147 4143 1255 4201 artium
1269 4142 1385 4201 scaeni-

251 4257 354 4296 carum
371 4257 469 4297 sermo
486 4249 541 4301 est.
571 4240 650 4299 bunc
664 4249 780 4320 partem
797 4241 964 4302 breviatam
979 4262 1046 4302 esse
1063 4243 1101 4302 ab
1116 4252 1295 4323 excerptore
1311 4245 1385 4303 Hic·

229 4351 236 4360 '
252 4341 370 4418 ronymi
384 4338 550 4414 beneficio,
569 4343 620 4420 qui
631 4342 759 4423 Pyladis
774 4345 948 4403 memoriam
959 4344 1030 4403 hinc
1042 4345 1175 4424 recepit,
1198 4345 1386 4404 intellectum
