3190 5098
217 397 279 458 396
351 427 354 436 ¹
540 413 764 464 orrtssrronss
790 413 1016 454 svsronrtusa

218 588 285 627 oum
319 555 514 646 inscriptione
538 565 766 645 .'l¹hucydidcas
790 566 891 624 vitae:
924 562 1136 640 Μαρκελλίνου
1166 559 1199 622 ἐκ
1224 563 1284 622 τῶν
1311 562 1351 634 εἰς

220 662 409 742 Θουκυδίδηυ
433 666 556 745 σχολίων
571 662 637 745 περὶ
660 665 712 724 τοῦ
729 664 798 742 βίου
822 655 914 726 αὐτοῦ
940 663 1126 725 Θουκυδίδου
1150 661 1273 742 καὶτῆς
1299 665 1352 724 τοῦ

219 765 307 849 λόγου
321 767 407 842 ἰδέας.
438 771 498 830 iam
521 770 765 850 interpretationi
787 789 877 848 quarn
900 767 937 827 Ο.
953 767 1078 827 Iahnius
1099 767 1119 827 l.
1137 787 1162 827 c.
1185 769 1350 848 proposuit,

216 873 366 932 sublatam
392 871 451 932 dici
474 875 568 934 vitam
594 871 632 931 de
658 871 871 930 commentario
901 889 979 950 quae
1009 889 1047 928 ex
1076 868 1204 947 singulis
1229 869 1351 928 scholiis

119 1046 123 1052 ἱ
215 974 308 1034 Probi
330 973 370 1032 ad
394 975 493 1053 ipsum
516 981 637 1054 poetam
660 974 798 1033 conlecto
819 975 874 1046 sit,
901 971 960 1031 duo
980 972 1159 1049 gravissima
1175 979 1353 1050 argumenta

216 1077 425 1136 adversantur.
469 1077 598 1156 primurn
624 1096 683 1134 non
713 1075 916 1153 intellegitur,
947 1093 1007 1155 qua
1033 1073 1254 1154 opportunitate
1281 1073 1353 1132 data

216 1179 346 1258 plurima
372 1199 450 1259 quae
477 1180 508 1236 in
529 1179 594 1236 vita
618 1178 761 1254 leguntur
784 1178 815 1235 in
838 1177 1051 1234 commentario
1081 1186 1191 1256 poetae
1215 1176 1353 1255 exposita

216 1281 342 1358 fuerint3
372 1280 482 1340 deinde
503 1299 562 1338 non
586 1286 689 1358 potest
711 1279 817 1356 negari
839 1279 871 1336 in
894 1277 937 1337 eis
959 1298 1037 1356 quae
1061 1279 1092 1336 in
1111 1280 1175 1337 vita
1192 1286 1353 1336 narrantur

217 1393 331 1444 eertum
350 1384 433 1443 vitae
455 1381 694 1442 conscribendae
719 1381 875 1439 consilium
899 1378 1020 1458 dispici.
1051 1378 1209 1458 dispicitur
1230 1377 1352 1459 quidem

216 1485 424 1560 solummod03
454 1505 523 1544 narn
542 1504 616 1543 sane
642 1502 721 1562 qnae
741 1482 833 1541 hodie
854 1483 892 1542 de
918 1480 1043 1560 antiqua
1063 1479 1154 1541 Probi
1176 1481 1240 1540 vita
1262 1499 1352 1556 super

217 1599 303 1660 sunt,
324 1607 426 1647 eornm
447 1585 585 1645 condicio
606 1593 667 1644 tam
688 1584 810 1644 turbata
834 1594 895 1659 est,
917 1594 950 1644 ut
969 1571 1104 1664 proclive
1132 1583 1171 1643 sit
1195 1583 1289 1640 vitam
1314 1601 1352 1639 er

217 1692 309 1751 variis
338 1690 460 1749 scholiis
486 1688 726 1746 consarcinatam
754 1707 822 1764 esse
849 1688 1004 1766 suspicari.
1043 1687 1099 1746 sed
1125 1704 1192 1744 cum
1218 1683 1352 1742 rationes

217 1813 293 1873 quas
314 1800 385 1850 ante
402 1791 528 1870 exposui
549 1789 587 1847 de
606 1789 661 1846 tali
681 1789 763 1847 vitae
779 1788 895 1865 origine
912 1791 1045 1867 cogitare
1062 1808 1122 1846 non
1136 1786 1304 1866 patiantur,
1321 1783 1352 1841 in

217 1893 376 1974 propatulo
398 1902 445 1951 est
465 1912 519 1950 nos
542 1911 601 1950 non
621 1891 715 1949 vitum
737 1891 894 1968 antiquam
912 1890 966 1948 sed
985 1890 1104 1949 misella
1126 1890 1191 1948 eins
1208 1894 1352 1964 exceqrta

216 1996 340 2056 habere.
375 1994 418 2053 sic
434 1994 536 2052 statim
552 2012 589 2050 ea
608 2011 688 2071 qnae
703 1990 734 2048 in
752 1991 837 2048 initio
860 1999 965 2050 extant
980 2014 1011 2071 p.
1028 1999 1079 2064 72,
1101 2003 1225 2069 tssqq.‚
1245 1995 1352 2046 utnon

216 2105 359 2178 poterant
377 2097 408 2155 in
429 2094 552 2154 scholiis
577 2093 732 2164 adnotari,
758 2094 801 2150 ita
821 2093 903 2152 vitae
929 2093 1051 2172 quidem
1073 2091 1128 2151 sed
1149 2091 1276 2170 turpiter
1299 2089 1353 2148 illa

217 2199 386 2258 deformata
401 2197 572 2274 fragmenta
590 2215 623 2254 sc
641 2215 708 2254 esse
723 2193 863 2273 produnt.
900 2195 929 2252 in
952 2193 1061 2274 quibus
1080 2197 1172 2254 ctiam
1187 2191 1352 2251 notabilem

217 2321 350 2360 errorem
376 2307 537 2378 excerptor
560 2298 726 2369 commisit,
749 2315 815 2354 eum
838 2296 978 2356 Persium
997 2296 1168 2355 decessisse
1198 2293 1290 2352 tradit
1315 2297 1354 2350 orl

216 2413 349 2462 octauum
367 2406 519 2460 miliarium
540 2406 587 2458 nto
612 2403 707 2474 Appia
727 2403 756 2456 οὐ
776 2401 909 2472 proediis
933 2403 1007 2467 suis,
1035 2417 1145 2476 nempe
1170 2405 1203 2454 ut
1228 2415 1353 2474 respon·

218 2505 325 2564 derant
344 2505 420 2564 hacc
443 2505 487 2562 eis
508 2523 588 2581 qnae
608 2501 806 2581 praecedunt.
842 2503 873 2559 in
893 2501 957 2558 vita
980 2506 1080 2557 antem
1103 2500 1229 2577 antiqua
1252 2497 1352 2556 nullus

218 2604 321 2663 dubito
346 2605 417 2682 quin
435 2603 478 2660 sic
501 2602 646 2680 scriptum
665 2603 772 2662 fucrit:
788 2607 913 2676 sepultus
931 2609 973 2658 est
990 2604 1029 2658 nd
1047 2610 1180 2659 octauum
1200 2605 1352 2660 miliarium

218 2727 244 2765 e.
260 2728 289 2786 q.
306 2727 329 2765 s.
367 2724 446 2785 quac
463 2723 538 2764 earn.
550 2705 593 2763 ita
609 2705 679 2777 sint,
703 2725 762 2763 non
777 2703 951 2764 mirabimur
966 2703 1132 2782 sententias
1150 2723 1228 2784 qnae
1247 2712 1352 2782 aperte

218 2808 416 2880 cohaereant,
443 2813 477 2862 ut
503 2806 536 2864 fit
563 2807 594 2863 in
622 2805 830 2882 excerpendo,
857 2806 923 2865 sine
952 2805 1213 2864 coniunctionibus
1237 2805 1353 2884 positas

218 2929 296 2968 esse.
331 2909 362 2966 in
385 2908 432 2966 his
455 2905 546 2982 igitur
565 2905 733 2964 cavendum
756 2915 821 2978 cst,
844 2927 883 2965 ne
904 2906 1053 2966 addendis
1075 2908 1118 2965 eis
1140 2927 1220 2986 quoe
1244 2907 1354 2966 absunt

218 3010 368 3088 epitomae
392 3017 530 3067 naturam
552 3005 747 3066 obscuremus
772 3027 850 3065 neve
877 3008 988 3067 frustra
1014 3009 1158 3088 antiquae
1184 3009 1266 3067 vitae
1293 3009 1352 3066 for·

216 3132 295 3171 mam
308 3129 487 3189 recuperare
501 3129 650 3168 conemur.
681 3110 725 3167 sic
740 3109 929 3168 intellectum
944 3117 990 3168 est
1005 3110 1049 3168 eis
1062 3129 1140 3188 quac
1152 3131 1181 3188 p.
1198 3119 1242 3183 73,
1261 3123 1351 3189 5sqq.

217 3212 372 3290 leguntur:
395 3231 459 3270 cum
480 3219 553 3269 esset
571 3231 712 3272 canorum
734 3214 825 3281 XVI,
844 3216 969 3270 amicitia
985 3215 1077 3284 eoepit
1095 3215 1138 3268 ati
1156 3217 1268 3270 Annam·
1284 3215 1352 3270 Cor-

218 3320 292 3385 nuti,
314 3319 354 3373 tto
376 3324 564 3388 utnusquam
585 3319 619 3373 alr
640 3333 673 3373 eo
695 3317 869 3374 discederet,-
891 3317 1025 3372 inductus
1041 3315 1222 3385 aliquatenus
1240 3318 1268 3370 in
1287 3315 1352 3386 plri-

218 3419 374 3490 lcsopln'am
399 3426 441 3474 cst
470 3415 599 3474 indicari
626 3437 645 3474 a
672 3415 805 3474 Cornuto
831 3415 970 3475 Persium
998 3417 1028 3473 in
1054 3412 1278 3494 philosophiam
1308 3411 1353 3471 in·

218 3516 339 3576 doctum
359 3537 442 3593 esse3
465 3537 554 3598 quam
572 3517 609 3576 ob
625 3507 690 3576 rem
703 3525 824 3576 veteres
845 3515 977 3578 editores
995 3516 1130 3575 violenta
1145 3535 1219 3573 saue
1235 3515 1354 3573 ratione
1440 3585 1444 3592 .

218 3619 273 3678 sed
299 3619 352 3678 tali
385 3619 523 3699 quidem,
550 3641 630 3700 quae
656 3621 765 3680 bonam
792 3618 995 3697 coniungendi
1021 3615 1178 3678 formulam
1206 3615 1352 3686 efficeret,

217 3741 235 3777 a
253 3739 309 3795 quo
322 3725 457 3780 inductus
472 3724 667 3802 scripserunt.
698 3723 795 3782 lenior
813 3720 922 3780 deinde
942 3720 1066 3780 mutatio
1080 3719 1157 3778 baec
1170 3719 1295 3776 iuventa
1308 3725 1355 3776 est

217 3831 244 3880 et
258 3825 404 3898 inductus;
430 3823 486 3882 sed
501 3824 653 3882 sententia
671 3825 714 3882 sic
736 3825 877 3882 restituta
891 3843 950 3882 non
971 3822 1080 3882 dicitur
1095 3819 1176 3902 quod
1192 3818 1354 3878 dicendum

219 3931 294 3983 erat.
323 3925 420 4001 magis
438 3927 527 3985 etiam
542 3925 740 4006 pessumdata
759 3934 829 3985 snut
844 3925 921 3983 haec
935 3923 1030 3983 verba
1047 3921 1129 4002 (pag.
1147 3929 1195 3994 74,
1214 3919 1352 4001 ttsqq.):

218 4043 319 4084 aarum
340 4046 358 4083 a
381 4027 505 4088 Cornuto
523 4033 642 4087 sublatis
664 4031 757 4100 libris,
779 4031 933 4102 pecuniam
954 4029 1116 4095 sororibus,
1140 4043 1213 4099 qaas
1234 4027 1354 4082 heredes

214 4127 314 4202 frater
326 4129 454 4208 fecerat,
471 4135 593 4205 reliquit.
622 4130 733 4192 deiude
749 4130 861 4188 nomini
876 4129 1005 4189 Fuluiae
1019 4127 1179 4188 Sisenniae
1195 4127 1239 4207 (p.
1254 4132 1298 4199 ts,
1314 4123 1355 4202 1),’

217 4249 297 4309 quae
315 4231 439 4310 quidem
462 4231 493 4288 in
509 4231 690 4290 editionibus
710 4239 805 4290 mater
824 4241 950 4310 poetae,
970 4251 1049 4310 quac
1068 4237 1150 4302 erat,
1169 4229 1353 4308 appellatur,

218 4339 249 4395 in
263 4335 348 4395 libris
362 4335 438 4394 nihil
449 4335 623 4414 adponitur.

305 4439 341 4496 Iu
357 4437 466 4518 quibus
489 4435 626 4494 omnibus
642 4436 764 4513 inperiti
786 4433 967 4495 breviatoris
983 4455 1088 4493 manus
1105 4431 1352 4511 deprehenditur.
