3190 5098
230 281 291 348 408
571 295 798 346 ovansrronss
820 295 1046 336 svaronraunn

230 472 327 515 necas
354 451 469 511 iudicio
498 458 576 510 utar.
627 449 712 508 curius
743 457 849 508 auctor
879 456 914 507 ut
947 457 1083 510 ueterem
1112 445 1374 530 Pythagoreorum

231 555 397 616 doctrinam
422 553 606 614 resuscitare
633 549 789 622 studebat,
817 550 861 610 ita
888 569 1003 610 summo
1032 550 1153 610 fervore
1182 547 1254 610 dum
1279 552 1374 610 vitam

229 657 385 716 hominum
415 654 453 714 ad
485 665 614 714 naturae
644 652 732 730 leges
757 651 922 712 reformare
954 653 1038 732 cupit
1069 652 1217 733 physicas.
1239 652 1376 732 discipli·

230 777 287 818 nas
317 756 452 822 colebat:
500 757 587 816 caios
616 763 784 814 sectatores
817 754 903 814 fuere
937 753 1070 835 quodam
1101 753 1189 814 modo
1218 755 1374 814 Fabianus

232 859 342 920 Celsus
372 859 494 920 Seneca
513 857 649 930 Plinius,
670 857 702 914 in
724 875 888 936 eorumque
903 876 1061 916 numerum
1081 855 1290 936 recipiendum
1308 875 1375 917 esse

231 962 444 1041 Tranquillum
464 960 545 1020 infre
564 959 693 1039 patebit.
731 979 812 1038 quae
835 959 905 1020 ideo
934 959 1104 1038 praefanda
1126 958 1216 1033 duxi,
1243 967 1278 1018 ut
1300 959 1377 1020 faci·

225 1065 291 1138 ,lius
316 1063 464 1124 rationem
498 1061 692 1141 adaequaris,
727 1081 818 1140 qnam
845 1061 1007 1121 Suetonius
1028 1063 1059 1122 in
1090 1061 1148 1120 hae
1173 1072 1262 1141 parte
1290 1079 1376 1121 secu·

233 1175 281 1226 tus
304 1167 365 1226 sit.
390 1184 492 1245 neque
515 1163 636 1237 dubito,
662 1165 734 1243 quin
759 1163 797 1222 da
820 1164 867 1222 hia
894 1163 1002 1224 studiis
1026 1164 1214 1242 potissimum
1234 1165 1265 1222 iu
1288 1181 1376 1242 prae·

235 1267 351 1328 fatiens
368 1265 474 1346 egerit.
501 1264 676 1326 Sextiorum
693 1267 772 1326 enirn
788 1259 882 1344 patris
899 1265 1007 1338 attilii,
1025 1285 1092 1324 cum
1100 1265 1223 1326 Graece
1239 1265 1376 1343 scripsis-

234 1379 318 1444 sent,
339 1389 401 1428 non
423 1369 523 1447 potuit
547 1367 622 1428 alibi
642 1358 754 1428 mentio
775 1368 850 1428 fieri.
888 1367 927 1426 ad
951 1366 1080 1427 eandem
1102 1368 1193 1446 igitur
1213 1365 1379 1426 referenda

236 1473 377 1532 existimo
400 1490 480 1551 quas
504 1470 541 1530 de
566 1470 668 1530 exiliis
688 1469 836 1530 Anaxilai
860 1468 985 1548 (fragm.
1007 1467 1084 1548 81²⁸)
1108 1477 1139 1528 et
1161 1469 1282 1529 Musoni
1306 1467 1377 1528 Rufi

237 1574 359 1652 (fragm.
377 1572 450 1650 82²⁸)
475 1571 557 1652 apud
580 1573 802 1653 Hieronymum
823 1581 1000 1645 narrantur,
1023 1591 1148 1650 quorum
1171 1569 1378 1636 illaGraecus

235 1677 310 1749 l'nit,
338 1675 387 1734 hic
411 1675 505 1734 Tusci
533 1672 656 1754 quidem
677 1675 814 1750 generis,
838 1673 893 1732 sed
918 1673 1037 1734 Graece
1062 1673 1293 1754 philosophatus
1320 1681 1376 1731 eat.

235 1777 296 1834 iam
315 1776 396 1852 magi
414 1776 587 1854 epitheton,
613 1773 693 1854 quod
715 1774 872 1834 Anaxilao
889 1776 1094 1856 Hieronymus
1116 1774 1215 1850 dedit,
1241 1793 1302 1833 non
1325 1773 1377 1834 de·

236 1877 330 1936 bebat
347 1877 534 1937 Mommseno
552 1877 573 1937 l.
588 1895 613 1935 c.
629 1896 659 1954 p.
672 1883 723 1938 679
741 1876 848 1936 mirum
862 1877 970 1951 videri,
987 1879 1129 1958 qnoniam
1146 1885 1268 1936 veteres
1284 1877 1377 1956 scrip·

236 1987 317 2038 tores
340 1987 373 2038 ut
389 1963 503 2038 Sextus
520 1977 691 2056 Empiricos
709 1977 817 2058 Pyrrh.
835 1977 851 2036 I
869 1979 934 2038 init.
951 1979 1070 2039 Plinius
1093 1979 1220 2040 XXXV
1239 1987 1288 2042 176
1307 1977 1379 2037 huic

234 2080 417 2162 philosopho
442 2079 571 2140 eandem
592 2079 667 2138 artis
688 2079 940 2156 significationem
961 2079 1076 2141 addere
1102 2082 1211 2140 solent.
1251 2081 1381 2162 sumpsit

237 2191 339 2244 autom
358 2183 390 2242 ni
413 2182 504 2242 fallor
525 2181 773 2260 chronographus
796 2201 863 2240 eam
886 2203 926 2242 ex
946 2181 1047 2242 edicto
1070 2183 1139 2258 illo,
1160 2202 1219 2262 quo
1241 2182 1380 2261 Agrippa

238 2285 468 2346 mathematicos
490 2293 520 2344 et
542 2303 647 2360 magos
667 2282 719 2344 uel
736 2294 769 2344 ut
787 2284 907 2362 graccis
930 2281 1020 2344 Cassi
1034 2285 1143 2344 Dionis
1157 2294 1205 2360 49,
1221 2293 1257 2347 ta
1277 2283 1380 2344 verbis

237 2397 306 2448 utar
328 2377 398 2458 τούς
420 2377 619 2464 ἀστρολόγους
644 2376 714 2454 τούς
735 2404 765 2443 τε
789 2375 897 2462 γόητας
918 2387 994 2445 urhe
1022 2386 1149 2466 expulit.
1193 2385 1276 2446 idem
1298 2385 1382 2446 cadit

237 2494 268 2552 in
294 2487 451 2567 Nigidium
476 2485 618 2566 Figulum
650 2486 779 2566 (fragm.
804 2487 897 2566 85²²),
933 2489 1018 2548 cuius
1052 2489 1150 2548 altera
1181 2487 1380 2568 Pythagorici

238 2591 459 2671 cognominatio
484 2599 517 2648 ut
546 2584 604 2669 ipsi
629 2609 697 2649 cnm
722 2589 884 2648 Larissaea
913 2589 1095 2670 philosopho
1130 2590 1295 2650 communis
1324 2597 1380 2661 est,

238 2695 282 2754 ita
298 2691 472 2752 Sextiorum
489 2711 546 2749 nos
569 2689 717 2750 admonet
754 2691 812 2752 init
834 2691 914 2751 idem
935 2711 1066 2752 summus
1083 2711 1182 2751 rerum
1199 2692 1382 2752 naturalium

237 2794 408 2871 indagator.
442 2793 566 2852 Marcus
587 2811 661 2852 vero
680 2793 845 2852 'Potentius
862 2793 960 2854 Varro
976 2793 1164 2873 philosophis
1187 2793 1267 2873 quod
1285 2793 1381 2853 adnu-

239 2904 372 2954 meratus
388 2902 435 2954 est
458 2875 580 2973 (fragm.
599 2895 661 2958 83*
676 2893 761 2972 w),
782 2896 894 2975 optime
911 2895 1072 2957 adiuvetur
1088 2885 1271 2974 Quintiliani
1287 2897 1302 2955 Ι
1318 2906 1349 2980 t,
1365 2905 1383 2958 t

239 2995 458 3056 testimouium:
484 2999 670 3071 Empedoclea
693 3001 721 3054 ia
738 3001 865 3067 Graecis,
890 3001 1045 3058 Varronem
1062 3017 1099 3058 uc
1113 3001 1270 3056 Lacr-ctutum
1284 3003 1311 3056 io
1326 3001 1381 3056 Lu·

239 3103 316 3170 tiore,
338 3101 386 3172 qui
402 3107 557 3173 mucceptu
580 3103 732 3174 sapientiae
752 3103 880 3158 uersibus
900 3103 1083 3160 tradiderunt.
1119 3099 1159 3159 cf.
1185 3098 1291 3176 fragm.
1315 3100 1383 3161 125*

238 3221 269 3279 p·
293 3207 353 3262 197.
393 3197 475 3277 quod
496 3219 618 3258 carmen
647 3218 714 3259 curu
736 3199 773 3260 de
800 3210 909 3261 natura
933 3221 1034 3262 rerum
1056 3201 1202 3282 scriptum
1222 3201 1316 3261 fnisse
1338 3201 1382 3259 ri·

240 3300 363 3373 deutur,
393 3301 523 3361 eandem
551 3301 719 3362 studiorum
746 3304 895 3364 rationem
923 3305 1031 3363 iterum
1054 3299 1262 3382 agnoscimus,
1292 3321 1383 3384 quam

240 3402 342 3462 Sextii
353 3405 507 3480 persecuti
519 3415 598 3464 sunt
627 3404 756 3465 eundern
772 3406 1012 3484 Pythagoricum
1026 3406 1120 3466 fuisse
1137 3395 1287 3464 mir'abilia
1303 3423 1383 3486 qnae

241 3502 280 3562 da
306 3505 441 3564 numeris
468 3508 657 3586 excogitavit
677 3507 769 3566 facile
790 3507 985 3586 persuadent.
1024 3506 1156 3588 denique
1179 3497 1240 3566 non
1262 3515 1384 3587 poterat

240 3607 339 3684 aptior
362 3609 393 3666 in
416 3607 605 3668 Suetoniano
628 3609 798 3670 inlustrium
821 3611 953 3670 virorum
978 3609 1055 3669 libro
1074 3607 1203 3669 locns'ei
1218 3608 1383 3688 adsignari,

241 3709 292 3788 qui
308 3727 428 3788 semper
444 3709 474 3770 id
491 3711 618 3788 egisset,
641 3719 674 3770 ut
688 3713 781 3771 vitam
804 3714 908 3792 populi
927 3711 1056 3772 Romani
1072 3709 1111 3769 ad
1131 3711 1323 3790 antiquitatis
1343 3713 1382 3771 ri·

240 3819 303 3870 tum
326 3830 522 3892 normamque
544 3823 716 3887 revocaret,
743 3813 894 3892 siquidem
915 3814 1059 3874 Romanis
1081 3812 1275 3892 philosophia
1298 3833 1382 3872 num·

241 3932 332 3992 quam
354 3912 438 3973 aliud
462 3913 535 3994 quid
556 3914 614 3974 tuit
635 3935 725 3995 quarn
746 3918 828 3976 vitae
854 3917 1008 3994 magistra.
1050 3901 1197 3995 ph'ysicus
1220 3915 1331 3974 deinde
1353 3923 1383 3974 et

242 4015 417 4078 Sextiorum
433 4015 597 4077 admirator
618 4017 675 4076 luit
692 4019 799 4078 tertius
819 4018 1034 4098 philosophus,
1057 4017 1095 4077 de
1113 4019 1198 4078 ouius
1221 4019 1285 4076 vita
1307 4016 1382 4076 Hie·

147 4185 153 4196 ,
240 4137 384 4199 ronymus
398 4119 572 4179 notationes
591 4118 684 4178 habet
702 4119 824 4198 (fragm,
846 4121 905 4184 86*
919 4120 978 4185 68*
994 4117 1083 4198 89²²),
1105 4121 1140 4180 L.
1157 4120 1305 4180 Annaeus
1326 4117 1381 4178 Se·

241 4239 329 4280 neca.
362 4221 392 4278 in
407 4239 468 4300 qna
483 4220 675 4281 Annacorum
691 4223 822 4281 omnium
839 4223 955 4284 tristem
978 4225 1093 4282 exitum
1106 4229 1261 4282 narratum
1288 4221 1383 4282 inisse

241 4321 391 4402 reliquiae
413 4320 592 4398 ostendunt,
617 4325 779 4403 inquibus
807 4345 872 4385 cum
890 4323 993 4386 Gallio
1016 4325 1154 4386 Senecae
1175 4323 1269 4382 frater
1295 4341 1381 4400 egre·
