<?xml version="1.0" encoding="UTF-8"?>
<!DOCTYPE html PUBLIC "-//W3C//DTD XHTML 1.0 Transitional//EN"
    "http://www.w3.org/TR/xhtml1/DTD/xhtml1-transitional.dtd">
<html xmlns="http://www.w3.org/1999/xhtml" xml:lang="en" lang="en">
 <head>
  <title>
</title>
<meta http-equiv="Content-Type" content="text/html;charset=utf-8" />
  <meta name='ocr-system' content='tesseract 3.04.00' />
  <meta name='ocr-capabilities' content='ocr_page ocr_carea ocr_par ocr_line ocrx_word'/>
</head>
<body>
  <div class='ocr_page' id='page_1' title='image "./csvetonitranqvi01ritsgoog_0482.png"; bbox 0 0 3190 5098; ppageno 0'>
   <div class='ocr_carea' id='block_1_1' title="bbox 693 365 1331 424">
    <p class='ocr_par' dir='ltr' id='par_1_1' title="bbox 693 365 1331 424">
     <span class='ocr_line' id='line_1_1' title="bbox 693 365 1331 424; baseline 0 0"><span class='ocrx_word' id='word_1_1' title='bbox 693 383 797 424; x_wconf 76' lang='lat' dir='ltr'>caevr</span> <span class='ocrx_word' id='word_1_2' title='bbox 822 384 843 422; x_wconf 93' lang='grc' dir='ltr'>ιι</span> <span class='ocrx_word' id='word_1_3' title='bbox 1274 365 1331 424; x_wconf 84' lang='grc'>151</span> 
     </span>
    </p>
   </div>
   <div class='ocr_carea' id='block_1_2' title="bbox 146 533 1388 4376">
    <p class='ocr_par' dir='ltr' id='par_1_2' title="bbox 146 533 1388 4376">
     <span class='ocr_line' id='line_1_2' title="bbox 193 533 1335 623; baseline -0.002 -29"><span class='ocrx_word' id='word_1_4' title='bbox 193 535 299 623; x_wconf 82' lang='lat' dir='ltr'>tellexi</span> <span class='ocrx_word' id='word_1_5' title='bbox 315 555 368 595; x_wconf 88' lang='lat' dir='ltr'>eas</span> <span class='ocrx_word' id='word_1_6' title='bbox 384 536 414 594; x_wconf 90' lang='lat' dir='ltr'>in</span> <span class='ocrx_word' id='word_1_7' title='bbox 432 533 507 593; x_wconf 87' lang='lat' dir='ltr'>duas</span> <span class='ocrx_word' id='word_1_8' title='bbox 523 543 625 613; x_wconf 88' lang='lat' dir='ltr'>partes</span> <span class='ocrx_word' id='word_1_9' title='bbox 641 533 823 593; x_wconf 86' lang='lat' dir='ltr'>dividendas</span> <span class='ocrx_word' id='word_1_10' title='bbox 840 553 924 608; x_wconf 86' lang='lat' dir='ltr'>osso;</span> <span class='ocrx_word' id='word_1_11' title='bbox 941 553 1011 592; x_wconf 86' lang='lat' dir='ltr'>nam</span> <span class='ocrx_word' id='word_1_12' title='bbox 1029 535 1235 612; x_wconf 88' lang='lat' dir='ltr'>cumprimum</span> <span class='ocrx_word' id='word_1_13' title='bbox 1251 533 1335 592; x_wconf 87' lang='lat' dir='ltr'>diffe-</span> 
     </span>
     <span class='ocr_line' id='line_1_3' title="bbox 193 635 1334 715; baseline 0 -22"><span class='ocrx_word' id='word_1_14' title='bbox 193 637 310 695; x_wconf 86' lang='lat' dir='ltr'>rentiae</span> <span class='ocrx_word' id='word_1_15' title='bbox 325 637 391 696; x_wconf 85' lang='lat' dir='ltr'>sine</span> <span class='ocrx_word' id='word_1_16' title='bbox 408 636 471 694; x_wconf 94' lang='lat' dir='ltr'>ullo</span> <span class='ocrx_word' id='word_1_17' title='bbox 490 636 594 695; x_wconf 84' lang='lat' dir='ltr'><strong>ordine</strong></span> <span class='ocrx_word' id='word_1_18' title='bbox 607 637 813 715; x_wconf 85' lang='lat' dir='ltr'>proferantur,</span> <span class='ocrx_word' id='word_1_19' title='bbox 831 655 903 695; x_wconf 88' lang='lat' dir='ltr'>occe</span> <span class='ocrx_word' id='word_1_20' title='bbox 920 635 1019 694; x_wconf 86' lang='lat' dir='ltr'>subito</span> <span class='ocrx_word' id='word_1_21' title='bbox 1034 635 1246 714; x_wconf 79' lang='lat' dir='ltr'>alphabeticus</span> <span class='ocrx_word' id='word_1_22' title='bbox 1261 635 1334 694; x_wconf 90' lang='lat' dir='ltr'>ordo</span> 
     </span>
     <span class='ocr_line' id='line_1_4' title="bbox 194 735 1334 816; baseline -0.002 -20"><span class='ocrx_word' id='word_1_23' title='bbox 194 739 378 816; x_wconf 72' lang='lat' dir='ltr'>conspicitur</span> <span class='ocrx_word' id='word_1_24' title='bbox 398 739 469 798; x_wconf 90' lang='lat' dir='ltr'>indo</span> <span class='ocrx_word' id='word_1_25' title='bbox 489 759 507 812; x_wconf 80' lang='lat' dir='ltr'>a</span> <span class='ocrx_word' id='word_1_26' title='bbox 527 738 629 797; x_wconf 91' lang='lat' dir='ltr'>vorbis</span> <span class='ocrx_word' id='word_1_27' title='bbox 644 743 718 796; x_wconf 83' lang='lat' dir='ltr'>iram</span> <span class='ocrx_word' id='word_1_28' title='bbox 734 746 761 794; x_wconf 84' lang='lat' dir='ltr'>et</span> <span class='ocrx_word' id='word_1_29' title='bbox 776 741 967 794; x_wconf 81' lang='lat' dir='ltr'>iracundiam.</span> <span class='ocrx_word' id='word_1_30' title='bbox 1000 737 1080 815; x_wconf 89' lang='lat' dir='ltr'>qnod</span> <span class='ocrx_word' id='word_1_31' title='bbox 1102 739 1191 794; x_wconf 86' lang='lat' dir='ltr'>etiam</span> <span class='ocrx_word' id='word_1_32' title='bbox 1208 735 1334 795; x_wconf 87' lang='lat' dir='ltr'>Rothius</span> 
     </span>
     <span class='ocr_line' id='line_1_5' title="bbox 193 838 1335 920; baseline 0.001 -24"><span class='ocrx_word' id='word_1_33' title='bbox 193 838 417 898; x_wconf 88' lang='lat' dir='ltr'>animadvertit.</span> <span class='ocrx_word' id='word_1_34' title='bbox 458 859 548 919; x_wconf 92' lang='lat' dir='ltr'>porro</span> <span class='ocrx_word' id='word_1_35' title='bbox 574 859 654 919; x_wconf 88' lang='lat' dir='ltr'>quae</span> <span class='ocrx_word' id='word_1_36' title='bbox 681 840 711 897; x_wconf 90' lang='lat' dir='ltr'>in</span> <span class='ocrx_word' id='word_1_37' title='bbox 734 839 834 918; x_wconf 91' lang='lat' dir='ltr'>priore</span> <span class='ocrx_word' id='word_1_38' title='bbox 860 847 947 920; x_wconf 91' lang='lat' dir='ltr'>parto</span> <span class='ocrx_word' id='word_1_39' title='bbox 979 839 1040 896; x_wconf 87' lang='lat' dir='ltr'>iam</span> <span class='ocrx_word' id='word_1_40' title='bbox 1068 839 1208 918; x_wconf 85' lang='lat' dir='ltr'>exposita</span> <span class='ocrx_word' id='word_1_41' title='bbox 1238 847 1335 910; x_wconf 87' lang='lat' dir='ltr'>erant,</span> 
     </span>
     <span class='ocr_line' id='line_1_6' title="bbox 193 937 1333 1020; baseline 0.001 -24"><span class='ocrx_word' id='word_1_42' title='bbox 193 937 301 998; x_wconf 89' lang='lat' dir='ltr'>cadem</span> <span class='ocrx_word' id='word_1_43' title='bbox 325 941 356 998; x_wconf 90' lang='lat' dir='ltr'>in</span> <span class='ocrx_word' id='word_1_44' title='bbox 378 943 547 1020; x_wconf 88' lang='lat' dir='ltr'>posteriore</span> <span class='ocrx_word' id='word_1_45' title='bbox 571 941 724 1001; x_wconf 88' lang='lat' dir='ltr'>diversum</span> <span class='ocrx_word' id='word_1_46' title='bbox 745 943 776 1000; x_wconf 94' lang='lat' dir='ltr'>in</span> <span class='ocrx_word' id='word_1_47' title='bbox 797 941 919 1000; x_wconf 90' lang='lat' dir='ltr'>modum</span> <span class='ocrx_word' id='word_1_48' title='bbox 940 949 1142 1000; x_wconf 79' lang='lat' dir='ltr'>retractantur</span> <span class='ocrx_word' id='word_1_49' title='bbox 1169 941 1206 997; x_wconf 84' lang='lat' dir='ltr'>cf.</span> <span class='ocrx_word' id='word_1_50' title='bbox 1225 961 1254 1018; x_wconf 87' lang='lat' dir='ltr'>p.</span> <span class='ocrx_word' id='word_1_51' title='bbox 1271 947 1333 1002; x_wconf 75' lang='lat'>276.</span> 
     </span>
     <span class='ocr_line' id='line_1_7' title="bbox 192 1033 1350 1124; baseline -0.003 -22"><span class='ocrx_word' id='word_1_52' title='bbox 192 1046 253 1102; x_wconf 79' lang='lat' dir='ltr'>an.</span> <span class='ocrx_word' id='word_1_53' title='bbox 277 1048 337 1104; x_wconf 76' lang='grc'>179.</span> <span class='ocrx_word' id='word_1_54' title='bbox 360 1051 420 1104; x_wconf 77' lang='lat'>&#39;281-</span> <span class='ocrx_word' id='word_1_55' title='bbox 437 1052 498 1104; x_wconf 74' lang='grc'>181.</span> <span class='ocrx_word' id='word_1_56' title='bbox 532 1043 602 1102; x_wconf 90' lang='lat' dir='ltr'>hinc</span> <span class='ocrx_word' id='word_1_57' title='bbox 618 1065 739 1124; x_wconf 88' lang='lat' dir='ltr'>quoque</span> <span class='ocrx_word' id='word_1_58' title='bbox 760 1044 896 1124; x_wconf 89' lang='lat' dir='ltr'>sequitur</span> <span class='ocrx_word' id='word_1_59' title='bbox 912 1043 987 1102; x_wconf 87' lang='lat' dir='ltr'>duas</span> <span class='ocrx_word' id='word_1_60' title='bbox 1002 1057 1105 1122; x_wconf 85' lang='lat' dir='ltr'>partes</span> <span class='ocrx_word' id='word_1_61' title='bbox 1121 1063 1181 1100; x_wconf 91' lang='lat' dir='ltr'>non</span> <span class='ocrx_word' id='word_1_62' title='bbox 1197 1040 1333 1100; x_wconf 85' lang='lat' dir='ltr'>eiusdem</span> <span class='ocrx_word' id='word_1_63' title='bbox 1349 1033 1350 1038; x_wconf 8' lang='grc' dir='ltr'>ἵ</span> 
     </span>
     <span class='ocr_line' id='line_1_8' title="bbox 192 1143 1334 1226; baseline 0.001 -25"><span class='ocrx_word' id='word_1_64' title='bbox 192 1144 324 1202; x_wconf 88' lang='lat' dir='ltr'>auctoris</span> <span class='ocrx_word' id='word_1_65' title='bbox 345 1153 398 1202; x_wconf 89' lang='lat' dir='ltr'>aut</span> <span class='ocrx_word' id='word_1_66' title='bbox 418 1143 488 1202; x_wconf 89' lang='lat' dir='ltr'>libri</span> <span class='ocrx_word' id='word_1_67' title='bbox 506 1165 583 1206; x_wconf 88' lang='lat' dir='ltr'>esse.</span> <span class='ocrx_word' id='word_1_68' title='bbox 619 1144 750 1226; x_wconf 90' lang='lat' dir='ltr'>denique</span> <span class='ocrx_word' id='word_1_69' title='bbox 772 1147 938 1225; x_wconf 88' lang='lat' dir='ltr'>priorpars</span> <span class='ocrx_word' id='word_1_70' title='bbox 956 1165 991 1204; x_wconf 89' lang='lat' dir='ltr'>eo</span> <span class='ocrx_word' id='word_1_71' title='bbox 1011 1144 1112 1203; x_wconf 84' lang='lat' dir='ltr'>differt</span> <span class='ocrx_word' id='word_1_72' title='bbox 1129 1165 1147 1202; x_wconf 88' lang='lat' dir='ltr'>a</span> <span class='ocrx_word' id='word_1_73' title='bbox 1166 1145 1334 1223; x_wconf 89' lang='lat' dir='ltr'>posteriorc</span> 
     </span>
     <span class='ocr_line' id='line_1_9' title="bbox 192 1244 1333 1326; baseline 0.004 -24"><span class='ocrx_word' id='word_1_74' title='bbox 192 1244 310 1324; x_wconf 87' lang='lat' dir='ltr'>quadiu</span> <span class='ocrx_word' id='word_1_75' title='bbox 322 1265 359 1304; x_wconf 87' lang='lat' dir='ltr'>ea</span> <span class='ocrx_word' id='word_1_76' title='bbox 370 1244 607 1304; x_wconf 85' lang='lat' dir='ltr'>differentiarum</span> <span class='ocrx_word' id='word_1_77' title='bbox 616 1247 857 1326; x_wconf 80' lang='lat' dir='ltr'>interpretationi</span> <span class='ocrx_word' id='word_1_78' title='bbox 870 1267 951 1308; x_wconf 85' lang='lat' dir='ltr'>mere</span> <span class='ocrx_word' id='word_1_79' title='bbox 965 1245 1333 1326; x_wconf 85' lang='lat' dir='ltr'>ortlrcgraphicaeqnaes-</span> 
     </span>
     <span class='ocr_line' id='line_1_10' title="bbox 190 1348 1334 1428; baseline 0.003 -24"><span class='ocrx_word' id='word_1_80' title='bbox 190 1348 287 1406; x_wconf 90' lang='lat' dir='ltr'>tiones</span> <span class='ocrx_word' id='word_1_81' title='bbox 309 1348 508 1426; x_wconf 80' lang='lat' dir='ltr'>interpositae</span> <span class='ocrx_word' id='word_1_82' title='bbox 534 1357 605 1406; x_wconf 86' lang='lat' dir='ltr'>sunt</span> <span class='ocrx_word' id='word_1_83' title='bbox 625 1348 721 1408; x_wconf 87' lang='lat' dir='ltr'>veluti</span> <span class='ocrx_word' id='word_1_84' title='bbox 746 1361 776 1428; x_wconf 90' lang='lat' dir='ltr'>p.</span> <span class='ocrx_word' id='word_1_85' title='bbox 797 1358 863 1424; x_wconf 83' lang='lat'>308,</span> <span class='ocrx_word' id='word_1_86' title='bbox 888 1360 929 1411; x_wconf 86' lang='lat' dir='ltr'>lt·</span> <span class='ocrx_word' id='word_1_87' title='bbox 957 1359 995 1412; x_wconf 79' lang='grc'>11.</span> <span class='ocrx_word' id='word_1_88' title='bbox 1020 1369 1050 1427; x_wconf 84' lang='lat' dir='ltr'>p.</span> <span class='ocrx_word' id='word_1_89' title='bbox 1072 1357 1139 1421; x_wconf 82' lang='lat'>309,</span> <span class='ocrx_word' id='word_1_90' title='bbox 1170 1358 1209 1410; x_wconf 77' lang='lat' dir='ltr'>tt.</span> <span class='ocrx_word' id='word_1_91' title='bbox 1233 1357 1276 1409; x_wconf 76' lang='grc'>11.</span> <span class='ocrx_word' id='word_1_92' title='bbox 1300 1359 1334 1410; x_wconf 80' lang='grc'>31</span> 
     </span>
     <span class='ocr_line' id='line_1_11' title="bbox 190 1455 1333 1529; baseline -0.003 -17"><span class='ocrx_word' id='word_1_93' title='bbox 190 1469 218 1526; x_wconf 86' lang='lat' dir='ltr'>p.</span> <span class='ocrx_word' id='word_1_94' title='bbox 233 1459 300 1518; x_wconf 81' lang='lat'>310,</span> <span class='ocrx_word' id='word_1_95' title='bbox 325 1460 348 1512; x_wconf 94' lang='grc'>1.</span> <span class='ocrx_word' id='word_1_96' title='bbox 374 1459 415 1510; x_wconf 82' lang='grc'>18.</span> <span class='ocrx_word' id='word_1_97' title='bbox 437 1456 480 1510; x_wconf 74' lang='lat'>24.</span> <span class='ocrx_word' id='word_1_98' title='bbox 503 1455 608 1512; x_wconf 67' lang='grc'>1937.</span> <span class='ocrx_word' id='word_1_99' title='bbox 639 1472 668 1528; x_wconf 87' lang='lat' dir='ltr'>p.</span> <span class='ocrx_word' id='word_1_100' title='bbox 683 1461 750 1524; x_wconf 84' lang='grc'>311,</span> <span class='ocrx_word' id='word_1_101' title='bbox 770 1461 796 1514; x_wconf 82' lang='grc'>3.</span> <span class='ocrx_word' id='word_1_102' title='bbox 814 1461 854 1514; x_wconf 89' lang='grc' dir='ltr'>16Ι</span> <span class='ocrx_word' id='word_1_103' title='bbox 880 1457 1041 1514; x_wconf 66' lang='grc'>131133</span> <span class='ocrx_word' id='word_1_104' title='bbox 1072 1471 1101 1529; x_wconf 81' lang='lat' dir='ltr'>p-</span> <span class='ocrx_word' id='word_1_105' title='bbox 1119 1457 1185 1523; x_wconf 78' lang='lat'>312,</span> <span class='ocrx_word' id='word_1_106' title='bbox 1205 1461 1231 1512; x_wconf 85' lang='lat'>3.</span> <span class='ocrx_word' id='word_1_107' title='bbox 1248 1459 1274 1513; x_wconf 86' lang='lat'>6.</span> <span class='ocrx_word' id='word_1_108' title='bbox 1292 1456 1333 1511; x_wconf 87' lang='grc'>17.</span> 
     </span>
     <span class='ocr_line' id='line_1_12' title="bbox 190 1543 1333 1632; baseline 0.001 -22"><span class='ocrx_word' id='word_1_109' title='bbox 190 1550 238 1610; x_wconf 87' lang='lat' dir='ltr'>od.</span> <span class='ocrx_word' id='word_1_110' title='bbox 257 1551 348 1610; x_wconf 87' lang='lat' dir='ltr'>Roth.</span> <span class='ocrx_word' id='word_1_111' title='bbox 361 1573 473 1632; x_wconf 86' lang='lat' dir='ltr'>nempe</span> <span class='ocrx_word' id='word_1_112' title='bbox 486 1561 631 1632; x_wconf 86' lang='lat' dir='ltr'>excerpta</span> <span class='ocrx_word' id='word_1_113' title='bbox 642 1543 716 1612; x_wconf 83' lang='lat' dir='ltr'>¹aunt</span> <span class='ocrx_word' id='word_1_114' title='bbox 734 1573 771 1612; x_wconf 88' lang='lat' dir='ltr'>ex</span> <span class='ocrx_word' id='word_1_115' title='bbox 783 1551 861 1612; x_wconf 91' lang='lat' dir='ltr'>libro</span> <span class='ocrx_word' id='word_1_116' title='bbox 879 1551 916 1611; x_wconf 89' lang='lat' dir='ltr'>de</span> <span class='ocrx_word' id='word_1_117' title='bbox 930 1552 1144 1631; x_wconf 82' lang='lat' dir='ltr'>orthographia</span> <span class='ocrx_word' id='word_1_118' title='bbox 1155 1553 1333 1630; x_wconf 84' lang='lat' dir='ltr'>posterioris</span> 
     </span>
     <span class='ocr_line' id='line_1_13' title="bbox 190 1653 1333 1734; baseline 0.002 -22"><span class='ocrx_word' id='word_1_119' title='bbox 190 1655 310 1726; x_wconf 75' lang='lat' dir='ltr'>aetatis,</span> <span class='ocrx_word' id='word_1_120' title='bbox 323 1674 390 1714; x_wconf 88' lang='lat' dir='ltr'>eum</span> <span class='ocrx_word' id='word_1_121' title='bbox 403 1655 434 1714; x_wconf 91' lang='lat' dir='ltr'>in</span> <span class='ocrx_word' id='word_1_122' title='bbox 446 1655 493 1714; x_wconf 89' lang='lat' dir='ltr'>his</span> <span class='ocrx_word' id='word_1_123' title='bbox 506 1654 543 1713; x_wconf 90' lang='lat' dir='ltr'>dc</span> <span class='ocrx_word' id='word_1_124' title='bbox 554 1655 771 1734; x_wconf 82' lang='lat' dir='ltr'>orthographia</span> <span class='ocrx_word' id='word_1_125' title='bbox 780 1653 864 1714; x_wconf 87' lang='lat' dir='ltr'>libris</span> <span class='ocrx_word' id='word_1_126' title='bbox 873 1655 1061 1732; x_wconf 85' lang='lat' dir='ltr'>grammatici</span> <span class='ocrx_word' id='word_1_127' title='bbox 1074 1656 1164 1714; x_wconf 89' lang='lat' dir='ltr'>etiam</span> <span class='ocrx_word' id='word_1_128' title='bbox 1173 1653 1333 1714; x_wconf 84' lang='lat' dir='ltr'>vorborum</span> 
     </span>
     <span class='ocr_line' id='line_1_14' title="bbox 189 1754 1332 1838; baseline 0.003 -24"><span class='ocrx_word' id='word_1_129' title='bbox 189 1754 376 1816; x_wconf 85' lang='lat' dir='ltr'>differentias</span> <span class='ocrx_word' id='word_1_130' title='bbox 388 1777 502 1835; x_wconf 88' lang='lat' dir='ltr'>ponere</span> <span class='ocrx_word' id='word_1_131' title='bbox 516 1757 664 1830; x_wconf 81' lang='lat' dir='ltr'>solerent,</span> <span class='ocrx_word' id='word_1_132' title='bbox 679 1757 760 1838; x_wconf 92' lang='lat' dir='ltr'>quod</span> <span class='ocrx_word' id='word_1_133' title='bbox 773 1758 900 1817; x_wconf 86' lang='lat' dir='ltr'>Flavius</span> <span class='ocrx_word' id='word_1_134' title='bbox 915 1754 1015 1835; x_wconf 81' lang='lat' dir='ltr'>Caper</span> <span class='ocrx_word' id='word_1_135' title='bbox 1031 1765 1061 1815; x_wconf 91' lang='lat' dir='ltr'>et</span> <span class='ocrx_word' id='word_1_136' title='bbox 1072 1755 1236 1834; x_wconf 80' lang='lat' dir='ltr'>Agroetius</span> <span class='ocrx_word' id='word_1_137' title='bbox 1250 1758 1332 1817; x_wconf 90' lang='lat' dir='ltr'>fecc-</span> 
     </span>
     <span class='ocr_line' id='line_1_15' title="bbox 188 1857 1332 1938; baseline 0.002 -22"><span class='ocrx_word' id='word_1_138' title='bbox 188 1865 266 1916; x_wconf 88' lang='lat' dir='ltr'>runt.</span> <span class='ocrx_word' id='word_1_139' title='bbox 299 1857 406 1936; x_wconf 89' lang='lat' dir='ltr'>quibas</span> <span class='ocrx_word' id='word_1_140' title='bbox 421 1859 703 1920; x_wconf 84' lang='lat' dir='ltr'>ratiocinationibus</span> <span class='ocrx_word' id='word_1_141' title='bbox 727 1859 819 1918; x_wconf 87' lang='lat' dir='ltr'>facile</span> <span class='ocrx_word' id='word_1_142' title='bbox 837 1879 871 1916; x_wconf 90' lang='lat' dir='ltr'>ec</span> <span class='ocrx_word' id='word_1_143' title='bbox 893 1860 1056 1938; x_wconf 85' lang='lat' dir='ltr'>pervenias</span> <span class='ocrx_word' id='word_1_144' title='bbox 1079 1867 1112 1918; x_wconf 91' lang='lat' dir='ltr'>nt</span> <span class='ocrx_word' id='word_1_145' title='bbox 1132 1860 1332 1938; x_wconf 82' lang='lat' dir='ltr'>posteriorem</span> 
     </span>
     <span class='ocr_line' id='line_1_16' title="bbox 188 1959 1332 2038; baseline 0.003 -21"><span class='ocrx_word' id='word_1_146' title='bbox 188 1968 304 2038; x_wconf 90' lang='lat' dir='ltr'>partem</span> <span class='ocrx_word' id='word_1_147' title='bbox 314 1961 432 2038; x_wconf 82' lang='lat' dir='ltr'>(fragm.</span> <span class='ocrx_word' id='word_1_148' title='bbox 443 1963 501 2036; x_wconf 80' lang='grc'>116)</span> <span class='ocrx_word' id='word_1_149' title='bbox 511 1963 657 2021; x_wconf 82' lang='lat' dir='ltr'>Suetonio</span> <span class='ocrx_word' id='word_1_150' title='bbox 669 1959 793 2032; x_wconf 89' lang='lat' dir='ltr'>tribuas,</span> <span class='ocrx_word' id='word_1_151' title='bbox 806 1961 937 2038; x_wconf 83' lang='lat' dir='ltr'>priorem</span> <span class='ocrx_word' id='word_1_152' title='bbox 949 1981 1020 2020; x_wconf 89' lang='lat' dir='ltr'>vero</span> <span class='ocrx_word' id='word_1_153' title='bbox 1033 1961 1103 2018; x_wconf 91' lang='lat' dir='ltr'>hnic</span> <span class='ocrx_word' id='word_1_154' title='bbox 1115 1960 1250 2020; x_wconf 86' lang='lat' dir='ltr'>additam</span> <span class='ocrx_word' id='word_1_155' title='bbox 1264 1983 1332 2022; x_wconf 88' lang='lat' dir='ltr'>csse</span> 
     </span>
     <span class='ocr_line' id='line_1_17' title="bbox 188 2062 1332 2143; baseline 0.003 -23"><span class='ocrx_word' id='word_1_156' title='bbox 188 2063 342 2140; x_wconf 83' lang='lat' dir='ltr'>suspicere</span> <span class='ocrx_word' id='word_1_157' title='bbox 358 2081 424 2120; x_wconf 89' lang='lat' dir='ltr'>curn</span> <span class='ocrx_word' id='word_1_158' title='bbox 436 2064 490 2124; x_wconf 87' lang='lat' dir='ltr'>illa</span> <span class='ocrx_word' id='word_1_159' title='bbox 501 2064 649 2143; x_wconf 90' lang='lat' dir='ltr'>principio</span> <span class='ocrx_word' id='word_1_160' title='bbox 665 2064 802 2122; x_wconf 87' lang='lat' dir='ltr'>mutilata</span> <span class='ocrx_word' id='word_1_161' title='bbox 817 2070 943 2122; x_wconf 86' lang='lat' dir='ltr'>essct—</span> <span class='ocrx_word' id='word_1_162' title='bbox 953 2062 1059 2140; x_wconf 91' lang='lat' dir='ltr'>incipit</span> <span class='ocrx_word' id='word_1_163' title='bbox 1073 2063 1152 2120; x_wconf 89' lang='lat' dir='ltr'>enim</span> <span class='ocrx_word' id='word_1_164' title='bbox 1171 2084 1189 2121; x_wconf 85' lang='lat' dir='ltr'>a</span> <span class='ocrx_word' id='word_1_165' title='bbox 1203 2063 1304 2122; x_wconf 88' lang='lat' dir='ltr'>littera</span> <span class='ocrx_word' id='word_1_166' title='bbox 1316 2065 1332 2122; x_wconf 90' lang='lat' dir='ltr'>I</span> 
     </span>
     <span class='ocr_line' id='line_1_18' title="bbox 191 2162 1331 2246; baseline 0.002 -24"><span class='ocrx_word' id='word_1_167' title='bbox 191 2174 387 2242; x_wconf 90' lang='lat' dir='ltr'>—postremo</span> <span class='ocrx_word' id='word_1_168' title='bbox 400 2166 627 2246; x_wconf 85' lang='lat' dir='ltr'>inscriptionem</span> <span class='ocrx_word' id='word_1_169' title='bbox 640 2164 723 2224; x_wconf 86' lang='lat' dir='ltr'>illam</span> <span class='ocrx_word' id='word_1_170' title='bbox 735 2165 902 2224; x_wconf 86' lang='lat' dir='ltr'>confictam.</span> <span class='ocrx_word' id='word_1_171' title='bbox 919 2162 1021 2242; x_wconf 89' lang='lat' dir='ltr'>inqua</span> <span class='ocrx_word' id='word_1_172' title='bbox 1036 2162 1111 2221; x_wconf 88' lang='lat' dir='ltr'>illud</span> <span class='ocrx_word' id='word_1_173' title='bbox 1127 2183 1202 2222; x_wconf 89' lang='lat' dir='ltr'>eave</span> <span class='ocrx_word' id='word_1_174' title='bbox 1215 2165 1331 2224; x_wconf 87' lang='lat' dir='ltr'>mireris</span> 
     </span>
     <span class='ocr_line' id='line_1_19' title="bbox 188 2243 1329 2344; baseline 0.002 -22"><span class='ocrx_word' id='word_1_175' title='bbox 188 2264 269 2344; x_wconf 91' lang='lat' dir='ltr'>quod</span> <span class='ocrx_word' id='word_1_176' title='bbox 285 2267 370 2324; x_wconf 77' lang='lat' dir='ltr'>Remi</span> <span class='ocrx_word' id='word_1_177' title='bbox 385 2266 520 2328; x_wconf 87' lang='lat' dir='ltr'>additum</span> <span class='ocrx_word' id='word_1_178' title='bbox 538 2279 594 2328; x_wconf 86' lang='lat' dir='ltr'>est.</span> <span class='ocrx_word' id='word_1_179' title='bbox 620 2287 690 2328; x_wconf 87' lang='lat' dir='ltr'>nam</span> <span class='ocrx_word' id='word_1_180' title='bbox 707 2264 914 2326; x_wconf 86' lang='lat' dir='ltr'>eodemmodo</span> <span class='ocrx_word' id='word_1_181' title='bbox 932 2265 962 2322; x_wconf 95' lang='lat' dir='ltr'>in</span> <span class='ocrx_word' id='word_1_182' title='bbox 978 2243 1329 2342; x_wconf 79' lang='lat' dir='ltr'>inscriptionediffercn·</span> 
     </span>
     <span class='ocr_line' id='line_1_20' title="bbox 187 2359 1331 2450; baseline -0.002 -24"><span class='ocrx_word' id='word_1_183' title='bbox 187 2367 296 2427; x_wconf 83' lang='lat' dir='ltr'>tiaram</span> <span class='ocrx_word' id='word_1_184' title='bbox 308 2369 417 2448; x_wconf 89' lang='lat' dir='ltr'>quibus</span> <span class='ocrx_word' id='word_1_185' title='bbox 429 2371 487 2430; x_wconf 86' lang='lat' dir='ltr'>hae</span> <span class='ocrx_word' id='word_1_186' title='bbox 506 2370 588 2450; x_wconf 87' lang='lat' dir='ltr'>apud</span> <span class='ocrx_word' id='word_1_187' title='bbox 599 2368 783 2429; x_wconf 87' lang='lat' dir='ltr'>Dorvillinm</span> <span class='ocrx_word' id='word_1_188' title='bbox 796 2368 988 2445; x_wconf 85' lang='lat' dir='ltr'>excipiuntur</span> <span class='ocrx_word' id='word_1_189' title='bbox 999 2369 1089 2424; x_wconf 80' lang='lat' dir='ltr'>Probi</span> <span class='ocrx_word' id='word_1_190' title='bbox 1103 2368 1200 2424; x_wconf 80' lang='lat' dir='ltr'>Valeri</span> <span class='ocrx_word' id='word_1_191' title='bbox 1210 2359 1331 2424; x_wconf 89' lang='lat' dir='ltr'>nomina</span> 
     </span>
     <span class='ocr_line' id='line_1_21' title="bbox 186 2467 1329 2550; baseline -0.004 -20"><span class='ocrx_word' id='word_1_192' title='bbox 186 2469 343 2548; x_wconf 83' lang='lat' dir='ltr'>leguntur,</span> <span class='ocrx_word' id='word_1_193' title='bbox 363 2493 429 2530; x_wconf 90' lang='lat' dir='ltr'>cum</span> <span class='ocrx_word' id='word_1_194' title='bbox 446 2491 483 2529; x_wconf 83' lang='lat' dir='ltr'>ex</span> <span class='ocrx_word' id='word_1_195' title='bbox 501 2472 717 2550; x_wconf 86' lang='lat' dir='ltr'>conparatione</span> <span class='ocrx_word' id='word_1_196' title='bbox 733 2490 800 2528; x_wconf 91' lang='lat' dir='ltr'>cum</span> <span class='ocrx_word' id='word_1_197' title='bbox 820 2477 885 2526; x_wconf 90' lang='lat' dir='ltr'>arte</span> <span class='ocrx_word' id='word_1_198' title='bbox 905 2469 1011 2527; x_wconf 91' lang='lat' dir='ltr'>minori</span> <span class='ocrx_word' id='word_1_199' title='bbox 1026 2467 1119 2528; x_wconf 90' lang='lat' dir='ltr'>Probi</span> <span class='ocrx_word' id='word_1_200' title='bbox 1140 2468 1198 2526; x_wconf 94' lang='lat' dir='ltr'>hoc</span> <span class='ocrx_word' id='word_1_201' title='bbox 1213 2467 1329 2526; x_wconf 91' lang='lat' dir='ltr'>initium</span> 
     </span>
     <span class='ocr_line' id='line_1_22' title="bbox 187 2569 1327 2651; baseline -0.003 -21"><span class='ocrx_word' id='word_1_202' title='bbox 187 2593 256 2631; x_wconf 84' lang='lat' dir='ltr'>esse</span> <span class='ocrx_word' id='word_1_203' title='bbox 272 2591 374 2632; x_wconf 89' lang='lat' dir='ltr'>carum</span> <span class='ocrx_word' id='word_1_204' title='bbox 392 2573 628 2632; x_wconf 83' lang='lat' dir='ltr'>differentiarum</span> <span class='ocrx_word' id='word_1_205' title='bbox 648 2593 726 2651; x_wconf 89' lang='lat' dir='ltr'>quae</span> <span class='ocrx_word' id='word_1_206' title='bbox 744 2574 773 2630; x_wconf 92' lang='lat' dir='ltr'>in</span> <span class='ocrx_word' id='word_1_207' title='bbox 789 2571 872 2630; x_wconf 88' lang='lat' dir='ltr'>illius</span> <span class='ocrx_word' id='word_1_208' title='bbox 886 2571 943 2630; x_wconf 90' lang='lat' dir='ltr'>fine</span> <span class='ocrx_word' id='word_1_209' title='bbox 959 2573 1076 2651; x_wconf 90' lang='lat' dir='ltr'>positae</span> <span class='ocrx_word' id='word_1_210' title='bbox 1092 2573 1151 2630; x_wconf 87' lang='lat' dir='ltr'>sint</span> <span class='ocrx_word' id='word_1_211' title='bbox 1169 2569 1224 2648; x_wconf 82' lang='lat' dir='ltr'>(cf.</span> <span class='ocrx_word' id='word_1_212' title='bbox 1247 2570 1327 2628; x_wconf 87' lang='lat' dir='ltr'>anal.</span> 
     </span>
     <span class='ocr_line' id='line_1_23' title="bbox 187 2669 1328 2754; baseline -0.004 -20"><span class='ocrx_word' id='word_1_213' title='bbox 187 2669 317 2734; x_wconf 80' lang='lat' dir='ltr'>Vindob.</span> <span class='ocrx_word' id='word_1_214' title='bbox 339 2675 386 2735; x_wconf 87' lang='lat' dir='ltr'>ed.</span> <span class='ocrx_word' id='word_1_215' title='bbox 410 2674 586 2734; x_wconf 85' lang='lat' dir='ltr'>Endlichcr.</span> <span class='ocrx_word' id='word_1_216' title='bbox 608 2697 638 2754; x_wconf 88' lang='lat' dir='ltr'>p.</span> <span class='ocrx_word' id='word_1_217' title='bbox 663 2683 714 2736; x_wconf 77' lang='grc'>116</span> <span class='ocrx_word' id='word_1_218' title='bbox 727 2681 807 2753; x_wconf 83' lang='lat' dir='ltr'>sqq.)</span> <span class='ocrx_word' id='word_1_219' title='bbox 833 2672 1011 2750; x_wconf 84' lang='lat' dir='ltr'>intellegas,</span> <span class='ocrx_word' id='word_1_220' title='bbox 1035 2683 1069 2730; x_wconf 92' lang='lat' dir='ltr'>ut</span> <span class='ocrx_word' id='word_1_221' title='bbox 1092 2673 1183 2731; x_wconf 88' lang='lat' dir='ltr'>etiam</span> <span class='ocrx_word' id='word_1_222' title='bbox 1202 2672 1328 2731; x_wconf 86' lang='lat' dir='ltr'>lacunas</span> 
     </span>
     <span class='ocr_line' id='line_1_24' title="bbox 185 2772 1329 2854; baseline -0.001 -21"><span class='ocrx_word' id='word_1_223' title='bbox 185 2795 264 2854; x_wconf 80' lang='lat' dir='ltr'>qtrae</span> <span class='ocrx_word' id='word_1_224' title='bbox 290 2776 321 2834; x_wconf 91' lang='lat' dir='ltr'>in</span> <span class='ocrx_word' id='word_1_225' title='bbox 354 2778 425 2834; x_wconf 89' lang='lat' dir='ltr'>artis</span> <span class='ocrx_word' id='word_1_226' title='bbox 454 2777 576 2836; x_wconf 89' lang='lat' dir='ltr'>minoris</span> <span class='ocrx_word' id='word_1_227' title='bbox 606 2773 691 2834; x_wconf 90' lang='lat' dir='ltr'>libris</span> <span class='ocrx_word' id='word_1_228' title='bbox 720 2783 825 2833; x_wconf 80' lang='lat' dir='ltr'>extant</span> <span class='ocrx_word' id='word_1_229' title='bbox 851 2773 965 2832; x_wconf 90' lang='lat' dir='ltr'>codicis</span> <span class='ocrx_word' id='word_1_230' title='bbox 986 2773 1249 2852; x_wconf 89' lang='lat' dir='ltr'>Montepessnlani</span> <span class='ocrx_word' id='word_1_231' title='bbox 1276 2772 1329 2832; x_wconf 89' lang='lat' dir='ltr'>be·</span> 
     </span>
     <span class='ocr_line' id='line_1_25' title="bbox 186 2875 1327 2956; baseline 0 -22"><span class='ocrx_word' id='word_1_232' title='bbox 186 2877 294 2936; x_wconf 73' lang='lat' dir='ltr'>noticia</span> <span class='ocrx_word' id='word_1_233' title='bbox 311 2877 436 2956; x_wconf 83' lang='lat' dir='ltr'>explere</span> <span class='ocrx_word' id='word_1_234' title='bbox 451 2879 561 2955; x_wconf 87' lang='lat' dir='ltr'>possis.</span> <span class='ocrx_word' id='word_1_235' title='bbox 581 2875 635 2936; x_wconf 91' lang='lat' dir='ltr'>sed</span> <span class='ocrx_word' id='word_1_236' title='bbox 652 2875 744 2936; x_wconf 89' lang='lat' dir='ltr'>redeo</span> <span class='ocrx_word' id='word_1_237' title='bbox 763 2875 802 2934; x_wconf 89' lang='lat' dir='ltr'>ad</span> <span class='ocrx_word' id='word_1_238' title='bbox 819 2877 1014 2956; x_wconf 88' lang='lat' dir='ltr'>propositum.</span> <span class='ocrx_word' id='word_1_239' title='bbox 1032 2875 1122 2952; x_wconf 89' lang='lat' dir='ltr'>priori</span> <span class='ocrx_word' id='word_1_240' title='bbox 1136 2875 1228 2952; x_wconf 82' lang='lat' dir='ltr'>igitur</span> <span class='ocrx_word' id='word_1_241' title='bbox 1242 2875 1327 2934; x_wconf 87' lang='lat' dir='ltr'>diffe-</span> 
     </span>
     <span class='ocr_line' id='line_1_26' title="bbox 185 2976 1327 3057; baseline -0.001 -20"><span class='ocrx_word' id='word_1_242' title='bbox 185 2981 349 3040; x_wconf 88' lang='lat' dir='ltr'>rcntiarum</span> <span class='ocrx_word' id='word_1_243' title='bbox 368 2976 627 3038; x_wconf 84' lang='lat' dir='ltr'>Dorrillianarum</span> <span class='ocrx_word' id='word_1_244' title='bbox 645 2987 733 3057; x_wconf 89' lang='lat' dir='ltr'>parte</span> <span class='ocrx_word' id='word_1_245' title='bbox 749 2977 857 3049; x_wconf 84' lang='lat' dir='ltr'>missa,</span> <span class='ocrx_word' id='word_1_246' title='bbox 879 2977 1039 3055; x_wconf 87' lang='lat' dir='ltr'>posteriori</span> <span class='ocrx_word' id='word_1_247' title='bbox 1055 2977 1134 3054; x_wconf 91' lang='lat' dir='ltr'>parti</span> <span class='ocrx_word' id='word_1_248' title='bbox 1157 2977 1327 3036; x_wconf 87' lang='lat' dir='ltr'>simillimae</span> 
     </span>
     <span class='ocr_line' id='line_1_27' title="bbox 185 3075 1327 3160; baseline -0.001 -21"><span class='ocrx_word' id='word_1_249' title='bbox 185 3091 253 3140; x_wconf 86' lang='lat' dir='ltr'>suat</span> <span class='ocrx_word' id='word_1_250' title='bbox 270 3079 348 3140; x_wconf 88' lang='lat' dir='ltr'>duae</span> <span class='ocrx_word' id='word_1_251' title='bbox 362 3081 599 3142; x_wconf 82' lang='lat' dir='ltr'>differentiarum</span> <span class='ocrx_word' id='word_1_252' title='bbox 615 3081 837 3152; x_wconf 88' lang='lat' dir='ltr'>conlectiones,</span> <span class='ocrx_word' id='word_1_253' title='bbox 864 3096 1000 3160; x_wconf 78' lang='lat' dir='ltr'>qnarnm&#39;</span> <span class='ocrx_word' id='word_1_254' title='bbox 1013 3097 1102 3136; x_wconf 90' lang='lat' dir='ltr'>unam</span> <span class='ocrx_word' id='word_1_255' title='bbox 1120 3075 1327 3138; x_wconf 87' lang='lat' dir='ltr'>Gothofrcdus</span> 
     </span>
     <span class='ocr_line' id='line_1_28' title="bbox 146 3178 1328 3263; baseline 0 -25"><span class='ocrx_word' id='word_1_256' title='bbox 146 3223 152 3238; x_wconf 91' lang='lat'>.</span> <span class='ocrx_word' id='word_1_257' title='bbox 185 3194 265 3244; x_wconf 87' lang='lat' dir='ltr'>auct.</span> <span class='ocrx_word' id='word_1_258' title='bbox 282 3184 335 3247; x_wconf 87' lang='lat' dir='ltr'>lat.</span> <span class='ocrx_word' id='word_1_259' title='bbox 351 3185 424 3263; x_wconf 83' lang='lat' dir='ltr'>ling.</span> <span class='ocrx_word' id='word_1_260' title='bbox 444 3185 590 3245; x_wconf 86' lang='lat' dir='ltr'>Generae</span> <span class='ocrx_word' id='word_1_261' title='bbox 606 3193 674 3248; x_wconf 73' lang='lat'>1622</span> <span class='ocrx_word' id='word_1_262' title='bbox 688 3183 719 3240; x_wconf 93' lang='lat' dir='ltr'>in</span> <span class='ocrx_word' id='word_1_263' title='bbox 737 3181 796 3239; x_wconf 89' lang='lat' dir='ltr'>line</span> <span class='ocrx_word' id='word_1_264' title='bbox 811 3202 840 3258; x_wconf 92' lang='lat' dir='ltr'>p.</span> <span class='ocrx_word' id='word_1_265' title='bbox 856 3188 981 3261; x_wconf 85' lang='lat' dir='ltr'>79sqq.,</span> <span class='ocrx_word' id='word_1_266' title='bbox 998 3178 1109 3240; x_wconf 89' lang='lat' dir='ltr'>deinde</span> <span class='ocrx_word' id='word_1_267' title='bbox 1124 3179 1280 3238; x_wconf 78' lang='lat' dir='ltr'>¹Arovalns</span> <span class='ocrx_word' id='word_1_268' title='bbox 1296 3181 1328 3238; x_wconf 90' lang='lat' dir='ltr'>in</span> 
     </span>
     <span class='ocr_line' id='line_1_29' title="bbox 185 3279 1325 3366; baseline -0.007 -21"><span class='ocrx_word' id='word_1_269' title='bbox 185 3287 302 3346; x_wconf 88' lang='lat' dir='ltr'>Isidoro</span> <span class='ocrx_word' id='word_1_270' title='bbox 322 3296 393 3346; x_wconf 89' lang='lat' dir='ltr'>tom.</span> <span class='ocrx_word' id='word_1_271' title='bbox 410 3287 470 3344; x_wconf 83' lang='lat' dir='ltr'>Vll</span> <span class='ocrx_word' id='word_1_272' title='bbox 485 3307 515 3366; x_wconf 88' lang='lat' dir='ltr'>p.</span> <span class='ocrx_word' id='word_1_273' title='bbox 530 3295 658 3366; x_wconf 64' lang='lat' dir='ltr'>tlfisqq.</span> <span class='ocrx_word' id='word_1_274' title='bbox 683 3281 852 3362; x_wconf 88' lang='lat' dir='ltr'>appendice</span> <span class='ocrx_word' id='word_1_275' title='bbox 874 3290 922 3352; x_wconf 74' lang='lat'>23,</span> <span class='ocrx_word' id='word_1_276' title='bbox 946 3281 1073 3342; x_wconf 86' lang='lat' dir='ltr'>alteram</span> <span class='ocrx_word' id='word_1_277' title='bbox 1095 3279 1236 3339; x_wconf 85' lang='lat' dir='ltr'>Handius</span> <span class='ocrx_word' id='word_1_278' title='bbox 1256 3297 1325 3359; x_wconf 88' lang='lat' dir='ltr'>pro·</span> 
     </span>
     <span class='ocr_line' id='line_1_30' title="bbox 184 3379 1326 3466; baseline -0.01 -19"><span class='ocrx_word' id='word_1_279' title='bbox 184 3399 351 3466; x_wconf 82' lang='lat' dir='ltr'>grammate</span> <span class='ocrx_word' id='word_1_280' title='bbox 372 3389 493 3448; x_wconf 86' lang='lat' dir='ltr'>lenensi</span> <span class='ocrx_word' id='word_1_281' title='bbox 512 3381 634 3451; x_wconf 74' lang='grc'>181891</span> <span class='ocrx_word' id='word_1_282' title='bbox 653 3385 760 3446; x_wconf 90' lang='lat' dir='ltr'>eodem</span> <span class='ocrx_word' id='word_1_283' title='bbox 776 3384 827 3442; x_wconf 95' lang='lat' dir='ltr'>illo</span> <span class='ocrx_word' id='word_1_284' title='bbox 855 3381 959 3441; x_wconf 89' lang='lat' dir='ltr'>codice</span> <span class='ocrx_word' id='word_1_285' title='bbox 975 3381 1245 3461; x_wconf 86' lang='lat' dir='ltr'>hlontopcssulano</span> <span class='ocrx_word' id='word_1_286' title='bbox 1262 3379 1326 3440; x_wconf 90' lang='lat' dir='ltr'>edi-</span> 
     </span>
     <span class='ocr_line' id='line_1_31' title="bbox 185 3481 1325 3572; baseline -0.007 -22"><span class='ocrx_word' id='word_1_287' title='bbox 185 3491 239 3550; x_wconf 89' lang='lat' dir='ltr'>dit.</span> <span class='ocrx_word' id='word_1_288' title='bbox 265 3493 295 3552; x_wconf 89' lang='lat' dir='ltr'>in</span> <span class='ocrx_word' id='word_1_289' title='bbox 314 3489 422 3572; x_wconf 87' lang='lat' dir='ltr'>quihus</span> <span class='ocrx_word' id='word_1_290' title='bbox 442 3509 551 3549; x_wconf 90' lang='lat' dir='ltr'>vocum</span> <span class='ocrx_word' id='word_1_291' title='bbox 564 3488 754 3552; x_wconf 84' lang='lat' dir='ltr'>differentiae</span> <span class='ocrx_word' id='word_1_292' title='bbox 766 3505 826 3544; x_wconf 92' lang='lat' dir='ltr'>non</span> <span class='ocrx_word' id='word_1_293' title='bbox 845 3483 885 3543; x_wconf 91' lang='lat' dir='ltr'>ad</span> <span class='ocrx_word' id='word_1_294' title='bbox 896 3484 1014 3542; x_wconf 88' lang='lat' dir='ltr'>litteras</span> <span class='ocrx_word' id='word_1_295' title='bbox 1024 3483 1146 3562; x_wconf 88' lang='lat' dir='ltr'>quidem</span> <span class='ocrx_word' id='word_1_296' title='bbox 1160 3481 1325 3562; x_wconf 86' lang='lat' dir='ltr'>dispositae</span> 
     </span>
     <span class='ocr_line' id='line_1_32' title="bbox 185 3585 1325 3669; baseline -0.009 -17"><span class='ocrx_word' id='word_1_297' title='bbox 185 3603 253 3652; x_wconf 89' lang='lat' dir='ltr'>snat</span> <span class='ocrx_word' id='word_1_298' title='bbox 265 3593 320 3652; x_wconf 90' lang='lat' dir='ltr'>sed</span> <span class='ocrx_word' id='word_1_299' title='bbox 332 3602 394 3652; x_wconf 87' lang='lat' dir='ltr'>tam</span> <span class='ocrx_word' id='word_1_300' title='bbox 406 3601 510 3669; x_wconf 90' lang='lat' dir='ltr'>aperte</span> <span class='ocrx_word' id='word_1_301' title='bbox 523 3592 601 3650; x_wconf 89' lang='lat' dir='ltr'>inter</span> <span class='ocrx_word' id='word_1_302' title='bbox 616 3611 650 3650; x_wconf 87' lang='lat' dir='ltr'>se</span> <span class='ocrx_word' id='word_1_303' title='bbox 667 3599 777 3650; x_wconf 90' lang='lat' dir='ltr'>etcum</span> <span class='ocrx_word' id='word_1_304' title='bbox 790 3585 1066 3666; x_wconf 82' lang='lat' dir='ltr'>Montepessnlanis</span> <span class='ocrx_word' id='word_1_305' title='bbox 1089 3585 1243 3664; x_wconf 84' lang='lat' dir='ltr'>excerptis</span> <span class='ocrx_word' id='word_1_306' title='bbox 1255 3604 1325 3642; x_wconf 90' lang='lat' dir='ltr'>con-</span> 
     </span>
     <span class='ocr_line' id='line_1_33' title="bbox 184 3685 1324 3772; baseline -0.008 -17"><span class='ocrx_word' id='word_1_307' title='bbox 184 3705 343 3772; x_wconf 81' lang='lat' dir='ltr'>grauntat</span> <span class='ocrx_word' id='word_1_308' title='bbox 358 3715 411 3754; x_wconf 89' lang='lat' dir='ltr'>eas</span> <span class='ocrx_word' id='word_1_309' title='bbox 427 3715 465 3754; x_wconf 83' lang='lat' dir='ltr'>ex</span> <span class='ocrx_word' id='word_1_310' title='bbox 481 3695 588 3754; x_wconf 88' lang='lat' dir='ltr'>eodem</span> <span class='ocrx_word' id='word_1_311' title='bbox 605 3695 688 3752; x_wconf 86' lang='lat' dir='ltr'>fonto</span> <span class='ocrx_word' id='word_1_312' title='bbox 704 3691 829 3750; x_wconf 87' lang='lat' dir='ltr'>haustas</span> <span class='ocrx_word' id='word_1_313' title='bbox 849 3708 917 3748; x_wconf 89' lang='lat' dir='ltr'>esse</span> <span class='ocrx_word' id='word_1_314' title='bbox 936 3687 1026 3746; x_wconf 87' lang='lat' dir='ltr'>facile</span> <span class='ocrx_word' id='word_1_315' title='bbox 1044 3685 1190 3744; x_wconf 87' lang='lat' dir='ltr'>obtineas.</span> <span class='ocrx_word' id='word_1_316' title='bbox 1222 3687 1324 3766; x_wconf 89' lang='lat' dir='ltr'>itaque</span> 
     </span>
     <span class='ocr_line' id='line_1_34' title="bbox 185 3786 1325 3874; baseline -0.008 -19"><span class='ocrx_word' id='word_1_317' title='bbox 185 3817 251 3868; x_wconf 85' lang='lat' dir='ltr'>cum</span> <span class='ocrx_word' id='word_1_318' title='bbox 267 3797 536 3874; x_wconf 84' lang='lat' dir='ltr'>Montepessnlana</span> <span class='ocrx_word' id='word_1_319' title='bbox 553 3797 638 3854; x_wconf 86' lang='lat' dir='ltr'>initio</span> <span class='ocrx_word' id='word_1_320' title='bbox 655 3795 793 3854; x_wconf 90' lang='lat' dir='ltr'>mutilato</span> <span class='ocrx_word' id='word_1_321' title='bbox 811 3794 887 3860; x_wconf 86' lang='lat' dir='ltr'>sint,</span> <span class='ocrx_word' id='word_1_322' title='bbox 902 3809 962 3848; x_wconf 89' lang='lat' dir='ltr'>non</span> <span class='ocrx_word' id='word_1_323' title='bbox 977 3786 1167 3867; x_wconf 86' lang='lat' dir='ltr'>inprobabile</span> <span class='ocrx_word' id='word_1_324' title='bbox 1184 3786 1325 3846; x_wconf 87' lang='lat' dir='ltr'>videatur</span> 
     </span>
     <span class='ocr_line' id='line_1_35' title="bbox 183 3887 1324 3978; baseline -0.01 -20"><span class='ocrx_word' id='word_1_325' title='bbox 183 3897 279 3958; x_wconf 86' lang='lat' dir='ltr'>verba</span> <span class='ocrx_word' id='word_1_326' title='bbox 291 3917 370 3978; x_wconf 87' lang='lat' dir='ltr'>quac</span> <span class='ocrx_word' id='word_1_327' title='bbox 385 3897 493 3956; x_wconf 88' lang='lat' dir='ltr'>litteris</span> <span class='ocrx_word' id='word_1_328' title='bbox 509 3897 608 3958; x_wconf 88' lang='grc' dir='ltr'>Α-Ι</span> <span class='ocrx_word' id='word_1_329' title='bbox 624 3897 771 3976; x_wconf 88' lang='lat' dir='ltr'>incipiunt</span> <span class='ocrx_word' id='word_1_330' title='bbox 786 3916 823 3954; x_wconf 82' lang='lat' dir='ltr'>ex</span> <span class='ocrx_word' id='word_1_331' title='bbox 836 3894 896 3953; x_wconf 90' lang='lat' dir='ltr'>illis</span> <span class='ocrx_word' id='word_1_332' title='bbox 909 3887 1148 3952; x_wconf 86' lang='lat' dir='ltr'>conlectionibus</span> <span class='ocrx_word' id='word_1_333' title='bbox 1160 3888 1324 3966; x_wconf 88' lang='lat' dir='ltr'>praecipue</span> 
     </span>
     <span class='ocr_line' id='line_1_36' title="bbox 184 3990 1324 4078; baseline -0.007 -22"><span class='ocrx_word' id='word_1_334' title='bbox 184 4019 220 4057; x_wconf 85' lang='lat' dir='ltr'>ex</span> <span class='ocrx_word' id='word_1_335' title='bbox 235 3996 414 4078; x_wconf 75' lang='lat' dir='ltr'>plenissima</span> <span class='ocrx_word' id='word_1_336' title='bbox 431 3997 674 4060; x_wconf 86' lang='lat' dir='ltr'>Gothosrcdiana</span> <span class='ocrx_word' id='word_1_337' title='bbox 689 4017 881 4077; x_wconf 86' lang='lat' dir='ltr'>recuperare.</span> <span class='ocrx_word' id='word_1_338' title='bbox 906 3993 961 4053; x_wconf 89' lang='lat' dir='ltr'>scd</span> <span class='ocrx_word' id='word_1_339' title='bbox 978 3991 1134 4072; x_wconf 89' lang='lat' dir='ltr'>quominus</span> <span class='ocrx_word' id='word_1_340' title='bbox 1151 3991 1210 4050; x_wconf 91' lang='lat' dir='ltr'>hoc</span> <span class='ocrx_word' id='word_1_341' title='bbox 1228 3990 1324 4048; x_wconf 86' lang='lat' dir='ltr'>facias</span> 
     </span>
     <span class='ocr_line' id='line_1_37' title="bbox 183 4091 1388 4180; baseline -0.007 -21"><span class='ocrx_word' id='word_1_342' title='bbox 183 4101 330 4180; x_wconf 86' lang='lat' dir='ltr'>inpediris</span> <span class='ocrx_word' id='word_1_343' title='bbox 348 4101 430 4180; x_wconf 92' lang='lat' dir='ltr'>quod</span> <span class='ocrx_word' id='word_1_344' title='bbox 446 4103 477 4160; x_wconf 90' lang='lat' dir='ltr'>in</span> <span class='ocrx_word' id='word_1_345' title='bbox 488 4101 535 4160; x_wconf 90' lang='lat' dir='ltr'>his</span> <span class='ocrx_word' id='word_1_346' title='bbox 553 4101 643 4160; x_wconf 86' lang='lat' dir='ltr'>etiam</span> <span class='ocrx_word' id='word_1_347' title='bbox 659 4099 753 4158; x_wconf 89' lang='lat' dir='ltr'>verba</span> <span class='ocrx_word' id='word_1_348' title='bbox 766 4097 971 4176; x_wconf 84' lang='lat' dir='ltr'>reperiantur,</span> <span class='ocrx_word' id='word_1_349' title='bbox 995 4113 1074 4174; x_wconf 84' lang='lat' dir='ltr'>quac</span> <span class='ocrx_word' id='word_1_350' title='bbox 1090 4092 1162 4151; x_wconf 89' lang='lat' dir='ltr'>licet</span> <span class='ocrx_word' id='word_1_351' title='bbox 1180 4112 1198 4150; x_wconf 90' lang='lat' dir='ltr'>a</span> <span class='ocrx_word' id='word_1_352' title='bbox 1214 4091 1323 4150; x_wconf 79' lang='lat' dir='ltr'>ceteris</span> <span class='ocrx_word' id='word_1_353' title='bbox 1384 4139 1388 4151; x_wconf 86' lang='lat'>.</span> 
     </span>
     <span class='ocr_line' id='line_1_38' title="bbox 182 4191 1322 4284; baseline -0.011 -24"><span class='ocrx_word' id='word_1_354' title='bbox 182 4203 291 4262; x_wconf 86' lang='lat' dir='ltr'>litteris</span> <span class='ocrx_word' id='word_1_355' title='bbox 308 4205 455 4284; x_wconf 88' lang='lat' dir='ltr'>incipiant</span> <span class='ocrx_word' id='word_1_356' title='bbox 478 4203 630 4262; x_wconf 90' lang='lat' dir='ltr'>tamenin</span> <span class='ocrx_word' id='word_1_357' title='bbox 651 4198 923 4278; x_wconf 81' lang='lat' dir='ltr'>llontepessulana</span> <span class='ocrx_word' id='word_1_358' title='bbox 946 4192 1005 4254; x_wconf 85' lang='lat' dir='ltr'>non</span> <span class='ocrx_word' id='word_1_359' title='bbox 1029 4203 1141 4253; x_wconf 80' lang='lat' dir='ltr'>extent.</span> <span class='ocrx_word' id='word_1_360' title='bbox 1182 4191 1322 4251; x_wconf 81' lang='lat' dir='ltr'>differen-</span> 
     </span>
     <span class='ocr_line' id='line_1_39' title="bbox 182 4291 1322 4376; baseline -0.011 -14"><span class='ocrx_word' id='word_1_361' title='bbox 182 4305 291 4365; x_wconf 88' lang='lat' dir='ltr'>tiarum</span> <span class='ocrx_word' id='word_1_362' title='bbox 316 4311 417 4364; x_wconf 87' lang='lat' dir='ltr'>autom</span> <span class='ocrx_word' id='word_1_363' title='bbox 440 4305 645 4364; x_wconf 89' lang='lat' dir='ltr'>conlectiones</span> <span class='ocrx_word' id='word_1_364' title='bbox 667 4304 795 4361; x_wconf 82' lang='lat' dir='ltr'>maxime</span> <span class='ocrx_word' id='word_1_365' title='bbox 816 4299 946 4358; x_wconf 89' lang='lat' dir='ltr'>omnium</span> <span class='ocrx_word' id='word_1_366' title='bbox 969 4293 1252 4376; x_wconf 85' lang='lat' dir='ltr'>interpolationibus</span> <span class='ocrx_word' id='word_1_367' title='bbox 1271 4291 1322 4350; x_wconf 91' lang='lat' dir='ltr'>ob·</span> 
     </span>
    </p>
   </div>
   <div class='ocr_carea' id='block_1_3' title="bbox 181 4394 1322 4557">
    <p class='ocr_par' dir='ltr' id='par_1_3' title="bbox 181 4394 1322 4557">
     <span class='ocr_line' id='line_1_40' title="bbox 181 4394 1322 4485; baseline -0.014 -19"><span class='ocrx_word' id='word_1_368' title='bbox 181 4407 291 4466; x_wconf 84' lang='lat' dir='ltr'>noxiae</span> <span class='ocrx_word' id='word_1_369' title='bbox 309 4407 445 4480; x_wconf 74' lang='lat' dir='ltr'>suerunt,</span> <span class='ocrx_word' id='word_1_370' title='bbox 459 4424 585 4485; x_wconf 83' lang='lat' dir='ltr'>quarum</span> <span class='ocrx_word' id='word_1_371' title='bbox 602 4403 639 4464; x_wconf 90' lang='lat' dir='ltr'>de</span> <span class='ocrx_word' id='word_1_372' title='bbox 652 4403 721 4462; x_wconf 84' lang='lat' dir='ltr'>fatis</span> <span class='ocrx_word' id='word_1_373' title='bbox 738 4403 850 4482; x_wconf 90' lang='lat' dir='ltr'>optimo</span> <span class='ocrx_word' id='word_1_374' title='bbox 863 4400 1018 4458; x_wconf 85' lang='lat' dir='ltr'>Beckerus</span> <span class='ocrx_word' id='word_1_375' title='bbox 1030 4417 1060 4476; x_wconf 91' lang='lat' dir='ltr'>p.</span> <span class='ocrx_word' id='word_1_376' title='bbox 1073 4395 1134 4454; x_wconf 83' lang='lat' dir='ltr'>XV</span> <span class='ocrx_word' id='word_1_377' title='bbox 1147 4394 1322 4473; x_wconf 84' lang='lat' dir='ltr'>disputarit.</span> 
     </span>
     <span class='ocr_line' id='line_1_41' title="bbox 1053 4496 1120 4557; baseline 0.03 -2"><span class='ocrx_word' id='word_1_378' title='bbox 1053 4496 1120 4557; x_wconf 78' lang='lat'>29*</span> 
     </span>
    </p>
   </div>
   <div class='ocr_carea' id='block_1_4' title="bbox 0 0 1600 5098">
    <p class='ocr_par' dir='ltr' id='par_1_4' title="bbox 0 0 1600 5098">
     <span class='ocr_line' id='line_1_42' title="bbox 0 0 1600 5098; baseline 0 4"><span class='ocrx_word' id='word_1_379' title='bbox 0 0 1600 5098; x_wconf 95' lang='lat' dir='ltr'> </span> 
     </span>
    </p>
   </div>
  </div>
 </body>
</html>
