3190 5098
257 333 318 394 tre
575 317 799 396 orsasrronas
822 343 1049 386 svarosrsuas

257 503 359 562 baisse
380 502 445 561 iure
466 498 560 558 dieas.
606 498 741 556 serravit
769 496 940 556 Guilelmus
964 495 1093 574 Capella
1115 495 1153 556 de
1175 495 1319 568 Auletta,
1347 498 1400 577 qui

259 607 340 664 circa
361 612 423 665 llil
440 600 532 674 vixit,
551 601 635 660 cuius
653 597 770 658 scholia
788 598 819 656 in
837 599 995 656 Lucanum
1010 597 1216 658 Schneiderus
1233 599 1399 675 evulgavit.

258 706 342 766 canis
360 711 461 763 autem
480 703 628 782 Aegyptii
643 709 782 760 naturam
798 698 838 757 ibi
853 698 1007 759 inlustrari
1019 700 1178 779 praeclara
1188 699 1281 759 Rothi
1299 720 1400 760 emen·

258 808 379 867 datione
395 803 581 884 patefactum
594 810 650 860 est.
673 803 776 879 itaque
792 800 893 860 omnia
905 802 1017 880 optime
1034 804 1198 862 concinunt
1214 810 1248 860 ut
1259 821 1319 860 uon
1330 821 1400 879 pos-

258 912 297 970 sit
312 909 408 968 maior
420 915 542 966 nostrae
559 902 756 983 disputationi
767 901 844 960 fides
856 921 1043 964 accrescere.

342 1011 433 1070 Hanc
444 1015 561 1087 partem
582 1005 620 1064 dc
633 1003 812 1062 animalibus
831 1005 950 1064 omnino
963 1008 1121 1084 praeteriit
1133 1005 1269 1066 Isidorus
1282 1007 1311 1064 in
1323 985 1407 1064 libra·

258 1114 297 1174 de
310 1122 418 1172 natura
430 1129 546 1180 rerum,
562 1107 593 1166 id
608 1105 689 1186 quod
705 1107 736 1164 in
752 1127 845 1164 causa
860 1106 955 1166 fuisse
970 1107 1091 1166 videtur
1106 1119 1140 1166 ut
1151 1130 1206 1187 pro
1223 1109 1309 1168 titulo
1325 1109 1401 1166 Sue·

259 1217 381 1276 toniano
398 1211 574 1272 Lucretium
589 1209 723 1268 imitatus
738 1213 773 1266 de
788 1218 897 1266 rectura
912 1227 1010 1268 rerum
1026 1231 1112 1270 suum
1127 1211 1234 1272 librum
1254 1209 1400 1272 inscribe·

258 1327 314 1379 ret.
359 1324 466 1376 contra
492 1331 604 1372 nouum
630 1319 786 1390 pratorum
806 1310 915 1370 librum
943 1315 990 1372 cui
1015 1317 1145 1374 fortasse
1167 1320 1202 1374 dc
1228 1323 1332 1376 mando
1356 1317 1400 1374 in·

259 1421 404 1498 seriptum
427 1424 493 1476 erat
512 1413 733 1474 studiosissime
754 1412 929 1474 adhibuisse
946 1416 1081 1476 videtur:
1113 1437 1183 1478 nam
1202 1437 1319 1476 summa
1334 1437 1401 1495 pro·

260 1519 425 1580 habilitatis
448 1517 568 1596 species
594 1536 648 1574 nos
672 1523 774 1574 tuetur
795 1535 862 1574 cum
885 1518 985 1576 omnia
1005 1537 1041 1576 ea
1063 1539 1142 1597 quae
1163 1540 1181 1578 a
1205 1519 1303 1596 capite
1322 1539 1402 1577 nono

259 1642 356 1701 usque
374 1621 517 1684 adfinem
534 1618 602 1677 libri
621 1625 813 1696 espmruutur
834 1618 860 1676 si
880 1618 919 1678 ad
934 1629 1034 1679 certos
1052 1629 1193 1678 auctores
1208 1621 1322 1679 referre
1341 1641 1402 1678 non

261 1725 410 1803 possimus
427 1719 598 1800 'l'ranquilli
618 1721 715 1798 primo
732 1719 770 1778 de
787 1722 902 1780 naturis
919 1741 1018 1780 rerum
1034 1720 1109 1780 libro
1126 1723 1326 1797 restituimus3
1358 1723 1401 1782 di·

261 1825 461 1903 ligentissime
486 1833 586 1881 autern
609 1829 749 1880 auctores
771 1819 881 1878 Isidori
906 1821 1052 1882 indicavit
1077 1823 1232 1884 Beckcrus
1258 1827 1289 1884 in
1303 1826 1402 1904 prole-

261 1929 413 2006 gomenis,
438 1935 471 1984 ut
488 1941 587 2004 pauca
605 1929 720 1983 tanturn
736 1920 809 1979 mihi
830 1922 1021 1984 emendanda
1038 1927 1068 1984 in
1084 1926 1141 1984 lrac
1163 1947 1234 1985 eura
1250 1928 1402 2009 relinque·

261 2039 317 2090 ret.
348 2049 447 2109 neque
464 2023 589 2085 difficile
603 2021 739 2102 plurimis
757 2021 832 2080 locis
849 2025 950 2084 aliena
967 2047 986 2085 a
1005 2027 1198 2089 Suetoniauis
1213 2029 1402 2089 secludimus

261 2143 295 2192 ut
314 2133 392 2192 hacc
405 2126 615 2210 ipsafacilitas
629 2125 772 2182 maiorem
788 2127 1057 2190 commendationis
1072 2133 1201 2208 gratiam
1220 2141 1342 2192 nostrae
1357 2153 1403 2192 re·

264 2231 489 2294 continuationi
510 2227 612 2288 addat.
656 2225 711 2284 sed
738 2246 797 2304 quo
820 2229 991 2323 expeditior
1006 2231 1082 2291 haec
1099 2253 1191 2311 opera
1205 2243 1265 2305 est,
1289 2251 1325 2292 eo
1340 2255 1402 2293 nra·

262 2338 308 2415 gis
330 2335 520 2412 exagitamur
539 2329 680 2388 intricata
703 2327 757 2388 illa
784 2333 981 2408 quaestione,
1004 2353 1082 2412 quae
1104 2335 1183 2392 ratio
1208 2337 1286 2394 inter
1305 2337 1402 2395 Isido-

232 2494 236 2502 .
263 2459 328 2498 rum
352 2447 383 2497 et
405 2431 599 2494 sclroliastam
626 2429 801 2490 Germanici
829 2433 1008 2492 intercedat.
1051 2434 1203 2514 duplicem
1228 2457 1296 2498 esse
1320 2447 1402 2498 ratus

263 2539 420 2600 lleckerus
435 2555 464 2614 p.
483 2529 577 2590 vssss
587 2551 653 2611 sqq.
673 2537 704 2588 et
719 2532 869 2592 Isidorum
893 2535 1016 2594 scholiis
1033 2537 1215 2598 Arateorum
1233 2561 1320 2599 usum
1336 2561 1403 2600 esse

264 2639 355 2701 etad
378 2633 562 2696 scholiorum
587 2652 690 2691 rursus
714 2634 899 2710 farraginem
931 2637 1102 2714 aagendam
1121 2643 1281 2718 posteriori
1303 2651 1403 2702 aetate

263 2740 372 2801 librum
392 2734 503 2813 Isidori
526 2731 693 2792 adhibitum
713 2755 779 2794 esse
801 2736 930 2814 probare
952 2748 1086 2798 conatur.
1120 2743 1202 2820 quod
1226 2745 1405 2822 inpugnavit

264 2839 441 2918 Breysigius
464 2835 493 2892 in
511 2833 671 2912 Philologc
691 2835 773 2894 Xlll
792 2859 822 2916 p.
838 2848 889 2901 663
903 2861 970 2921 sqq.
983 2825 1033 2898 ‘ita
1052 2851 1085 2899 ut
1100 2844 1201 2904 omnia
1218 2865 1297 2924 quae
1317 2845 1403 2904 scho-

264 2943 371 3001 liastae
390 2947 420 2995 et
435 2935 553 2994 Isidoro
569 2939 823 2997 communissent
838 2961 857 2998 a
872 2941 1036 3002 scholiasta
1054 2963 1091 3002 ex
1107 2945 1226 3005 Isidoro
1246 2947 1406 3028 desumpta

264 3061 332 3100 esse
356 3036 563 3096 contenderet.
599 3059 615 3096 e
639 3039 723 3098 cuius
747 3039 952 3119 disputatione
977 3045 1119 3106 discimus
1141 3047 1202 3125 legi
1228 3049 1290 3120 illa
1306 3051 1405 3108 omnia

263 3141 372 3225 quibus
388 3139 553 3198 scholiasta
572 3160 639 3200 cum
659 3141 777 3201 Isidoro
795 3147 965 3204 consentiat
986 3147 1016 3205 in
1036 3167 1073 3206 ea
1089 3155 1204 3210 tantum
1221 3151 1405 3212 scholiorum

262 3246 442 3308 recensione
460 3261 550 3324 quarp
567 3241 699 3302 Vrbinas
722 3255 753 3303 et
774 3245 969 3307 Stroaaianus
986 3248 1054 3308 libri
1077 3251 1241 3328 praebent,
1263 3253 1371 3312 abesse
1387 3275 1406 3312 a

264 3345 419 3408 codicibus
448 3347 585 3406 Puteano
618 3351 648 3402 et
678 3345 857 3420 Basiliensi,
891 3350 998 3428 quibus
1031 3373 1069 3412 ea
1100 3351 1282 3413 scholiorum
1309 3355 1407 3414 forma

262 3449 390 3509 traditur
411 3467 500 3527 qnam
518 3446 697 3506 Lactantius
714 3447 750 3508 (le
772 3450 851 3508 falsa
871 3452 1019 3529 religione
1037 3455 1052 3513 Ι
1068 3466 1115 3527 ll,
1139 3465 1173 3518 lii
1194 3457 1357 3516 Caesarem
1375 3455 1406 3515 in

264 3555 358 3610 Arato
375 3554 472 3610 citans
489 3553 635 3628 agnoscit.
661 3552 777 3614 relicua
793 3574 871 3632 quae
888 3555 1065 3634 Breysigius
1082 3556 1216 3636 disputat
1229 3559 1320 3617 facile
1335 3577 1406 3637 pos·

263 3662 333 3714 sunt
354 3653 494 3728 refutari,
520 3655 576 3712 etsi
598 3655 754 3714 latendum
775 3664 822 3714 est
842 3657 1056 3734 simpliciorem
1080 3659 1145 3717 eius
1167 3659 1315 3718 rationem
1337 3679 1406 3718 esse

264 3776 354 3836 quam
373 3779 451 3837 quae
471 3779 489 3816 a
504 3755 644 3814 Beckero
660 3757 785 3818 inventa
799 3759 847 3816 sit.
874 3779 944 3818 narn
956 3759 1083 3836 primum
1100 3759 1208 3818 Italam
1224 3759 1407 3820 utbreviter

265 3858 364 3918 dicam
381 3859 561 3918 scholiorum
576 3862 786 3920 recensionem
798 3881 859 3919 non
876 3861 918 3920 ita
932 3861 1110 3920 recentioris
1126 3863 1251 3939 originis
1267 3883 1336 3922 esse
1354 3883 1405 3920 ex-

264 3971 368 4040 cerpto
393 3961 535 4022 Pliniano
560 3965 724 4036 evincitur,
751 3965 836 4022 cuius
858 3964 1007 4041 scriptura
1033 3961 1152 4040 Silligio
1180 3963 1281 4024 iudice
1307 3967 1406 4044 praef.

262 4085 292 4142 p.
308 4064 455 4123 xxxxl
470 4065 580 4124 nostris
594 4065 674 4125 Plini
690 4065 846 4126 codicibus
862 4065 953 4143 longe
970 4067 1071 4144 purior
1086 4067 1135 4124 sit.
1160 4065 1270 4127 deinde
1285 4069 1315 4126 in
1331 4087 1406 4126 non-

262 4164 354 4224 nullis
377 4185 480 4224 eorum
506 4165 580 4224 loeis
603 4169 655 4248 qui
678 4176 708 4226 et
731 4166 812 4246 apud
836 4166 986 4226 Isidorum
1007 4177 1037 4226 et
1059 4169 1089 4226 in
1111 4167 1235 4228 scholiis
1264 4170 1409 4246 leguntur

263 4267 458 4327 sclroliastarn
474 4257 622 4328 interdum
637 4269 774 4348 pleniore
789 4270 873 4330 fonte
886 4291 973 4330 usum
985 4290 1054 4330 csse
1069 4271 1262 4330 manifestum
1276 4279 1332 4330 est.
1361 4270 1407 4328 sic

263 4387 290 4447 p.
308 4377 358 4432 109
375 4371 413 4428 cf.
436 4391 466 4450 p.
484 4379 534 4436 108
551 4368 589 4430 de
611 4391 701 4431 cursu
723 4371 795 4431 solis
818 4380 849 4430 et
861 4372 952 4432 lunae
969 4371 1123 4431 disserens
1147 4371 1238 4430 etiam
1263 4372 1407 4430 horarum

730 4621 743 4649 Ι
