3162 5058
596 411 739 459 troicus
761 417 919 458 nrsroura
1214 397 1221 406 '
1269 403 1332 467 339

188 563 344 628 Romulus
361 563 552 649 quadrigam
575 566 702 649 primus
721 564 880 645 ostendit,
901 573 981 649 puto
1003 573 1036 627 et
1055 565 1126 649 ipse
1141 565 1226 627 inter
1243 563 1332 627 idola

187 666 392 750 conscriptus
420 673 485 744 est,
519 665 547 728 si
576 665 662 728 idem
697 671 747 728 est
772 663 943 744 Quirinus.
987 665 1110 728 talibus
1142 664 1330 729 auctoribus

188 765 368 852 quadrigae
391 765 570 852 productae
592 767 707 831 merito
730 775 763 828 et
784 765 917 850 aurigas
939 764 1103 829 eoloribus
1126 764 1332 830 idololatriac

187 866 377 929 uestierunt.
406 887 547 952 uanique
570 868 665 930 initio
687 867 751 930 duo
773 865 834 930 soli
857 867 991 931 suerunt
1011 865 1107 930 albus
1130 875 1163 930 et
1179 887 1331 950 russeus3

166 965 282 1030 salbas
306 967 414 1030 hiemiv
428 967 469 1030 ob
491 967 583 1031 niues
604 967 777 1048 candidas,
807 989 938 1031 uisseus
960 969 1078 1031 aestati
1100 967 1142 1031 ob
1170 967 1249 1030 solis
1277 989 1329 1032 ru-

188 1067 296 1130 borem
318 1070 387 1132 uoti
411 1077 515 1132 crant.
561 1069 618 1132 sed
641 1077 755 1154 postea
776 1079 842 1132 trun
866 1068 1033 1155 uoluptate
1056 1089 1151 1152 qrram
1176 1071 1332 1154 supersti-

186 1170 273 1232 tione
295 1179 451 1254 prouecta
474 1191 621 1234 russeum
644 1172 699 1233 alii
724 1169 822 1234 Marti
851 1169 907 1233 ulii
936 1169 1046 1233 album
1071 1169 1231 1256 Zephyris
1253 1149 1328 1234 don·

187 1281 413 1351 secrauerunt,
443 1274 612 1356 prasinum
634 1293 713 1334 uero
734 1275 857 1335 Terrae
885 1272 980 1334 matri
1008 1271 1060 1336 uel
1089 1293 1205 1354 uerno,
1233 1293 1329 1335 uene·

186 1381 255 1434 tum
276 1371 376 1435 Caelo
398 1381 430 1435 et
452 1371 536 1435 Mari
558 1372 610 1436 uel
634 1382 800 1436 autumno.
843 1393 915 1437 cum
938 1380 1046 1437 autem
1074 1374 1180 1438 orunis
1202 1373 1329 1460 species

152 1471 391 1537 widololatriae
412 1471 567 1536 damnata
587 1474 632 1537 sit
650 1495 670 1535 a
692 1473 769 1554 deo,
797 1476 910 1559 utique
933 1475 1030 1537 etiam
1060 1473 1117 1538 illa
1145 1473 1328 1556 damnatur,

186 1595 269 1660 quae
291 1573 460 1638 elementis
483 1574 706 1640 mundialibus
727 1576 930 1660 profanatur.

185 1761 248 1796 uum
267 1753 295 1796 et
312 1747 439 1797 hiemem.
468 1747 549 1812 bigas
568 1747 664 1810 lernae,
686 1749 813 1812 quioniam
833 1747 943 1809 gemine
961 1763 1040 1798 cursu
1059 1763 1118 1798 cum
1137 1746 1195 1798 sole
1215 1755 1326 1798 eonten-

185 1815 238 1876 dit,
263 1816 321 1864 siue
341 1816 405 1879 quia
424 1821 451 1864 et
474 1821 554 1864 noete
574 1815 682 1864 uidetur
700 1821 728 1864 et
747 1816 799 1864 die.
838 1817 953 1879 iungunt
972 1818 1042 1865 enirn
1069 1832 1149 1866 uuum
1168 1832 1266 1882 equum
1285 1819 1325 1866 ni·

186 1897 278 1944 grum,
310 1882 425 1932 alterum
450 1883 605 1934 candidam.
647 1885 736 1946 trigas
760 1884 813 1932 diis
841 1884 954 1944 inferis,
985 1885 1050 1948 quis
1073 1885 1100 1934 hi
1124 1901 1172 1950 per
1195 1891 1251 1934 tres
1280 1901 1326 1936 ae-

186 1955 260 1999 tates
284 1949 407 1999 homiues
431 1951 464 1998 ad
491 1967 520 2000 sc
540 1953 664 2016 rapiunt,
691 1951 716 1999 id
741 1957 783 2000 est
807 1967 855 2014 per
880 1952 1026 2000 infantiam
1051 1953 1220 2002 iuuentutem
1245 1958 1326 2017 atquo

185 2023 335 2066 senectam.
371 2020 468 2082 seiuga
486 2019 732 2068 maxiruuseurrus
752 2019 927 2077 camillani,
957 2025 1069 2084 propter
1092 2021 1161 2084 qrred
1181 2021 1326 2069 niaximum

185 2085 295 2134 deorum
323 2101 431 2134 suorum
456 2101 515 2136 curn
540 2101 600 2138 csse
625 2087 747 2136 credunt.
790 2086 851 2134 ideo
880 2093 971 2136 autem
1000 2088 1068 2136 retis
1095 2087 1244 2152 qiuarlrigas
1266 2103 1326 2136 cur·

185 2169 244 2202 rcre
268 2153 375 2212 dicrmt,
406 2155 464 2202 siue
496 2155 560 2218 quia
586 2154 701 2203 mundus
730 2155 781 2202 iste
804 2153 900 2202 eimuli
929 2154 971 2202 srri
995 2155 1139 2204 celeritate
1163 2156 1328 2204 transcurrit

185 2221 244 2270 siue
264 2229 375 2286 propter
392 2221 491 2281 solem,
516 2221 581 2285 qrria
600 2221 712 2270 uolubili
732 2222 836 2270 ambitu
855 2227 940 2278 rotat,
961 2221 1034 2269 sieut
1052 2222 1092 2270 eit
1110 2222 1229 2270 unnim:
1258 2222 1325 2271 Inde

185 2289 320 2352 patefecit
338 2289 423 2340 radiis
441 2292 502 2338 rota
520 2289 637 2338 eandida
656 2287 772 2337 caelum.
808 2293 911 2352 septem
930 2289 1023 2352 spatia
1042 2287 1193 2353 ‹ptradrigae
1212 2295 1325 2338 currunt

185 2356 337 2404 relerentes
356 2357 407 2406 lieo
427 2357 461 2405 ad
480 2371 586 2405 clusum
605 2361 709 2420 septem
728 2355 879 2416 stellarum,
899 2357 997 2419 quibus
1010 2357 1136 2406 muudum
1150 2357 1208 2419 regi
1221 2357 1324 2416 slicunt,

184 2423 243 2472 siue
267 2424 301 2472 ad
321 2439 426 2473 cursum
449 2429 554 2488 septem
572 2423 675 2472 dierum
695 2423 894 2487 praesentium,
918 2422 1015 2487 quilius
1039 2423 1159 2487 peractis
1177 2423 1251 2472 uitae
1271 2429 1324 2471 ter-

184 2491 272 2540 minus
291 2497 500 2552 constrmmntar,
521 2507 632 2555 quarum
651 2491 712 2539 linis
731 2497 774 2540 est
792 2495 869 2542 creta
888 2491 915 2540 id
933 2490 1125 2540 ostiudieium.
1156 2507 1235 2555 porro
1249 2493 1325 2556 equi-

184 2565 226 2607 tes
244 2559 398 2622 singulares
422 2560 483 2608 ideo
507 2575 617 2608 currere
641 2559 748 2620 dicunt,
773 2559 836 2624 quia
857 2558 1037 2624 singulariter
1060 2560 1245 2623 rrurrsqaisque
1265 2573 1324 2608 cur-

184 2641 242 2675 sum
260 2627 337 2676 uitae
356 2625 435 2676 buius
451 2627 560 2691 peragit
579 2631 661 2692 ntrpm
680 2627 791 2686 transit,
812 2625 882 2674 alius
896 2625 950 2674 alio
963 2631 1084 2690 tempore
1098 2641 1216 2690 sequens
1230 2625 1322 2688 silium,

183 2710 233 2759 per
241 2709 323 2746 uuarn
334 2700 427 2744 tumen
439 2695 512 2744 uiam
531 2695 709 2744 mortalitatis
727 2709 811 2758 usque
825 2693 861 2742 ad
872 2695 1010 2758 propriam
1030 2701 1129 2744 ructum
1143 2694 1245 2744 mortis.
1276 2695 1321 2744 dc·

183 2763 301 2810 sultores
320 2763 462 2822 nominati,
483 2763 552 2826 quod
571 2763 635 2812 olim
655 2767 735 2828 prout
753 2761 867 2826 qrrisque
886 2761 920 2810 ad
940 2761 1019 2810 tinem
1038 2776 1133 2810 errrsus
1152 2768 1266 2812 uenerat
1279 2761 1324 2812 de·

183 2829 297 2878 siliebnt
311 2835 338 2878 ct
351 2831 488 2889 currebat,
503 2829 560 2879 siue
575 2830 645 2893 quod
658 2829 691 2878 de
706 2844 774 2893 eque
788 2829 815 2878 in
828 2845 924 2893 equam
944 2829 1129 2879 transiliebat.
1153 2829 1262 2895 pedites
1278 2845 1324 2879 au·

184 2903 238 2946 tem
252 2898 331 2946 aiunt
343 2903 471 2962 proptera
484 2897 553 2960 pede
567 2913 687 2957 currere,
700 2899 765 2960 (arria
777 2895 892 2962 pedibus
906 2899 1022 2947 curritur
1035 2897 1206 2947 urortnlitsti.
1226 2897 1260 2946 ob
1273 2897 1325 2948 lroc

184 2981 200 3014 a
214 2966 353 3030 superiore
373 2972 449 3029 parte
464 2971 575 3013 eurrnnt
588 2965 622 3014 ad
642 2965 786 3024 interiora,
807 2965 834 3012 id
853 2971 895 3014 est
914 2966 1069 3014 oboriente
1090 2966 1124 3016 ad
1142 2963 1323 3026 occidentem,

184 3034 249 3096 quia
268 3031 397 3082 mortales
415 3031 538 3081 oriuntur
556 3037 583 3080 et
602 3031 738 3081 (recidunt.
775 3033 838 3081 nudi
853 3037 972 3096 errrumt,
991 3033 1055 3098 qrria
1074 3038 1101 3082 et
1119 3032 1222 3082 homini
1241 3034 1268 3082 iu
1282 3049 1324 3082 se·

184 3098 246 3150 culo
270 3100 361 3150 nullae
385 3099 518 3164 reliquiae
542 3103 613 3148 suut.
655 3107 730 3148 reete
753 3101 843 3164 spatio
868 3108 991 3161 currunt,
1015 3102 1081 3166 quia
1099 3101 1170 3150 inter
1193 3101 1277 3152 uitam
1297 3107 1326 3150 st
1419 3115 1423 3126 ·

184 3175 296 3216 mertem
320 3168 388 3216 nihil
412 3169 503 3218 distat.
539 3167 588 3218 sed
607 3167 675 3216 lraec
699 3174 845 3232 propteroa
864 3169 981 3234 lingunt,
1005 3175 1035 3218 ut
1056 3169 1196 3218 rrsuitatcs
1214 3183 1278 3218 otras
1298 3175 1326 3218 et

186 3235 335 3300 sacrilegia
354 3249 486 3284 excrrsarc
507 3239 647 3284 conentur.
686 3235 762 3284 eirea
781 3251 880 3285 earrsas
904 3251 1008 3300 quoque
1033 3233 1229 3284 elementorum
1252 3235 1324 3284 idem

183 3303 301 3364 gentiles
315 3303 398 3352 etiam
412 3303 517 3352 colores
531 3318 658 3367 eqrrorum
673 3303 831 3352 iunxerunt:
846 3319 938 3353 roseos
951 3305 1023 3352 enim
1036 3303 1088 3353 soli
1101 3303 1128 3352 id
1143 3308 1184 3352 est
1197 3303 1268 3364 igni,
1284 3301 1323 3351 nl·

184 3371 232 3419 lios
246 3371 318 3432 aeri,
337 3370 463 3436 prasinos
482 3375 587 3430 terrae,
601 3377 714 3420 nerretos
728 3371 795 3419 mari
814 3371 1007 3420 assiruilautcs.
1036 3371 1102 3420 item
1116 3385 1208 3418 roseos
1222 3369 1323 3418 aestati

184 3453 292 3487 currere
310 3437 462 3498 uoluerunt,
484 3439 554 3501 qrrod
574 3437 648 3500 ignei
667 3437 766 3486 eoloris
784 3437 840 3486 sint
858 3443 886 3486 et
905 3443 1004 3486 errncta
1022 3441 1087 3486 tune
1100 3437 1263 3497 flauescant,
1283 3435 1322 3486 sl-

183 3505 232 3554 bos
250 3505 343 3566 hiemi,
357 3507 426 3569 qrred
445 3506 481 3555 sit
500 3505 630 3570 glacialis
649 3506 842 3569 et.frigoribus
860 3505 990 3556 uniuersa
1003 3509 1164 3564 canescant,
1183 3504 1241 3552 ueri
1261 3519 1322 3568 pra·

182 3574 257 3622 sinos
280 3573 361 3622 uiridi
386 3573 490 3634 celero,
516 3573 580 3637 quio
603 3578 668 3622 tuuc
691 3575 835 3638 pampinus
858 3573 998 3622 densatur.
1039 3574 1103 3620 item
1127 3587 1221 3620 roseos
1239 3571 1322 3620 llarti

182 3648 370 3702 sacrariorum,
390 3657 407 3690 a
420 3657 472 3705 quo
485 3641 600 3690 Romani
614 3641 779 3702 exoriuntur,
799 3647 826 3689 et
845 3641 909 3704 quia
927 3639 1030 3689 uexilla
1044 3639 1224 3690 ltomsnorurn
1238 3655 1323 3688 cocco

182 3708 357 3768 decorantur,
376 3709 435 3758 siue
454 3709 524 3773 quod
542 3710 617 3758 Mars
636 3707 738 3770 gaudet
756 3709 899 3772 sauguine.
937 3707 1014 3756 albos
1032 3706 1158 3771 zephyris
1177 3711 1206 3755 et
1217 3706 1323 3756 serenis

182 3775 401 3839 tempestatibus,
420 3777 545 3840 prasinos
562 3777 620 3825 flori
640 3782 786 3836 ettamen,
804 3781 919 3824 uenetos
938 3775 1015 3839 aquis
1032 3775 1077 3824 uel
1097 3775 1163 3832 aeri,
1183 3773 1247 3839 quie
1260 3789 1323 3822 cae·

182 3843 258 3892 ruleo
276 3850 338 3892 suut
357 3845 458 3904 colore,
477 3843 565 3894 luteos
583 3845 611 3892 id
630 3849 673 3892 cst
691 3859 803 3892 croceos
823 3845 880 3908 igni
899 3842 998 3904 erecti,
1018 3857 1167 3906 purpureos
1180 3841 1217 3890 lri
1229 3857 1322 3890 saera·

182 3916 287 3968 uerunt.
307 3926 386 3976 qrreru
405 3926 497 3960 arcum
517 3911 640 3971 dicimus,
660 3911 730 3974 quod
749 3911 800 3961 lris
818 3911 947 3976 plurimos
966 3911 1073 3960 colores
1086 3909 1200 3960 babeat.
1228 3909 1323 3974 sieque

182 3978 243 4026 dum
263 3978 315 4028 hac
334 3979 507 4044 spectatione
526 3979 636 4028 doourm
657 3977 775 4028 eultilurs
795 3985 877 4042 atque
898 3979 1042 4028 elementis
1059 3976 1243 4026 mundialibus
1261 3993 1320 4042 pro·

183 4045 324 4106 sanantur,
346 4046 455 4095 cosdem
474 4046 540 4095 deos
560 4053 641 4110 atque
665 4045 761 4094 eadem
781 4045 918 4096 elementa
937 4044 1030 4112 procul
1049 4045 1131 4093 dubio
1150 4043 1242 4093 colere
1261 4059 1322 4092 nos·

182 4111 298 4162 cuutur.’
334 4115 371 4163 cf.
397 4113 518 4162 Isidorus
536 4113 624 4178 origg.
645 4113 733 4163 xvssl
751 4111 798 4176 ts,
822 4114 1048 4164 'lOessiedorius
1066 4127 1124 4160 rar.
1148 4111 1186 4161 lll
1209 4109 1250 4160 51.
1276 4126 1321 4159 or-

181 4181 280 4245 scripsi
299 4181 335 4230 ad
353 4181 451 4246 fragm.
474 4179 567 4230 luti**.

265 4344 430 4413 tuamque
443 4335 528 4394 initio
546 4337 721 4394 Salmasius:
738 4353 807 4394 nam
830 4335 919 4414 aequi
938 4305 1022 4395 iditio
1037 4338 1061 4392 A
1076 4329 1090 4416 ΙΙ
1104 4329 1205 4412 6'sed]
1223 4341 1253 4392 et
1268 4339 1292 4392 A
1307 4331 1320 4414 ll

180 4423 195 4481 7
211 4419 287 4477 Moti
303 4425 326 4478 A
342 4415 356 4500 ll
369 4429 388 4482 Β
402 4439 475 4479 uero
492 4425 516 4478 A
532 4415 545 4500 ll
559 4429 898 4479 recoctum-autumno
910 4439 963 4478 om.
980 4425 1004 4478 A

1054 4516 1125 4580 22*
