<?xml version="1.0" encoding="UTF-8"?>
<!DOCTYPE html PUBLIC "-//W3C//DTD XHTML 1.0 Transitional//EN"
    "http://www.w3.org/TR/xhtml1/DTD/xhtml1-transitional.dtd">
<html xmlns="http://www.w3.org/1999/xhtml" xml:lang="en" lang="en">
 <head>
  <title>
</title>
<meta http-equiv="Content-Type" content="text/html;charset=utf-8" />
  <meta name='ocr-system' content='tesseract 3.04.00' />
  <meta name='ocr-capabilities' content='ocr_page ocr_carea ocr_par ocr_line ocrx_word'/>
</head>
<body>
  <div class='ocr_page' id='page_1' title='image "./csvetonitranqvi01ritsgoog_0306.png"; bbox 0 0 3162 5058; ppageno 0'>
   <div class='ocr_carea' id='block_1_1' title="bbox 472 387 1262 490">
    <p class='ocr_par' dir='ltr' id='par_1_1' title="bbox 472 387 1262 490">
     <span class='ocr_line' id='line_1_1' title="bbox 472 387 1262 490; baseline 0.006 -42"><span class='ocrx_word' id='word_1_1' title='bbox 472 403 645 448; x_wconf 77' lang='lat' dir='ltr'><strong>vnnaonvst</strong></span> <span class='ocrx_word' id='word_1_2' title='bbox 669 403 907 448; x_wconf 75' lang='lat' dir='ltr'><strong>ornnrsaurran</strong></span> <span class='ocrx_word' id='word_1_3' title='bbox 1099 469 1111 490; x_wconf 26' lang='grc' dir='ltr'>ὓ</span> <span class='ocrx_word' id='word_1_4' title='bbox 1200 387 1262 453; x_wconf 80' lang='lat'><strong>275</strong></span> 
     </span>
    </p>
   </div>
   <div class='ocr_carea' id='block_1_2' title="bbox 123 549 1263 1450">
    <p class='ocr_par' dir='ltr' id='par_1_2' title="bbox 138 549 1263 734">
     <span class='ocr_line' id='line_1_2' title="bbox 138 549 1263 638; baseline 0.006 -29"><span class='ocrx_word' id='word_1_5' title='bbox 138 549 227 613; x_wconf 84' lang='lat' dir='ltr'><strong>titudo</strong></span> <span class='ocrx_word' id='word_1_6' title='bbox 248 552 418 637; x_wconf 86' lang='lat' dir='ltr'><strong>iuuenum,</strong></span> <span class='ocrx_word' id='word_1_7' title='bbox 444 553 582 618; x_wconf 84' lang='lat' dir='ltr'><strong>quenta</strong></span> <span class='ocrx_word' id='word_1_8' title='bbox 604 551 667 616; x_wconf 80' lang='lat' dir='ltr'><strong>dee</strong></span> <span class='ocrx_word' id='word_1_9' title='bbox 684 552 860 616; x_wconf 88' lang='lat' dir='ltr'><strong>iuuenibus</strong></span> <span class='ocrx_word' id='word_1_10' title='bbox 884 551 1089 638; x_wconf 79' lang='lat' dir='ltr'>praesidens,</span> <span class='ocrx_word' id='word_1_11' title='bbox 1112 555 1263 616; x_wconf 82' lang='lat' dir='ltr'><strong>iuuentae</strong></span> 
     </span>
     <span class='ocr_line' id='line_1_3' title="bbox 140 649 315 734; baseline 0.046 -24"><span class='ocrx_word' id='word_1_12' title='bbox 140 649 199 734; x_wconf 87' lang='lat' dir='ltr'><strong>ipsa</strong></span> <span class='ocrx_word' id='word_1_13' title='bbox 218 661 315 718; x_wconf 82' lang='lat' dir='ltr'><strong>aetas.</strong></span> 
     </span>
    </p>

    <p class='ocr_par' dir='ltr' id='par_1_3' title="bbox 123 754 1263 1044">
     <span class='ocr_line' id='line_1_4' title="bbox 209 754 1262 839; baseline 0.004 -25"><span class='ocrx_word' id='word_1_14' title='bbox 209 769 390 820; x_wconf 65' lang='lat' dir='ltr'><strong>intonsae</strong></span> <span class='ocrx_word' id='word_1_15' title='bbox 421 765 454 820; x_wconf 83' lang='lat' dir='ltr'><strong>et</strong></span> <span class='ocrx_word' id='word_1_16' title='bbox 488 756 665 839; x_wconf 68' lang='lat' dir='ltr'><strong>salernas]</strong></span> <span class='ocrx_word' id='word_1_17' title='bbox 696 754 855 819; x_wconf 85' lang='lat' dir='ltr'><strong>immolari</strong></span> <span class='ocrx_word' id='word_1_18' title='bbox 885 755 1006 820; x_wconf 86' lang='lat' dir='ltr'><strong>dieitur</strong></span> <span class='ocrx_word' id='word_1_19' title='bbox 1033 755 1156 837; x_wconf 85' lang='lat' dir='ltr'><strong>hostia,</strong></span> <span class='ocrx_word' id='word_1_20' title='bbox 1189 777 1262 818; x_wconf 86' lang='lat' dir='ltr'><strong>cum</strong></span> 
     </span>
     <span class='ocr_line' id='line_1_5' title="bbox 139 851 1263 943; baseline 0.007 -31"><span class='ocrx_word' id='word_1_21' title='bbox 139 851 211 914; x_wconf 86' lang='lat' dir='ltr'><strong>mola</strong></span> <span class='ocrx_word' id='word_1_22' title='bbox 242 857 329 921; x_wconf 83' lang='lat' dir='ltr'><strong>salsa</strong></span> <span class='ocrx_word' id='word_1_23' title='bbox 357 861 391 920; x_wconf 92' lang='lat' dir='ltr'><strong>in</strong></span> <span class='ocrx_word' id='word_1_24' title='bbox 426 867 524 943; x_wconf 83' lang='lat' dir='ltr'><strong>eaput</strong></span> <span class='ocrx_word' id='word_1_25' title='bbox 555 857 684 921; x_wconf 82' lang='lat' dir='ltr'><strong>adiecta</strong></span> <span class='ocrx_word' id='word_1_26' title='bbox 713 865 777 936; x_wconf 83' lang='lat' dir='ltr'><strong>est3</strong></span> <span class='ocrx_word' id='word_1_27' title='bbox 828 867 1002 927; x_wconf 81' lang='lat' dir='ltr'><strong>mactatum</strong></span> <span class='ocrx_word' id='word_1_28' title='bbox 1032 867 1139 920; x_wconf 85' lang='lat' dir='ltr'><strong>autem</strong></span> <span class='ocrx_word' id='word_1_29' title='bbox 1170 858 1263 943; x_wconf 80' lang='lat' dir='ltr'><strong>quasi</strong></span> 
     </span>
     <span class='ocr_line' id='line_1_6' title="bbox 123 956 742 1044; baseline 0.01 -30"><span class='ocrx_word' id='word_1_30' title='bbox 123 956 227 1038; x_wconf 70' lang='lat' dir='ltr'><strong>satagis</strong></span> <span class='ocrx_word' id='word_1_31' title='bbox 247 967 395 1036; x_wconf 87' lang='lat' dir='ltr'><strong>auctum,</strong></span> <span class='ocrx_word' id='word_1_32' title='bbox 416 958 451 1022; x_wconf 92' lang='lat' dir='ltr'><strong>id</strong></span> <span class='ocrx_word' id='word_1_33' title='bbox 472 967 522 1022; x_wconf 86' lang='lat' dir='ltr'><strong>est</strong></span> <span class='ocrx_word' id='word_1_34' title='bbox 544 959 742 1044; x_wconf 86' lang='lat' dir='ltr'><strong>ampliatum.</strong></span> 
     </span>
    </p>

    <p class='ocr_par' dir='ltr' id='par_1_4' title="bbox 210 1059 1261 1148">
     <span class='ocr_line' id='line_1_7' title="bbox 210 1059 1261 1148; baseline 0.006 -30"><span class='ocrx_word' id='word_1_35' title='bbox 210 1073 286 1121; x_wconf 79' lang='lat' dir='ltr'><strong>lruu</strong></span> <span class='ocrx_word' id='word_1_36' title='bbox 308 1069 342 1124; x_wconf 89' lang='lat' dir='ltr'><strong>et</strong></span> <span class='ocrx_word' id='word_1_37' title='bbox 364 1061 499 1142; x_wconf 73' lang='lat' dir='ltr'><strong>trinua]</strong></span> <span class='ocrx_word' id='word_1_38' title='bbox 523 1062 585 1124; x_wconf 89' lang='lat' dir='ltr'><strong>iter</strong></span> <span class='ocrx_word' id='word_1_39' title='bbox 606 1081 670 1146; x_wconf 93' lang='lat' dir='ltr'><strong>quo</strong></span> <span class='ocrx_word' id='word_1_40' title='bbox 694 1060 772 1146; x_wconf 93' lang='lat' dir='ltr'><strong>quid</strong></span> <span class='ocrx_word' id='word_1_41' title='bbox 796 1061 919 1144; x_wconf 81' lang='lat' dir='ltr'><strong>agitur,</strong></span> <span class='ocrx_word' id='word_1_42' title='bbox 942 1061 1040 1122; x_wconf 83' lang='lat' dir='ltr'><strong>itiner</strong></span> <span class='ocrx_word' id='word_1_43' title='bbox 1057 1060 1113 1148; x_wconf 83' lang='lat' dir='ltr'><strong>uia</strong></span> <span class='ocrx_word' id='word_1_44' title='bbox 1132 1059 1261 1124; x_wconf 88' lang='lat' dir='ltr'><strong>dicitur.</strong></span> 
     </span>
    </p>

    <p class='ocr_par' dir='ltr' id='par_1_5' title="bbox 139 1160 1263 1450">
     <span class='ocr_line' id='line_1_8' title="bbox 210 1160 1261 1248; baseline 0.008 -30"><span class='ocrx_word' id='word_1_45' title='bbox 210 1175 345 1224; x_wconf 80' lang='lat' dir='ltr'><strong>rsrrrvu</strong></span> <span class='ocrx_word' id='word_1_46' title='bbox 364 1169 398 1224; x_wconf 87' lang='lat' dir='ltr'><strong>et</strong></span> <span class='ocrx_word' id='word_1_47' title='bbox 415 1177 619 1224; x_wconf 80' lang='lat' dir='ltr'><strong>eerucrsrvu</strong></span> <span class='ocrx_word' id='word_1_48' title='bbox 635 1161 696 1225; x_wconf 88' lang='lat' dir='ltr'><strong>hoe</strong></span> <span class='ocrx_word' id='word_1_49' title='bbox 712 1160 836 1224; x_wconf 84' lang='lat' dir='ltr'><strong>differt:</strong></span> <span class='ocrx_word' id='word_1_50' title='bbox 853 1161 1049 1247; x_wconf 84' lang='lat' dir='ltr'><strong>principium</strong></span> <span class='ocrx_word' id='word_1_51' title='bbox 1072 1161 1171 1226; x_wconf 85' lang='lat' dir='ltr'><strong>totins</strong></span> <span class='ocrx_word' id='word_1_52' title='bbox 1188 1183 1261 1248; x_wconf 88' lang='lat' dir='ltr'><strong>ope-</strong></span> 
     </span>
     <span class='ocr_line' id='line_1_9' title="bbox 140 1255 1263 1349; baseline 0.009 -33"><span class='ocrx_word' id='word_1_53' title='bbox 140 1255 176 1318; x_wconf 91' lang='lat' dir='ltr'><strong>ris</strong></span> <span class='ocrx_word' id='word_1_54' title='bbox 191 1260 417 1347; x_wconf 87' lang='lat' dir='ltr'><strong>cuiuscumque</strong></span> <span class='ocrx_word' id='word_1_55' title='bbox 441 1263 555 1346; x_wconf 89' lang='lat' dir='ltr'><strong>(unum</strong></span> <span class='ocrx_word' id='word_1_56' title='bbox 571 1262 645 1347; x_wconf 88' lang='lat' dir='ltr'><strong>est),</strong></span> <span class='ocrx_word' id='word_1_57' title='bbox 666 1262 761 1347; x_wconf 81' lang='lat' dir='ltr'><strong>quasi</strong></span> <span class='ocrx_word' id='word_1_58' title='bbox 782 1263 920 1348; x_wconf 89' lang='lat' dir='ltr'><strong>primum</strong></span> <span class='ocrx_word' id='word_1_59' title='bbox 942 1263 1048 1346; x_wconf 85' lang='lat' dir='ltr'><strong>operis</strong></span> <span class='ocrx_word' id='word_1_60' title='bbox 1067 1272 1179 1349; x_wconf 83' lang='lat' dir='ltr'><strong>eaput3</strong></span> <span class='ocrx_word' id='word_1_61' title='bbox 1204 1265 1263 1326; x_wconf 89' lang='lat' dir='ltr'><strong>ini·</strong></span> 
     </span>
     <span class='ocr_line' id='line_1_10' title="bbox 139 1357 1263 1450; baseline 0.007 -32"><span class='ocrx_word' id='word_1_62' title='bbox 139 1357 204 1422; x_wconf 86' lang='lat' dir='ltr'><strong>tium</strong></span> <span class='ocrx_word' id='word_1_63' title='bbox 232 1361 434 1448; x_wconf 77' lang='lat' dir='ltr'><strong>frequentius</strong></span> <span class='ocrx_word' id='word_1_64' title='bbox 468 1361 704 1447; x_wconf 82' lang='lat' dir='ltr'>intellegimus,</span> <span class='ocrx_word' id='word_1_65' title='bbox 736 1372 769 1426; x_wconf 88' lang='lat' dir='ltr'><strong>et</strong></span> <span class='ocrx_word' id='word_1_66' title='bbox 802 1364 899 1427; x_wconf 89' lang='lat' dir='ltr'><strong>toties</strong></span> <span class='ocrx_word' id='word_1_67' title='bbox 931 1364 1109 1448; x_wconf 76' lang='lat' dir='ltr'>accipimus</span> <span class='ocrx_word' id='word_1_68' title='bbox 1136 1365 1263 1450; x_wconf 89' lang='lat' dir='ltr'><strong>quoties</strong></span> 
     </span>
    </p>
   </div>
   <div class='ocr_carea' id='block_1_3' title="bbox 130 1493 1269 4151">
    <p class='ocr_par' dir='ltr' id='par_1_6' title="bbox 138 1493 1266 3192">
     <span class='ocr_line' id='line_1_11' title="bbox 140 1493 1263 1562; baseline 0.008 -20"><span class='ocrx_word' id='word_1_69' title='bbox 140 1493 198 1560; x_wconf 87' lang='lat' dir='ltr'><strong>Hp.</strong></span> <span class='ocrx_word' id='word_1_70' title='bbox 217 1496 257 1547; x_wconf 84' lang='lat'><strong>17:</strong></span> <span class='ocrx_word' id='word_1_71' title='bbox 283 1499 428 1550; x_wconf 79' lang='lat' dir='ltr'><strong>‘iuuentus</strong></span> <span class='ocrx_word' id='word_1_72' title='bbox 452 1499 597 1549; x_wconf 88' lang='lat' dir='ltr'><strong>multitudo</strong></span> <span class='ocrx_word' id='word_1_73' title='bbox 621 1501 762 1562; x_wconf 89' lang='lat' dir='ltr'><strong>iuuenum,</strong></span> <span class='ocrx_word' id='word_1_74' title='bbox 788 1501 916 1550; x_wconf 81' lang='lat' dir='ltr'><strong>iuuentus</strong></span> <span class='ocrx_word' id='word_1_75' title='bbox 935 1507 1028 1552; x_wconf 87' lang='lat' dir='ltr'><strong>aetas:</strong></span> <span class='ocrx_word' id='word_1_76' title='bbox 1053 1503 1223 1552; x_wconf 87' lang='lat' dir='ltr'><strong>iuuentutem</strong></span> <span class='ocrx_word' id='word_1_77' title='bbox 1247 1517 1263 1551; x_wconf 83' lang='lat' dir='ltr'><strong>a</strong></span> 
     </span>
     <span class='ocr_line' id='line_1_12' title="bbox 138 1561 1262 1620; baseline 0.011 -12"><span class='ocrx_word' id='word_1_78' title='bbox 138 1561 297 1616; x_wconf 66' lang='lat' dir='ltr'><strong>insentatas)</strong></span> <span class='ocrx_word' id='word_1_79' title='bbox 334 1568 445 1618; x_wconf 82' lang='lat' dir='ltr'><strong>Servius</strong></span> <span class='ocrx_word' id='word_1_80' title='bbox 463 1568 531 1618; x_wconf 83' lang='lat' dir='ltr'><strong>Aen.</strong></span> <span class='ocrx_word' id='word_1_81' title='bbox 551 1567 564 1618; x_wconf 93' lang='lat' dir='ltr'><strong>l</strong></span> <span class='ocrx_word' id='word_1_82' title='bbox 582 1567 645 1618; x_wconf 80' lang='lat'><strong>590:</strong></span> <span class='ocrx_word' id='word_1_83' title='bbox 672 1569 818 1619; x_wconf 83' lang='lat' dir='ltr'><strong>‘quenlus</strong></span> <span class='ocrx_word' id='word_1_84' title='bbox 838 1574 881 1618; x_wconf 91' lang='lat' dir='ltr'><strong>est</strong></span> <span class='ocrx_word' id='word_1_85' title='bbox 903 1570 1049 1619; x_wconf 86' lang='lat' dir='ltr'><strong>multitudo</strong></span> <span class='ocrx_word' id='word_1_86' title='bbox 1074 1571 1199 1620; x_wconf 86' lang='lat' dir='ltr'><strong>iuuenum</strong></span> <span class='ocrx_word' id='word_1_87' title='bbox 1218 1575 1262 1620; x_wconf 87' lang='lat' dir='ltr'><strong>ut:</strong></span> 
     </span>
     <span class='ocr_line' id='line_1_13' title="bbox 140 1627 1263 1702; baseline 0.005 -22"><span class='ocrx_word' id='word_1_88' title='bbox 140 1627 215 1681; x_wconf 79' lang='lat' dir='ltr'><strong>Rebus</strong></span> <span class='ocrx_word' id='word_1_89' title='bbox 236 1641 363 1700; x_wconf 85' lang='lat' dir='ltr'><strong>spectata</strong></span> <span class='ocrx_word' id='word_1_90' title='bbox 381 1637 520 1685; x_wconf 84' lang='lat' dir='ltr'><strong>iuuentus.</strong></span> <span class='ocrx_word' id='word_1_91' title='bbox 555 1636 688 1685; x_wconf 86' lang='lat' dir='ltr'><strong>quentas</strong></span> <span class='ocrx_word' id='word_1_92' title='bbox 706 1636 759 1686; x_wconf 89' lang='lat' dir='ltr'><strong>dea</strong></span> <span class='ocrx_word' id='word_1_93' title='bbox 776 1637 851 1702; x_wconf 84' lang='lat' dir='ltr'><strong>ipss,</strong></span> <span class='ocrx_word' id='word_1_94' title='bbox 876 1638 950 1686; x_wconf 87' lang='lat' dir='ltr'><strong>sicut</strong></span> <span class='ocrx_word' id='word_1_95' title='bbox 967 1637 1106 1688; x_wconf 80' lang='lat' dir='ltr'>Libertas.</span> <span class='ocrx_word' id='word_1_96' title='bbox 1142 1638 1263 1688; x_wconf 81' lang='lat' dir='ltr'><strong>Tullius:</strong></span> 
     </span>
     <span class='ocr_line' id='line_1_14' title="bbox 140 1697 1263 1767; baseline 0.009 -23"><span class='ocrx_word' id='word_1_97' title='bbox 140 1697 266 1752; x_wconf 85' lang='lat' dir='ltr'><strong>quentate</strong></span> <span class='ocrx_word' id='word_1_98' title='bbox 285 1702 387 1767; x_wconf 87' lang='lat' dir='ltr'><strong>poeula</strong></span> <span class='ocrx_word' id='word_1_99' title='bbox 404 1703 588 1753; x_wconf 75' lang='lat' dir='ltr'><strong>ministrante.</strong></span> <span class='ocrx_word' id='word_1_100' title='bbox 624 1704 738 1753; x_wconf 85' lang='lat' dir='ltr'><strong>iuuenta</strong></span> <span class='ocrx_word' id='word_1_101' title='bbox 760 1720 826 1754; x_wconf 86' lang='lat' dir='ltr'><strong>nero</strong></span> <span class='ocrx_word' id='word_1_102' title='bbox 846 1711 938 1767; x_wconf 83' lang='lat' dir='ltr'><strong>aetas,</strong></span> <span class='ocrx_word' id='word_1_103' title='bbox 963 1704 1048 1755; x_wconf 89' lang='lat' dir='ltr'><strong>unde:</strong></span> <span class='ocrx_word' id='word_1_104' title='bbox 1085 1707 1122 1755; x_wconf 82' lang='lat' dir='ltr'><strong>Et</strong></span> <span class='ocrx_word' id='word_1_105' title='bbox 1140 1705 1263 1754; x_wconf 87' lang='lat' dir='ltr'><strong>membra</strong></span> 
     </span>
     <span class='ocr_line' id='line_1_15' title="bbox 140 1765 1263 1838; baseline 0.008 -25"><span class='ocrx_word' id='word_1_106' title='bbox 140 1765 224 1818; x_wconf 82' lang='lat' dir='ltr'><strong>decors</strong></span> <span class='ocrx_word' id='word_1_107' title='bbox 245 1772 387 1820; x_wconf 84' lang='lat' dir='ltr'><strong>iuuentae.</strong></span> <span class='ocrx_word' id='word_1_108' title='bbox 427 1772 476 1820; x_wconf 82' lang='lat' dir='ltr'><strong>aed</strong></span> <span class='ocrx_word' id='word_1_109' title='bbox 499 1771 569 1822; x_wconf 85' lang='lat' dir='ltr'><strong>haee</strong></span> <span class='ocrx_word' id='word_1_110' title='bbox 594 1787 610 1820; x_wconf 85' lang='lat' dir='ltr'><strong>a</strong></span> <span class='ocrx_word' id='word_1_111' title='bbox 634 1773 725 1836; x_wconf 84' lang='lat' dir='ltr'><strong>poetis</strong></span> <span class='ocrx_word' id='word_1_112' title='bbox 749 1772 952 1822; x_wconf 80' lang='lat' dir='ltr'><strong>confunduntur</strong></span> <span class='ocrx_word' id='word_1_113' title='bbox 973 1772 1150 1838; x_wconf 61' lang='lat' dir='ltr'><strong>plerumque)</strong></span> <span class='ocrx_word' id='word_1_114' title='bbox 1187 1773 1263 1823; x_wconf 82' lang='lat' dir='ltr'>Idem</span> 
     </span>
     <span class='ocr_line' id='line_1_16' title="bbox 140 1833 1264 1906; baseline 0.009 -26"><span class='ocrx_word' id='word_1_115' title='bbox 140 1833 194 1882; x_wconf 76' lang='lat' dir='ltr'><strong>len.</strong></span> <span class='ocrx_word' id='word_1_116' title='bbox 212 1837 265 1888; x_wconf 92' lang='lat' dir='ltr'><strong>llll</strong></span> <span class='ocrx_word' id='word_1_117' title='bbox 284 1838 331 1888; x_wconf 79' lang='lat'><strong>32:</strong></span> <span class='ocrx_word' id='word_1_118' title='bbox 355 1839 482 1888; x_wconf 83' lang='lat' dir='ltr'><strong>‘quenta</strong></span> <span class='ocrx_word' id='word_1_119' title='bbox 501 1839 553 1888; x_wconf 86' lang='lat' dir='ltr'><strong>dea</strong></span> <span class='ocrx_word' id='word_1_120' title='bbox 570 1837 646 1888; x_wconf 85' lang='lat' dir='ltr'><strong>illius</strong></span> <span class='ocrx_word' id='word_1_121' title='bbox 666 1841 768 1890; x_wconf 83' lang='lat' dir='ltr'><strong>aetatis</strong></span> <span class='ocrx_word' id='word_1_122' title='bbox 788 1845 842 1902; x_wconf 84' lang='lat' dir='ltr'><strong>est,</strong></span> <span class='ocrx_word' id='word_1_123' title='bbox 862 1842 990 1890; x_wconf 81' lang='lat' dir='ltr'><strong>iuuentae</strong></span> <span class='ocrx_word' id='word_1_124' title='bbox 1010 1846 1090 1891; x_wconf 84' lang='lat' dir='ltr'><strong>aetas</strong></span> <span class='ocrx_word' id='word_1_125' title='bbox 1109 1842 1169 1906; x_wconf 80' lang='lat' dir='ltr'><strong>ipsa</strong></span> <span class='ocrx_word' id='word_1_126' title='bbox 1188 1843 1264 1890; x_wconf 89' lang='lat' dir='ltr'><strong>iuue-</strong></span> 
     </span>
     <span class='ocr_line' id='line_1_17' title="bbox 140 1901 1263 1964; baseline 0.007 -16"><span class='ocrx_word' id='word_1_127' title='bbox 140 1901 200 1964; x_wconf 83' lang='lat' dir='ltr'><strong>nilis,</strong></span> <span class='ocrx_word' id='word_1_128' title='bbox 217 1906 344 1955; x_wconf 85' lang='lat' dir='ltr'><strong>iuuentus</strong></span> <span class='ocrx_word' id='word_1_129' title='bbox 363 1907 490 1956; x_wconf 86' lang='lat' dir='ltr'><strong>iuuenum</strong></span> <span class='ocrx_word' id='word_1_130' title='bbox 509 1906 671 1956; x_wconf 62' lang='lat' dir='ltr'><strong>multitudo!</strong></span> <span class='ocrx_word' id='word_1_131' title='bbox 703 1905 796 1958; x_wconf 83' lang='lat'>1310:</span> <span class='ocrx_word' id='word_1_132' title='bbox 815 1909 947 1958; x_wconf 88' lang='lat' dir='ltr'><strong>iuuentus</strong></span> <span class='ocrx_word' id='word_1_133' title='bbox 966 1913 1008 1958; x_wconf 85' lang='lat' dir='ltr'><strong>est</strong></span> <span class='ocrx_word' id='word_1_134' title='bbox 1026 1909 1154 1958; x_wconf 88' lang='lat' dir='ltr'><strong>iuuenum</strong></span> <span class='ocrx_word' id='word_1_135' title='bbox 1174 1907 1263 1958; x_wconf 87' lang='lat' dir='ltr'><strong>multi·</strong></span> 
     </span>
     <span class='ocr_line' id='line_1_18' title="bbox 140 1969 1264 2036; baseline 0.007 -20"><span class='ocrx_word' id='word_1_136' title='bbox 140 1969 200 2034; x_wconf 85' lang='lat' dir='ltr'><strong>tudo,</strong></span> <span class='ocrx_word' id='word_1_137' title='bbox 218 1974 331 2024; x_wconf 86' lang='lat' dir='ltr'><strong>inuenta</strong></span> <span class='ocrx_word' id='word_1_138' title='bbox 344 1980 435 2024; x_wconf 82' lang='lat' dir='ltr'><strong>autem</strong></span> <span class='ocrx_word' id='word_1_139' title='bbox 455 1974 593 2024; x_wconf 87' lang='lat' dir='ltr'><strong>homiuum</strong></span> <span class='ocrx_word' id='word_1_140' title='bbox 607 1979 649 2024; x_wconf 82' lang='lat' dir='ltr'><strong>eat</strong></span> <span class='ocrx_word' id='word_1_141' title='bbox 668 1981 755 2036; x_wconf 83' lang='lat' dir='ltr'><strong>actas,</strong></span> <span class='ocrx_word' id='word_1_142' title='bbox 776 1976 904 2026; x_wconf 86' lang='lat' dir='ltr'><strong>iuuentus</strong></span> <span class='ocrx_word' id='word_1_143' title='bbox 921 1991 986 2026; x_wconf 88' lang='lat' dir='ltr'><strong>uero</strong></span> <span class='ocrx_word' id='word_1_144' title='bbox 998 1976 1082 2025; x_wconf 82' lang='lat' dir='ltr'><strong>decue</strong></span> <span class='ocrx_word' id='word_1_145' title='bbox 1101 1978 1264 2026; x_wconf 84' lang='lat' dir='ltr'><strong>iuuentutis.</strong></span> 
     </span>
     <span class='ocr_line' id='line_1_19' title="bbox 140 2037 1264 2108; baseline 0.009 -24"><span class='ocrx_word' id='word_1_146' title='bbox 140 2037 179 2086; x_wconf 88' lang='lat' dir='ltr'><strong>sed</strong></span> <span class='ocrx_word' id='word_1_147' title='bbox 192 2048 315 2091; x_wconf 82' lang='lat' dir='ltr'><strong>auctores</strong></span> <span class='ocrx_word' id='word_1_148' title='bbox 326 2044 354 2090; x_wconf 93' lang='lat' dir='ltr'><strong>in</strong></span> <span class='ocrx_word' id='word_1_149' title='bbox 368 2041 507 2107; x_wconf 85' lang='lat' dir='ltr'><strong>plerisque</strong></span> <span class='ocrx_word' id='word_1_150' title='bbox 523 2042 592 2092; x_wconf 81' lang='lat' dir='ltr'><strong>locis</strong></span> <span class='ocrx_word' id='word_1_151' title='bbox 607 2043 690 2106; x_wconf 71' lang='lat' dir='ltr'><strong>aliter</strong></span> <span class='ocrx_word' id='word_1_152' title='bbox 705 2042 872 2108; x_wconf 63' lang='lat' dir='ltr'><strong>posuerunt!</strong></span> <span class='ocrx_word' id='word_1_153' title='bbox 898 2045 989 2108; x_wconf 84' lang='lat' dir='ltr'><strong>Caper</strong></span> <span class='ocrx_word' id='word_1_154' title='bbox 1008 2044 1041 2092; x_wconf 91' lang='lat' dir='ltr'><strong>de</strong></span> <span class='ocrx_word' id='word_1_155' title='bbox 1059 2045 1152 2093; x_wconf 79' lang='lat' dir='ltr'><strong>vorbis</strong></span> <span class='ocrx_word' id='word_1_156' title='bbox 1172 2044 1264 2094; x_wconf 82' lang='lat' dir='ltr'><strong>dubiis</strong></span> 
     </span>
     <span class='ocr_line' id='line_1_20' title="bbox 140 2107 1264 2176; baseline 0.005 -22"><span class='ocrx_word' id='word_1_157' title='bbox 140 2119 159 2166; x_wconf 86' lang='lat' dir='ltr'><strong>p.</strong></span> <span class='ocrx_word' id='word_1_158' title='bbox 175 2107 234 2156; x_wconf 70' lang='lat'><strong>2249</strong></span> <span class='ocrx_word' id='word_1_159' title='bbox 246 2111 281 2158; x_wconf 91' lang='lat' dir='ltr'><strong>P:</strong></span> <span class='ocrx_word' id='word_1_160' title='bbox 302 2111 444 2160; x_wconf 85' lang='lat' dir='ltr'><strong>‘luucutua</strong></span> <span class='ocrx_word' id='word_1_161' title='bbox 457 2109 612 2172; x_wconf 86' lang='lat' dir='ltr'><strong>multitudo,</strong></span> <span class='ocrx_word' id='word_1_162' title='bbox 631 2111 746 2160; x_wconf 85' lang='lat' dir='ltr'><strong>iuuenta</strong></span> <span class='ocrx_word' id='word_1_163' title='bbox 758 2111 821 2172; x_wconf 86' lang='lat' dir='ltr'><strong>dea,</strong></span> <span class='ocrx_word' id='word_1_164' title='bbox 841 2117 871 2159; x_wconf 85' lang='lat' dir='ltr'><strong>at</strong></span> <span class='ocrx_word' id='word_1_165' title='bbox 885 2112 1012 2160; x_wconf 81' lang='lat' dir='ltr'><strong>iuuentus</strong></span> <span class='ocrx_word' id='word_1_166' title='bbox 1026 2111 1125 2160; x_wconf 84' lang='lat' dir='ltr'><strong>actos.&#39;</strong></span> <span class='ocrx_word' id='word_1_167' title='bbox 1160 2111 1264 2176; x_wconf 83' lang='lat' dir='ltr'><strong>Agroe-</strong></span> 
     </span>
     <span class='ocr_line' id='line_1_21' title="bbox 140 2173 1264 2240; baseline 0.007 -22"><span class='ocrx_word' id='word_1_168' title='bbox 140 2173 185 2222; x_wconf 80' lang='lat' dir='ltr'><strong>tius</strong></span> <span class='ocrx_word' id='word_1_169' title='bbox 200 2192 223 2240; x_wconf 87' lang='lat' dir='ltr'><strong>p.</strong></span> <span class='ocrx_word' id='word_1_170' title='bbox 241 2176 308 2225; x_wconf 67' lang='lat'>‘227⁴</span> <span class='ocrx_word' id='word_1_171' title='bbox 327 2177 362 2226; x_wconf 86' lang='lat' dir='ltr'><strong>P:</strong></span> <span class='ocrx_word' id='word_1_172' title='bbox 388 2177 528 2228; x_wconf 83' lang='lat' dir='ltr'><strong>‘quentas</strong></span> <span class='ocrx_word' id='word_1_173' title='bbox 547 2177 626 2228; x_wconf 86' lang='lat' dir='ltr'><strong>multi</strong></span> <span class='ocrx_word' id='word_1_174' title='bbox 645 2179 759 2228; x_wconf 85' lang='lat' dir='ltr'><strong>iuuenes</strong></span> <span class='ocrx_word' id='word_1_175' title='bbox 777 2180 913 2237; x_wconf 83' lang='lat' dir='ltr'><strong>dicuntur,</strong></span> <span class='ocrx_word' id='word_1_176' title='bbox 933 2180 1062 2228; x_wconf 84' lang='lat' dir='ltr'><strong>iuuentus</strong></span> <span class='ocrx_word' id='word_1_177' title='bbox 1081 2180 1161 2228; x_wconf 86' lang='lat' dir='ltr'><strong>unius</strong></span> <span class='ocrx_word' id='word_1_178' title='bbox 1178 2179 1264 2228; x_wconf 87' lang='lat' dir='ltr'><strong>homi-</strong></span> 
     </span>
     <span class='ocr_line' id='line_1_22' title="bbox 140 2241 1265 2311; baseline 0.008 -25"><span class='ocrx_word' id='word_1_179' title='bbox 140 2241 174 2289; x_wconf 86' lang='lat' dir='ltr'><strong>nis</strong></span> <span class='ocrx_word' id='word_1_180' title='bbox 189 2251 226 2293; x_wconf 86' lang='lat' dir='ltr'><strong>est</strong></span> <span class='ocrx_word' id='word_1_181' title='bbox 248 2251 340 2306; x_wconf 80' lang='lat' dir='ltr'><strong>aetas,</strong></span> <span class='ocrx_word' id='word_1_182' title='bbox 362 2246 474 2294; x_wconf 85' lang='lat' dir='ltr'><strong>iuuenta</strong></span> <span class='ocrx_word' id='word_1_183' title='bbox 498 2246 551 2295; x_wconf 89' lang='lat' dir='ltr'><strong>dea</strong></span> <span class='ocrx_word' id='word_1_184' title='bbox 578 2247 638 2310; x_wconf 85' lang='lat' dir='ltr'><strong>ipsu</strong></span> <span class='ocrx_word' id='word_1_185' title='bbox 660 2251 691 2295; x_wconf 92' lang='lat' dir='ltr'><strong>ut</strong></span> <span class='ocrx_word' id='word_1_186' title='bbox 707 2247 809 2296; x_wconf 83' lang='lat' dir='ltr'><strong>Graeci</strong></span> <span class='ocrx_word' id='word_1_187' title='bbox 827 2246 923 2296; x_wconf 88' lang='lat' dir='ltr'><strong>dieunt</strong></span> <span class='ocrx_word' id='word_1_188' title='bbox 942 2252 990 2295; x_wconf 85' lang='lat' dir='ltr'><strong>aut</strong></span> <span class='ocrx_word' id='word_1_189' title='bbox 1013 2251 1127 2311; x_wconf 86' lang='lat' dir='ltr'><strong>poetae,</strong></span> <span class='ocrx_word' id='word_1_190' title='bbox 1152 2247 1265 2296; x_wconf 90' lang='lat' dir='ltr'><strong>lunonis</strong></span> 
     </span>
     <span class='ocr_line' id='line_1_23' title="bbox 140 2307 1263 2378; baseline 0.006 -23"><span class='ocrx_word' id='word_1_191' title='bbox 140 2307 194 2372; x_wconf 78' lang='lat' dir='ltr'><strong>lilia¹</strong></span> <span class='ocrx_word' id='word_1_192' title='bbox 215 2327 280 2361; x_wconf 77' lang='lat' dir='ltr'><strong>uxor</strong></span> <span class='ocrx_word' id='word_1_193' title='bbox 295 2312 439 2376; x_wconf 81' lang='lat' dir='ltr'><strong>Herculis,</strong></span> <span class='ocrx_word' id='word_1_194' title='bbox 460 2329 476 2362; x_wconf 91' lang='lat' dir='ltr'><strong>a</strong></span> <span class='ocrx_word' id='word_1_195' title='bbox 496 2329 550 2378; x_wconf 83' lang='lat' dir='ltr'><strong>qua</strong></span> <span class='ocrx_word' id='word_1_196' title='bbox 568 2314 675 2362; x_wconf 89' lang='lat' dir='ltr'><strong>Iunium</strong></span> <span class='ocrx_word' id='word_1_197' title='bbox 694 2329 815 2364; x_wconf 85' lang='lat' dir='ltr'><strong>mensem</strong></span> <span class='ocrx_word' id='word_1_198' title='bbox 835 2313 1004 2378; x_wconf 80' lang='lat' dir='ltr'><strong>appellatum</strong></span> <span class='ocrx_word' id='word_1_199' title='bbox 1028 2315 1055 2362; x_wconf 91' lang='lat' dir='ltr'><strong>in</strong></span> <span class='ocrx_word' id='word_1_200' title='bbox 1079 2313 1158 2362; x_wconf 88' lang='lat' dir='ltr'><strong>libris</strong></span> <span class='ocrx_word' id='word_1_201' title='bbox 1177 2315 1263 2363; x_wconf 82' lang='lat' dir='ltr'><strong>fasto-</strong></span> 
     </span>
     <span class='ocr_line' id='line_1_24' title="bbox 139 2377 1263 2446; baseline 0.003 -19"><span class='ocrx_word' id='word_1_202' title='bbox 139 2377 339 2444; x_wconf 62' lang='lat' dir='ltr'><strong>reelegimus)</strong></span> <span class='ocrx_word' id='word_1_203' title='bbox 374 2381 519 2446; x_wconf 78' lang='lat' dir='ltr'><strong>Appendix</strong></span> <span class='ocrx_word' id='word_1_204' title='bbox 537 2381 572 2430; x_wconf 84' lang='lat' dir='ltr'><strong>ad</strong></span> <span class='ocrx_word' id='word_1_205' title='bbox 592 2381 675 2432; x_wconf 86' lang='lat' dir='ltr'><strong>Probi</strong></span> <span class='ocrx_word' id='word_1_206' title='bbox 699 2387 784 2430; x_wconf 87' lang='lat' dir='ltr'><strong>artem</strong></span> <span class='ocrx_word' id='word_1_207' title='bbox 809 2383 940 2430; x_wconf 76' lang='lat' dir='ltr'><strong>minorem</strong></span> <span class='ocrx_word' id='word_1_208' title='bbox 959 2399 984 2446; x_wconf 85' lang='lat' dir='ltr'><strong>p.</strong></span> <span class='ocrx_word' id='word_1_209' title='bbox 1003 2381 1052 2430; x_wconf 72' lang='lat'><strong>447</strong></span> <span class='ocrx_word' id='word_1_210' title='bbox 1078 2397 1103 2430; x_wconf 91' lang='lat' dir='ltr'><strong>n.</strong></span> <span class='ocrx_word' id='word_1_211' title='bbox 1122 2380 1169 2430; x_wconf 80' lang='lat'><strong>53:</strong></span> <span class='ocrx_word' id='word_1_212' title='bbox 1207 2382 1263 2430; x_wconf 86' lang='lat' dir='ltr'><strong>‘In-</strong></span> 
     </span>
     <span class='ocr_line' id='line_1_25' title="bbox 139 2446 1264 2513; baseline 0.006 -23"><span class='ocrx_word' id='word_1_213' title='bbox 139 2449 173 2491; x_wconf 83' lang='lat' dir='ltr'><strong>ter</strong></span> <span class='ocrx_word' id='word_1_214' title='bbox 188 2446 354 2497; x_wconf 70' lang='lat' dir='ltr'><strong>iuuentutem</strong></span> <span class='ocrx_word' id='word_1_215' title='bbox 373 2455 401 2497; x_wconf 89' lang='lat' dir='ltr'><strong>et</strong></span> <span class='ocrx_word' id='word_1_216' title='bbox 420 2449 589 2498; x_wconf 88' lang='lat' dir='ltr'><strong>iuuentutem</strong></span> <span class='ocrx_word' id='word_1_217' title='bbox 603 2449 654 2499; x_wconf 87' lang='lat' dir='ltr'><strong>hoc</strong></span> <span class='ocrx_word' id='word_1_218' title='bbox 667 2451 791 2509; x_wconf 80' lang='lat' dir='ltr'><strong>interest,</strong></span> <span class='ocrx_word' id='word_1_219' title='bbox 812 2449 881 2513; x_wconf 90' lang='lat' dir='ltr'><strong>quod</strong></span> <span class='ocrx_word' id='word_1_220' title='bbox 895 2450 1063 2498; x_wconf 78' lang='lat' dir='ltr'><strong>iuuentutem</strong></span> <span class='ocrx_word' id='word_1_221' title='bbox 1077 2449 1156 2498; x_wconf 84' lang='lat' dir='ltr'><strong>deam</strong></span> <span class='ocrx_word' id='word_1_222' title='bbox 1169 2449 1264 2498; x_wconf 89' lang='lat' dir='ltr'><strong>iuuen-</strong></span> 
     </span>
     <span class='ocr_line' id='line_1_26' title="bbox 139 2515 1266 2582; baseline 0.004 -23"><span class='ocrx_word' id='word_1_223' title='bbox 139 2516 176 2560; x_wconf 83' lang='lat' dir='ltr'><strong>tae</strong></span> <span class='ocrx_word' id='word_1_224' title='bbox 191 2515 336 2580; x_wconf 79' lang='lat' dir='ltr'><strong>significet,</strong></span> <span class='ocrx_word' id='word_1_225' title='bbox 357 2516 497 2566; x_wconf 82' lang='lat' dir='ltr'><strong>iuuentem</strong></span> <span class='ocrx_word' id='word_1_226' title='bbox 517 2523 608 2566; x_wconf 75' lang='lat' dir='ltr'><strong>saitem</strong></span> <span class='ocrx_word' id='word_1_227' title='bbox 628 2522 749 2566; x_wconf 82' lang='lat' dir='ltr'><strong>aetutem</strong></span> <span class='ocrx_word' id='word_1_228' title='bbox 768 2517 906 2582; x_wconf 82' lang='lat' dir='ltr'><strong>designet,</strong></span> <span class='ocrx_word' id='word_1_229' title='bbox 925 2518 1095 2566; x_wconf 87' lang='lat' dir='ltr'><strong>iuuentutem</strong></span> <span class='ocrx_word' id='word_1_230' title='bbox 1113 2532 1179 2566; x_wconf 89' lang='lat' dir='ltr'><strong>uero</strong></span> <span class='ocrx_word' id='word_1_231' title='bbox 1197 2516 1266 2564; x_wconf 89' lang='lat' dir='ltr'><strong>mul-</strong></span> 
     </span>
     <span class='ocr_line' id='line_1_27' title="bbox 139 2579 1265 2648; baseline 0.005 -22"><span class='ocrx_word' id='word_1_232' title='bbox 139 2579 267 2634; x_wconf 86' lang='lat' dir='ltr'><strong>titudinem</strong></span> <span class='ocrx_word' id='word_1_233' title='bbox 290 2585 420 2632; x_wconf 88' lang='lat' dir='ltr'><strong>iuuenum</strong></span> <span class='ocrx_word' id='word_1_234' title='bbox 444 2599 505 2634; x_wconf 80' lang='lat' dir='ltr'><strong>esse</strong></span> <span class='ocrx_word' id='word_1_235' title='bbox 530 2583 717 2634; x_wconf 64' lang='lat' dir='ltr'><strong>demonstret!</strong></span> <span class='ocrx_word' id='word_1_236' title='bbox 742 2611 774 2620; x_wconf 94' lang='lat'>—</span> <span class='ocrx_word' id='word_1_237' title='bbox 814 2585 919 2634; x_wconf 85' lang='lat' dir='ltr'><strong>Nonius</strong></span> <span class='ocrx_word' id='word_1_238' title='bbox 943 2601 968 2648; x_wconf 87' lang='lat' dir='ltr'><strong>p.</strong></span> <span class='ocrx_word' id='word_1_239' title='bbox 988 2583 1051 2635; x_wconf 75' lang='lat'><strong>4³3:</strong></span> <span class='ocrx_word' id='word_1_240' title='bbox 1078 2586 1218 2633; x_wconf 83' lang='lat' dir='ltr'><strong>‘iuuentus</strong></span> <span class='ocrx_word' id='word_1_241' title='bbox 1237 2589 1265 2632; x_wconf 88' lang='lat' dir='ltr'><strong>et</strong></span> 
     </span>
     <span class='ocr_line' id='line_1_28' title="bbox 139 2645 1265 2710; baseline 0.004 -15"><span class='ocrx_word' id='word_1_242' title='bbox 139 2645 235 2700; x_wconf 83' lang='lat' dir='ltr'><strong>iuuenta</strong></span> <span class='ocrx_word' id='word_1_243' title='bbox 260 2657 288 2700; x_wconf 89' lang='lat' dir='ltr'><strong>et</strong></span> <span class='ocrx_word' id='word_1_244' title='bbox 312 2651 474 2701; x_wconf 85' lang='lat' dir='ltr'><strong>iuuenilitas</strong></span> <span class='ocrx_word' id='word_1_245' title='bbox 498 2652 628 2701; x_wconf 81' lang='lat' dir='ltr'><strong>differunt</strong></span> <span class='ocrx_word' id='word_1_246' title='bbox 650 2653 716 2703; x_wconf 91' lang='lat' dir='ltr'><strong>hoc:</strong></span> <span class='ocrx_word' id='word_1_247' title='bbox 745 2654 874 2702; x_wconf 89' lang='lat' dir='ltr'><strong>iuuentus</strong></span> <span class='ocrx_word' id='word_1_248' title='bbox 897 2654 1024 2710; x_wconf 81' lang='lat' dir='ltr'><strong>iuuenes,</strong></span> <span class='ocrx_word' id='word_1_249' title='bbox 1049 2653 1162 2701; x_wconf 88' lang='lat' dir='ltr'><strong>iuuenta</strong></span> <span class='ocrx_word' id='word_1_250' title='bbox 1185 2656 1265 2701; x_wconf 84' lang='lat' dir='ltr'><strong>aetas</strong></span> 
     </span>
     <span class='ocr_line' id='line_1_29' title="bbox 139 2713 1265 2785; baseline 0.005 -22"><span class='ocrx_word' id='word_1_251' title='bbox 139 2713 200 2778; x_wconf 83' lang='lat' dir='ltr'><strong>ipsa,</strong></span> <span class='ocrx_word' id='word_1_252' title='bbox 225 2719 390 2769; x_wconf 81' lang='lat' dir='ltr'><strong>iuuenilitas</strong></span> <span class='ocrx_word' id='word_1_253' title='bbox 414 2721 485 2784; x_wconf 89' lang='lat' dir='ltr'><strong>quod</strong></span> <span class='ocrx_word' id='word_1_254' title='bbox 508 2735 601 2770; x_wconf 86' lang='lat' dir='ltr'><strong>ormen</strong></span> <span class='ocrx_word' id='word_1_255' title='bbox 619 2719 663 2770; x_wconf 90' lang='lat' dir='ltr'><strong>uel</strong></span> <span class='ocrx_word' id='word_1_256' title='bbox 682 2717 800 2785; x_wconf 85' lang='lat' dir='ltr'><strong>phathos</strong></span> <span class='ocrx_word' id='word_1_257' title='bbox 818 2725 923 2770; x_wconf 88' lang='lat' dir='ltr'><strong>nocant</strong></span> <span class='ocrx_word' id='word_1_258' title='bbox 941 2719 1031 2770; x_wconf 82' lang='lat' dir='ltr'><strong>Greei.</strong></span> <span class='ocrx_word' id='word_1_259' title='bbox 1068 2720 1144 2783; x_wconf 83' lang='lat' dir='ltr'><strong>Virg.</strong></span> <span class='ocrx_word' id='word_1_260' title='bbox 1169 2735 1265 2784; x_wconf 80' lang='lat' dir='ltr'><strong>georg.</strong></span> 
     </span>
     <span class='ocr_line' id='line_1_30' title="bbox 139 2779 1266 2852; baseline 0.006 -23"><span class='ocrx_word' id='word_1_261' title='bbox 139 2779 179 2832; x_wconf 89' lang='lat' dir='ltr'><strong>lib.</strong></span> <span class='ocrx_word' id='word_1_262' title='bbox 196 2787 245 2836; x_wconf 89' lang='lat' dir='ltr'><strong>lll:</strong></span> <span class='ocrx_word' id='word_1_263' title='bbox 276 2787 312 2836; x_wconf 82' lang='lat' dir='ltr'><strong>Et</strong></span> <span class='ocrx_word' id='word_1_264' title='bbox 334 2788 445 2852; x_wconf 83' lang='lat' dir='ltr'><strong>petiens</strong></span> <span class='ocrx_word' id='word_1_265' title='bbox 468 2789 559 2852; x_wconf 78' lang='lat' dir='ltr'><strong>operis</strong></span> <span class='ocrx_word' id='word_1_266' title='bbox 582 2803 722 2852; x_wconf 82' lang='lat' dir='ltr'><strong>paruoque</strong></span> <span class='ocrx_word' id='word_1_267' title='bbox 746 2788 861 2838; x_wconf 84' lang='lat' dir='ltr'><strong>adsueta</strong></span> <span class='ocrx_word' id='word_1_268' title='bbox 886 2789 1022 2838; x_wconf 86' lang='lat' dir='ltr'><strong>iuuentus.</strong></span> <span class='ocrx_word' id='word_1_269' title='bbox 1065 2787 1213 2836; x_wconf 74' lang='lat' dir='ltr'><strong>Sallustius</strong></span> <span class='ocrx_word' id='word_1_270' title='bbox 1237 2789 1266 2836; x_wconf 91' lang='lat' dir='ltr'><strong>in</strong></span> 
     </span>
     <span class='ocr_line' id='line_1_31' title="bbox 141 2849 1264 2919; baseline 0.007 -23"><span class='ocrx_word' id='word_1_271' title='bbox 141 2849 263 2903; x_wconf 70' lang='lat' dir='ltr'><strong>Catilinae</strong></span> <span class='ocrx_word' id='word_1_272' title='bbox 283 2853 371 2904; x_wconf 85' lang='lat' dir='ltr'><strong>bello:</strong></span> <span class='ocrx_word' id='word_1_273' title='bbox 396 2856 491 2919; x_wconf 84' lang='lat' dir='ltr'><strong>Ibique</strong></span> <span class='ocrx_word' id='word_1_274' title='bbox 515 2857 687 2905; x_wconf 89' lang='lat' dir='ltr'><strong>iuuentutem</strong></span> <span class='ocrx_word' id='word_1_275' title='bbox 709 2871 786 2905; x_wconf 87' lang='lat' dir='ltr'><strong>suam</strong></span> <span class='ocrx_word' id='word_1_276' title='bbox 812 2857 944 2906; x_wconf 83' lang='lat' dir='ltr'><strong>exercuit.</strong></span> <span class='ocrx_word' id='word_1_277' title='bbox 980 2857 1052 2906; x_wconf 88' lang='lat' dir='ltr'><strong>idem</strong></span> <span class='ocrx_word' id='word_1_278' title='bbox 1075 2857 1104 2904; x_wconf 89' lang='lat' dir='ltr'><strong>iu</strong></span> <span class='ocrx_word' id='word_1_279' title='bbox 1128 2855 1264 2904; x_wconf 68' lang='lat' dir='ltr'><strong>Catilinas</strong></span> 
     </span>
     <span class='ocr_line' id='line_1_32' title="bbox 140 2917 1265 2988; baseline 0.007 -24"><span class='ocrx_word' id='word_1_280' title='bbox 140 2917 192 2968; x_wconf 82' lang='lat' dir='ltr'><strong>b&#39;cio</strong></span> <span class='ocrx_word' id='word_1_281' title='bbox 207 2922 291 2972; x_wconf 80' lang='lat' dir='ltr'><strong>luisse</strong></span> <span class='ocrx_word' id='word_1_282' title='bbox 316 2922 473 2980; x_wconf 84' lang='lat' dir='ltr'><strong>nonnullos,</strong></span> <span class='ocrx_word' id='word_1_283' title='bbox 498 2925 543 2988; x_wconf 88' lang='lat' dir='ltr'><strong>qui</strong></span> <span class='ocrx_word' id='word_1_284' title='bbox 566 2924 606 2972; x_wconf 91' lang='lat' dir='ltr'><strong>ita</strong></span> <span class='ocrx_word' id='word_1_285' title='bbox 630 2925 840 2985; x_wconf 78' lang='lat' dir='ltr'><strong>existumarent,</strong></span> <span class='ocrx_word' id='word_1_286' title='bbox 864 2924 1034 2972; x_wconf 87' lang='lat' dir='ltr'><strong>iuuentutem</strong></span> <span class='ocrx_word' id='word_1_287' title='bbox 1064 2939 1135 2988; x_wconf 88' lang='lat' dir='ltr'><strong>quae</strong></span> <span class='ocrx_word' id='word_1_288' title='bbox 1158 2924 1265 2973; x_wconf 88' lang='lat' dir='ltr'><strong>domum</strong></span> 
     </span>
     <span class='ocr_line' id='line_1_33' title="bbox 140 2985 1265 3056; baseline 0.004 -22"><span class='ocrx_word' id='word_1_289' title='bbox 140 2985 262 3040; x_wconf 69' lang='lat' dir='ltr'><strong>llatilinae</strong></span> <span class='ocrx_word' id='word_1_290' title='bbox 276 2990 501 3054; x_wconf 77' lang='lat' dir='ltr'><strong>frequentabant.</strong></span> <span class='ocrx_word' id='word_1_291' title='bbox 539 2991 613 3056; x_wconf 84' lang='lat' dir='ltr'><strong>Virg.</strong></span> <span class='ocrx_word' id='word_1_292' title='bbox 633 3007 727 3056; x_wconf 81' lang='lat' dir='ltr'><strong>georg.</strong></span> <span class='ocrx_word' id='word_1_293' title='bbox 746 2991 794 3040; x_wconf 91' lang='lat' dir='ltr'><strong>lib.</strong></span> <span class='ocrx_word' id='word_1_294' title='bbox 814 2993 868 3042; x_wconf 93' lang='lat' dir='ltr'><strong>lll:</strong></span> <span class='ocrx_word' id='word_1_295' title='bbox 899 2994 1025 3053; x_wconf 76' lang='lat' dir='ltr'><strong>Interea,</strong></span> <span class='ocrx_word' id='word_1_296' title='bbox 1045 2997 1157 3056; x_wconf 76' lang='lat' dir='ltr'><strong>eriperet</strong></span> <span class='ocrx_word' id='word_1_297' title='bbox 1175 2992 1265 3056; x_wconf 83' lang='lat' dir='ltr'><strong>gregi·</strong></span> 
     </span>
     <span class='ocr_line' id='line_1_34' title="bbox 141 3051 1266 3129; baseline 0.003 -25"><span class='ocrx_word' id='word_1_298' title='bbox 141 3051 179 3129; x_wconf 68' lang='lat' dir='ltr'><strong>bus</strong></span> <span class='ocrx_word' id='word_1_299' title='bbox 194 3072 253 3106; x_wconf 82' lang='lat' dir='ltr'><strong>cnm</strong></span> <span class='ocrx_word' id='word_1_300' title='bbox 271 3057 348 3107; x_wconf 84' lang='lat' dir='ltr'><strong>laeta</strong></span> <span class='ocrx_word' id='word_1_301' title='bbox 366 3059 507 3120; x_wconf 86' lang='lat' dir='ltr'><strong>iuuentus,</strong></span> <span class='ocrx_word' id='word_1_302' title='bbox 526 3059 607 3108; x_wconf 85' lang='lat' dir='ltr'><strong>Solue</strong></span> <span class='ocrx_word' id='word_1_303' title='bbox 626 3073 725 3108; x_wconf 82' lang='lat' dir='ltr'><strong>mares.</strong></span> <span class='ocrx_word' id='word_1_304' title='bbox 761 3059 848 3108; x_wconf 81' lang='lat' dir='ltr'><strong>Varro</strong></span> <span class='ocrx_word' id='word_1_305' title='bbox 862 3060 961 3109; x_wconf 88' lang='lat' dir='ltr'><strong>Titone</strong></span> <span class='ocrx_word' id='word_1_306' title='bbox 980 3059 1007 3122; x_wconf 87' lang='lat' dir='ltr'><strong>(i.</strong></span> <span class='ocrx_word' id='word_1_307' title='bbox 1021 3075 1043 3108; x_wconf 85' lang='lat' dir='ltr'><strong>e.</strong></span> <span class='ocrx_word' id='word_1_308' title='bbox 1058 3059 1188 3123; x_wconf 85' lang='lat' dir='ltr'><strong>Tithono)</strong></span> <span class='ocrx_word' id='word_1_309' title='bbox 1201 3053 1266 3122; x_wconf 76' lang='grc' dir='ltr'><strong>περὶ</strong></span> 
     </span>
     <span class='ocr_line' id='line_1_35' title="bbox 141 3125 909 3192; baseline 0.005 -20"><span class='ocrx_word' id='word_1_310' title='bbox 141 3135 229 3186; x_wconf 66' lang='lat' dir='ltr'><strong>larue:</strong></span> <span class='ocrx_word' id='word_1_311' title='bbox 252 3127 342 3187; x_wconf 86' lang='lat' dir='ltr'><strong>Quam</strong></span> <span class='ocrx_word' id='word_1_312' title='bbox 360 3125 509 3190; x_wconf 81' lang='lat' dir='ltr'><strong>dereliquit</strong></span> <span class='ocrx_word' id='word_1_313' title='bbox 526 3127 709 3192; x_wconf 87' lang='lat' dir='ltr'><strong>multicupidu</strong></span> <span class='ocrx_word' id='word_1_314' title='bbox 726 3126 909 3176; x_wconf 82' lang='lat' dir='ltr'><strong>iuuenilltas.&#39;</strong></span> 
     </span>
    </p>

    <p class='ocr_par' dir='ltr' id='par_1_7' title="bbox 143 3191 1267 3732">
     <span class='ocr_line' id='line_1_36' title="bbox 195 3191 1266 3259; baseline 0.001 -18"><span class='ocrx_word' id='word_1_315' title='bbox 195 3193 337 3243; x_wconf 80' lang='lat' dir='ltr'><strong>lruntolare</strong></span> <span class='ocrx_word' id='word_1_316' title='bbox 351 3197 380 3243; x_wconf 88' lang='lat' dir='ltr'><strong>et</strong></span> <span class='ocrx_word' id='word_1_317' title='bbox 397 3191 569 3259; x_wconf 76' lang='lat' dir='ltr'><strong>mactarelbl</strong></span> <span class='ocrx_word' id='word_1_318' title='bbox 588 3211 614 3258; x_wconf 93' lang='lat' dir='ltr'><strong>p.</strong></span> <span class='ocrx_word' id='word_1_319' title='bbox 636 3193 681 3244; x_wconf 86' lang='lat'><strong>101</strong></span> <span class='ocrx_word' id='word_1_320' title='bbox 695 3209 722 3247; x_wconf 89' lang='lat' dir='ltr'><strong>n.</strong></span> <span class='ocrx_word' id='word_1_321' title='bbox 738 3193 798 3244; x_wconf 80' lang='lat'>181:</span> <span class='ocrx_word' id='word_1_322' title='bbox 819 3195 974 3245; x_wconf 84' lang='lat' dir='ltr'><strong>‘lrnrnolare</strong></span> <span class='ocrx_word' id='word_1_323' title='bbox 988 3195 1097 3254; x_wconf 87' lang='lat' dir='ltr'><strong>dicitur,</strong></span> <span class='ocrx_word' id='word_1_324' title='bbox 1118 3209 1179 3244; x_wconf 88' lang='lat' dir='ltr'><strong>cum</strong></span> <span class='ocrx_word' id='word_1_325' title='bbox 1191 3194 1266 3252; x_wconf 77' lang='lat' dir='ltr'><strong>inula</strong></span> 
     </span>
     <span class='ocr_line' id='line_1_37' title="bbox 143 3257 1265 3326; baseline 0.002 -20"><span class='ocrx_word' id='word_1_326' title='bbox 143 3257 222 3316; x_wconf 79' lang='lat' dir='ltr'><strong>[moles</strong></span> <span class='ocrx_word' id='word_1_327' title='bbox 239 3260 315 3312; x_wconf 81' lang='lat' dir='ltr'><strong>salsa</strong></span> <span class='ocrx_word' id='word_1_328' title='bbox 335 3261 465 3325; x_wconf 82' lang='lat' dir='ltr'><strong>Gotlafr.)</strong></span> <span class='ocrx_word' id='word_1_329' title='bbox 485 3263 512 3310; x_wconf 91' lang='lat' dir='ltr'><strong>in</strong></span> <span class='ocrx_word' id='word_1_330' title='bbox 532 3269 615 3326; x_wconf 87' lang='lat' dir='ltr'><strong>caput</strong></span> <span class='ocrx_word' id='word_1_331' title='bbox 633 3263 738 3311; x_wconf 83' lang='lat' dir='ltr'><strong>iniecta</strong></span> <span class='ocrx_word' id='word_1_332' title='bbox 751 3261 873 3323; x_wconf 89' lang='lat' dir='ltr'><strong>(adiecta</strong></span> <span class='ocrx_word' id='word_1_333' title='bbox 893 3263 1025 3326; x_wconf 76' lang='lat' dir='ltr'><strong>(latlosr.)</strong></span> <span class='ocrx_word' id='word_1_334' title='bbox 1044 3268 1096 3324; x_wconf 88' lang='lat' dir='ltr'><strong>est,</strong></span> <span class='ocrx_word' id='word_1_335' title='bbox 1116 3266 1265 3310; x_wconf 84' lang='lat' dir='ltr'><strong>mactatum</strong></span> 
     </span>
     <span class='ocr_line' id='line_1_38' title="bbox 143 3323 1265 3394; baseline 0.004 -22"><span class='ocrx_word' id='word_1_336' title='bbox 143 3323 182 3374; x_wconf 87' lang='lat' dir='ltr'><strong>hoc</strong></span> <span class='ocrx_word' id='word_1_337' title='bbox 194 3327 304 3391; x_wconf 79' lang='lat' dir='ltr'><strong>facturn,</strong></span> <span class='ocrx_word' id='word_1_338' title='bbox 324 3329 401 3394; x_wconf 83' lang='lat' dir='ltr'><strong>quasi</strong></span> <span class='ocrx_word' id='word_1_339' title='bbox 420 3331 509 3394; x_wconf 79' lang='lat' dir='ltr'><strong>magis</strong></span> <span class='ocrx_word' id='word_1_340' title='bbox 528 3328 658 3380; x_wconf 79' lang='lat' dir='ltr'><strong>auctum’</strong></span> <span class='ocrx_word' id='word_1_341' title='bbox 695 3329 805 3380; x_wconf 85' lang='lat' dir='ltr'><strong>Servius</strong></span> <span class='ocrx_word' id='word_1_342' title='bbox 823 3331 892 3380; x_wconf 78' lang='lat' dir='ltr'><strong>Aen.</strong></span> <span class='ocrx_word' id='word_1_343' title='bbox 906 3331 1020 3379; x_wconf 77' lang='lat'><strong>111157:</strong></span> <span class='ocrx_word' id='word_1_344' title='bbox 1039 3327 1177 3392; x_wconf 81' lang='lat' dir='ltr'><strong>Mactant]</strong></span> <span class='ocrx_word' id='word_1_345' title='bbox 1197 3333 1265 3376; x_wconf 78' lang='lat' dir='ltr'><strong>‘uer-</strong></span> 
     </span>
     <span class='ocr_line' id='line_1_39' title="bbox 144 3387 1267 3463; baseline 0.002 -22"><span class='ocrx_word' id='word_1_346' title='bbox 144 3391 192 3442; x_wconf 83' lang='lat' dir='ltr'><strong>barn</strong></span> <span class='ocrx_word' id='word_1_347' title='bbox 208 3411 356 3459; x_wconf 84' lang='lat' dir='ltr'><strong>sacrorum,</strong></span> <span class='ocrx_word' id='word_1_348' title='bbox 376 3387 442 3446; x_wconf 75' lang='grc' dir='ltr'><strong>κατ’</strong></span> <span class='ocrx_word' id='word_1_349' title='bbox 460 3391 642 3463; x_wconf 72' lang='grc' dir='ltr'>εὐφημισμὸν</span> <span class='ocrx_word' id='word_1_350' title='bbox 660 3399 776 3458; x_wconf 82' lang='lat' dir='ltr'><strong>dictum,</strong></span> <span class='ocrx_word' id='word_1_351' title='bbox 797 3398 876 3463; x_wconf 78' lang='lat' dir='ltr'><strong>quusi</strong></span> <span class='ocrx_word' id='word_1_352' title='bbox 894 3399 983 3461; x_wconf 76' lang='lat' dir='ltr'><strong>magis</strong></span> <span class='ocrx_word' id='word_1_353' title='bbox 1001 3403 1124 3458; x_wconf 86' lang='lat' dir='ltr'><strong>auctum,</strong></span> <span class='ocrx_word' id='word_1_354' title='bbox 1147 3395 1219 3446; x_wconf 87' lang='lat' dir='ltr'><strong>unde</strong></span> <span class='ocrx_word' id='word_1_355' title='bbox 1239 3399 1267 3444; x_wconf 88' lang='lat' dir='ltr'><strong>ct</strong></span> 
     </span>
     <span class='ocr_line' id='line_1_40' title="bbox 144 3463 1265 3530; baseline 0 -20"><span class='ocrx_word' id='word_1_356' title='bbox 144 3470 308 3526; x_wconf 72' lang='lat' dir='ltr'><strong>unguentum</strong></span> <span class='ocrx_word' id='word_1_357' title='bbox 328 3464 473 3526; x_wconf 81' lang='lat' dir='ltr'><strong>dicebant,</strong></span> <span class='ocrx_word' id='word_1_358' title='bbox 494 3467 572 3530; x_wconf 82' lang='lat' dir='ltr'><strong>qussi</strong></span> <span class='ocrx_word' id='word_1_359' title='bbox 590 3467 677 3514; x_wconf 87' lang='lat' dir='ltr'><strong>maius</strong></span> <span class='ocrx_word' id='word_1_360' title='bbox 697 3473 880 3529; x_wconf 81' lang='lat' dir='ltr'><strong>augmentum.</strong></span> <span class='ocrx_word' id='word_1_361' title='bbox 918 3465 981 3514; x_wconf 87' lang='lat' dir='ltr'><strong>olim</strong></span> <span class='ocrx_word' id='word_1_362' title='bbox 1002 3465 1072 3513; x_wconf 85' lang='lat' dir='ltr'><strong>enirn</strong></span> <span class='ocrx_word' id='word_1_363' title='bbox 1091 3463 1198 3514; x_wconf 79' lang='lat' dir='ltr'><strong>hostiae</strong></span> <span class='ocrx_word' id='word_1_364' title='bbox 1218 3465 1265 3510; x_wconf 88' lang='lat' dir='ltr'><strong>im·</strong></span> 
     </span>
     <span class='ocr_line' id='line_1_41' title="bbox 145 3529 1267 3594; baseline 0.001 -17"><span class='ocrx_word' id='word_1_365' title='bbox 145 3529 245 3580; x_wconf 83' lang='lat' dir='ltr'><strong>molatae</strong></span> <span class='ocrx_word' id='word_1_366' title='bbox 268 3533 435 3582; x_wconf 77' lang='lat' dir='ltr'><strong>dicebantur</strong></span> <span class='ocrx_word' id='word_1_367' title='bbox 456 3533 529 3582; x_wconf 85' lang='lat' dir='ltr'><strong>mula</strong></span> <span class='ocrx_word' id='word_1_368' title='bbox 552 3534 627 3584; x_wconf 82' lang='lat' dir='ltr'><strong>salsa</strong></span> <span class='ocrx_word' id='word_1_369' title='bbox 651 3539 758 3582; x_wconf 84' lang='lat' dir='ltr'><strong>tactae:</strong></span> <span class='ocrx_word' id='word_1_370' title='bbox 788 3549 847 3582; x_wconf 89' lang='lat' dir='ltr'><strong>curn</strong></span> <span class='ocrx_word' id='word_1_371' title='bbox 871 3549 936 3582; x_wconf 88' lang='lat' dir='ltr'><strong>uero</strong></span> <span class='ocrx_word' id='word_1_372' title='bbox 960 3535 1034 3581; x_wconf 79' lang='lat' dir='ltr'><strong>ictae</strong></span> <span class='ocrx_word' id='word_1_373' title='bbox 1059 3537 1087 3580; x_wconf 88' lang='lat' dir='ltr'><strong>et</strong></span> <span class='ocrx_word' id='word_1_374' title='bbox 1111 3530 1214 3594; x_wconf 85' lang='lat' dir='ltr'><strong>aliquid</strong></span> <span class='ocrx_word' id='word_1_375' title='bbox 1234 3545 1267 3578; x_wconf 79' lang='lat' dir='ltr'><strong>ex</strong></span> 
     </span>
     <span class='ocr_line' id='line_1_42' title="bbox 144 3595 1266 3666; baseline 0.002 -23"><span class='ocrx_word' id='word_1_376' title='bbox 144 3595 187 3646; x_wconf 86' lang='lat' dir='ltr'><strong>illis</strong></span> <span class='ocrx_word' id='word_1_377' title='bbox 201 3599 228 3648; x_wconf 93' lang='lat' dir='ltr'><strong>in</strong></span> <span class='ocrx_word' id='word_1_378' title='bbox 244 3615 319 3650; x_wconf 87' lang='lat' dir='ltr'><strong>aram</strong></span> <span class='ocrx_word' id='word_1_379' title='bbox 338 3600 431 3650; x_wconf 88' lang='lat' dir='ltr'><strong>datum</strong></span> <span class='ocrx_word' id='word_1_380' title='bbox 444 3607 584 3651; x_wconf 81' lang='lat' dir='ltr'><strong>mactatae</strong></span> <span class='ocrx_word' id='word_1_381' title='bbox 598 3601 762 3651; x_wconf 81' lang='lat' dir='ltr'><strong>dicebantur</strong></span> <span class='ocrx_word' id='word_1_382' title='bbox 778 3617 828 3666; x_wconf 81' lang='lat' dir='ltr'><strong>per</strong></span> <span class='ocrx_word' id='word_1_383' title='bbox 839 3601 1039 3660; x_wconf 87' lang='lat' dir='ltr'><strong>laudationem,</strong></span> <span class='ocrx_word' id='word_1_384' title='bbox 1058 3613 1108 3663; x_wconf 88' lang='lat' dir='ltr'><strong>per</strong></span> <span class='ocrx_word' id='word_1_385' title='bbox 1123 3599 1188 3647; x_wconf 93' lang='lat' dir='ltr'><strong>boni</strong></span> <span class='ocrx_word' id='word_1_386' title='bbox 1202 3598 1266 3646; x_wconf 89' lang='lat' dir='ltr'><strong>omi·</strong></span> 
     </span>
     <span class='ocr_line' id='line_1_43' title="bbox 144 3663 1265 3732; baseline 0.003 -21"><span class='ocrx_word' id='word_1_387' title='bbox 144 3665 176 3712; x_wconf 82' lang='lat' dir='ltr'><strong>nis</strong></span> <span class='ocrx_word' id='word_1_388' title='bbox 187 3667 426 3731; x_wconf 71' lang='lat' dir='ltr'><strong>significationem,</strong></span> <span class='ocrx_word' id='word_1_389' title='bbox 445 3675 474 3717; x_wconf 86' lang='lat' dir='ltr'><strong>ut</strong></span> <span class='ocrx_word' id='word_1_390' title='bbox 487 3669 607 3718; x_wconf 85' lang='lat' dir='ltr'><strong>adolere.</strong></span> <span class='ocrx_word' id='word_1_391' title='bbox 643 3684 707 3718; x_wconf 89' lang='lat' dir='ltr'><strong>nam</strong></span> <span class='ocrx_word' id='word_1_392' title='bbox 725 3673 847 3718; x_wconf 80' lang='lat' dir='ltr'><strong>mactare</strong></span> <span class='ocrx_word' id='word_1_393' title='bbox 862 3675 903 3718; x_wconf 82' lang='lat' dir='ltr'><strong>est</strong></span> <span class='ocrx_word' id='word_1_394' title='bbox 916 3667 1023 3732; x_wconf 87' lang='lat' dir='ltr'><strong>proprie</strong></span> <span class='ocrx_word' id='word_1_395' title='bbox 1038 3667 1126 3730; x_wconf 84' lang='lat' dir='ltr'><strong>magis</strong></span> <span class='ocrx_word' id='word_1_396' title='bbox 1144 3663 1265 3730; x_wconf 63' lang='lat' dir='ltr'><strong>augere)</strong></span> 
     </span>
    </p>

    <p class='ocr_par' dir='ltr' id='par_1_8' title="bbox 145 3731 1269 3922">
     <span class='ocr_line' id='line_1_44' title="bbox 198 3731 1268 3802; baseline -0.001 -20"><span class='ocrx_word' id='word_1_397' title='bbox 198 3731 296 3785; x_wconf 85' lang='lat' dir='ltr'><strong>iteret</strong></span> <span class='ocrx_word' id='word_1_398' title='bbox 318 3733 413 3801; x_wconf 84' lang='lat' dir='ltr'><strong>itiner]</strong></span> <span class='ocrx_word' id='word_1_399' title='bbox 438 3737 461 3786; x_wconf 85' lang='lat' dir='ltr'><strong>G</strong></span> <span class='ocrx_word' id='word_1_400' title='bbox 480 3753 505 3802; x_wconf 90' lang='lat' dir='ltr'><strong>p.</strong></span> <span class='ocrx_word' id='word_1_401' title='bbox 528 3735 573 3786; x_wconf 91' lang='grc'><strong>101</strong></span> <span class='ocrx_word' id='word_1_402' title='bbox 593 3753 620 3786; x_wconf 92' lang='lat' dir='ltr'><strong>n.</strong></span> <span class='ocrx_word' id='word_1_403' title='bbox 641 3736 702 3786; x_wconf 80' lang='lat'>185:</span> <span class='ocrx_word' id='word_1_404' title='bbox 733 3737 799 3786; x_wconf 83' lang='lat' dir='ltr'><strong>‘lter</strong></span> <span class='ocrx_word' id='word_1_405' title='bbox 818 3752 869 3800; x_wconf 89' lang='lat' dir='ltr'><strong>quo</strong></span> <span class='ocrx_word' id='word_1_406' title='bbox 888 3737 970 3796; x_wconf 80' lang='lat' dir='ltr'><strong>imus,</strong></span> <span class='ocrx_word' id='word_1_407' title='bbox 993 3735 1110 3783; x_wconf 86' lang='lat' dir='ltr'><strong>itinera</strong></span> <span class='ocrx_word' id='word_1_408' title='bbox 1132 3735 1179 3782; x_wconf 85' lang='lat' dir='ltr'><strong>uia</strong></span> <span class='ocrx_word' id='word_1_409' title='bbox 1198 3733 1268 3781; x_wconf 88' lang='lat' dir='ltr'><strong>dici·</strong></span> 
     </span>
     <span class='ocr_line' id='line_1_45' title="bbox 145 3798 1269 3870; baseline -0.004 -15"><span class='ocrx_word' id='word_1_410' title='bbox 145 3798 194 3848; x_wconf 59' lang='lat' dir='ltr'><strong>rm)</strong></span> <span class='ocrx_word' id='word_1_411' title='bbox 211 3829 241 3838; x_wconf 80' lang='lat'>-</span> <span class='ocrx_word' id='word_1_412' title='bbox 277 3803 369 3870; x_wconf 85' lang='lat' dir='ltr'><strong>Caper</strong></span> <span class='ocrx_word' id='word_1_413' title='bbox 392 3805 426 3854; x_wconf 84' lang='lat' dir='ltr'><strong>de</strong></span> <span class='ocrx_word' id='word_1_414' title='bbox 450 3805 542 3856; x_wconf 80' lang='lat' dir='ltr'><strong>serbis</strong></span> <span class='ocrx_word' id='word_1_415' title='bbox 560 3805 650 3854; x_wconf 87' lang='lat' dir='ltr'><strong>dubiis</strong></span> <span class='ocrx_word' id='word_1_416' title='bbox 668 3821 694 3869; x_wconf 89' lang='lat' dir='ltr'><strong>p.</strong></span> <span class='ocrx_word' id='word_1_417' title='bbox 714 3803 781 3853; x_wconf 72' lang='lat'><strong>2249</strong></span> <span class='ocrx_word' id='word_1_418' title='bbox 798 3805 833 3852; x_wconf 90' lang='lat' dir='ltr'><strong>P:</strong></span> <span class='ocrx_word' id='word_1_419' title='bbox 860 3803 955 3852; x_wconf 81' lang='lat' dir='ltr'><strong>‘ltiner</strong></span> <span class='ocrx_word' id='word_1_420' title='bbox 972 3803 1000 3851; x_wconf 90' lang='lat' dir='ltr'><strong>in</strong></span> <span class='ocrx_word' id='word_1_421' title='bbox 1019 3803 1140 3862; x_wconf 80' lang='lat' dir='ltr'><strong>ratione,</strong></span> <span class='ocrx_word' id='word_1_422' title='bbox 1168 3802 1222 3850; x_wconf 86' lang='lat' dir='ltr'><strong>iter</strong></span> <span class='ocrx_word' id='word_1_423' title='bbox 1240 3801 1269 3850; x_wconf 90' lang='lat' dir='ltr'><strong>ln</strong></span> 
     </span>
     <span class='ocr_line' id='line_1_46' title="bbox 145 3871 346 3922; baseline 0.015 -3"><span class='ocrx_word' id='word_1_424' title='bbox 145 3871 346 3922; x_wconf 64' lang='lat' dir='ltr'><strong>eouuetndine!</strong></span> 
     </span>
    </p>

    <p class='ocr_par' dir='ltr' id='par_1_9' title="bbox 130 3935 1269 4151">
     <span class='ocr_line' id='line_1_47' title="bbox 199 3935 1269 4006; baseline -0.003 -20"><span class='ocrx_word' id='word_1_425' title='bbox 199 3937 304 3988; x_wconf 84' lang='lat' dir='ltr'><strong>Initium</strong></span> <span class='ocrx_word' id='word_1_426' title='bbox 332 3945 360 3990; x_wconf 90' lang='lat' dir='ltr'><strong>et</strong></span> <span class='ocrx_word' id='word_1_427' title='bbox 383 3937 556 4006; x_wconf 83' lang='lat' dir='ltr'><strong>principium]</strong></span> <span class='ocrx_word' id='word_1_428' title='bbox 583 3939 606 3988; x_wconf 84' lang='lat' dir='ltr'><strong>G</strong></span> <span class='ocrx_word' id='word_1_429' title='bbox 631 3956 656 4004; x_wconf 88' lang='lat' dir='ltr'><strong>p.</strong></span> <span class='ocrx_word' id='word_1_430' title='bbox 679 3938 726 3989; x_wconf 79' lang='lat'><strong>106</strong></span> <span class='ocrx_word' id='word_1_431' title='bbox 744 3955 770 3988; x_wconf 89' lang='lat' dir='ltr'><strong>n.</strong></span> <span class='ocrx_word' id='word_1_432' title='bbox 789 3939 852 3987; x_wconf 73' lang='lat'>251:</span> <span class='ocrx_word' id='word_1_433' title='bbox 878 3938 1053 4002; x_wconf 84' lang='lat' dir='ltr'><strong>‘Principium</strong></span> <span class='ocrx_word' id='word_1_434' title='bbox 1076 3935 1160 3986; x_wconf 77' lang='lat' dir='ltr'><strong>totius</strong></span> <span class='ocrx_word' id='word_1_435' title='bbox 1179 3935 1269 4000; x_wconf 81' lang='lat' dir='ltr'><strong>operis</strong></span> 
     </span>
     <span class='ocr_line' id='line_1_48' title="bbox 144 4003 1267 4072; baseline 0.003 -23"><span class='ocrx_word' id='word_1_436' title='bbox 144 4003 320 4072; x_wconf 83' lang='lat' dir='ltr'><strong>cuiuscumque</strong></span> <span class='ocrx_word' id='word_1_437' title='bbox 346 4023 427 4056; x_wconf 75' lang='lat' dir='ltr'><strong>uniam</strong></span> <span class='ocrx_word' id='word_1_438' title='bbox 451 4015 493 4058; x_wconf 87' lang='lat' dir='ltr'><strong>est</strong></span> <span class='ocrx_word' id='word_1_439' title='bbox 517 4007 595 4072; x_wconf 86' lang='lat' dir='ltr'><strong>quasi</strong></span> <span class='ocrx_word' id='word_1_440' title='bbox 613 4007 727 4072; x_wconf 84' lang='lat' dir='ltr'><strong>primum</strong></span> <span class='ocrx_word' id='word_1_441' title='bbox 751 4007 842 4072; x_wconf 83' lang='lat' dir='ltr'><strong>operis</strong></span> <span class='ocrx_word' id='word_1_442' title='bbox 861 4013 957 4070; x_wconf 83' lang='lat' dir='ltr'><strong>caput;</strong></span> <span class='ocrx_word' id='word_1_443' title='bbox 982 4006 1104 4062; x_wconf 84' lang='lat' dir='ltr'><strong>initium,</strong></span> <span class='ocrx_word' id='word_1_444' title='bbox 1125 4003 1196 4068; x_wconf 84' lang='lat' dir='ltr'><strong>quod</strong></span> <span class='ocrx_word' id='word_1_445' title='bbox 1214 4003 1267 4052; x_wconf 80' lang='lat' dir='ltr'><strong>l&#39;re-</strong></span> 
     </span>
     <span class='ocr_line' id='line_1_49' title="bbox 130 4073 1268 4151; baseline 0 -33"><span class='ocrx_word' id='word_1_446' title='bbox 130 4074 254 4151; x_wconf 48' lang='lat' dir='ltr'><strong>‘sendus</strong></span> <span class='ocrx_word' id='word_1_447' title='bbox 271 4073 459 4141; x_wconf 83' lang='lat' dir='ltr'><strong>intellegimus</strong></span> <span class='ocrx_word' id='word_1_448' title='bbox 478 4082 506 4125; x_wconf 91' lang='lat' dir='ltr'><strong>et</strong></span> <span class='ocrx_word' id='word_1_449' title='bbox 524 4076 607 4126; x_wconf 86' lang='lat' dir='ltr'><strong>toties</strong></span> <span class='ocrx_word' id='word_1_450' title='bbox 626 4076 790 4140; x_wconf 83' lang='lat' dir='ltr'><strong>accipimus,</strong></span> <span class='ocrx_word' id='word_1_451' title='bbox 810 4074 918 4138; x_wconf 85' lang='lat' dir='ltr'><strong>quoties</strong></span> <span class='ocrx_word' id='word_1_452' title='bbox 937 4080 984 4122; x_wconf 89' lang='lat' dir='ltr'><strong>aut</strong></span> <span class='ocrx_word' id='word_1_453' title='bbox 1002 4087 1119 4138; x_wconf 85' lang='lat' dir='ltr'><strong>persona</strong></span> <span class='ocrx_word' id='word_1_454' title='bbox 1138 4075 1268 4132; x_wconf 81' lang='lat' dir='ltr'><strong>mutatur,</strong></span> 
     </span>
    </p>
   </div>
   <div class='ocr_carea' id='block_1_4' title="bbox 146 4160 1270 4414">
    <p class='ocr_par' dir='ltr' id='par_1_10' title="bbox 146 4160 1270 4414">
     <span class='ocr_line' id='line_1_50' title="bbox 181 4160 1270 4278; baseline -0.008 -21"><span class='ocrx_word' id='word_1_455' title='bbox 181 4160 457 4257; x_wconf 38' lang='lat' dir='ltr'><strong>*laba—aoratos:</strong></span> <span class='ocrx_word' id='word_1_456' title='bbox 476 4195 514 4256; x_wconf 90' lang='lat' dir='ltr'><strong>de</strong></span> <span class='ocrx_word' id='word_1_457' title='bbox 534 4217 570 4255; x_wconf 87' lang='lat' dir='ltr'><strong>ea</strong></span> <span class='ocrx_word' id='word_1_458' title='bbox 583 4197 617 4252; x_wconf 90' lang='lat' dir='ltr'><em>M</em></span> <span class='ocrx_word' id='word_1_459' title='bbox 635 4189 648 4278; x_wconf 73' lang='grc'><strong>11</strong></span> <span class='ocrx_word' id='word_1_460' title='bbox 668 4195 780 4258; x_wconf 67' lang='lat' dir='ltr'><strong>tinisa</strong></span> <span class='ocrx_word' id='word_1_461' title='bbox 800 4197 832 4252; x_wconf 93' lang='lat' dir='ltr'><em>M</em></span> <span class='ocrx_word' id='word_1_462' title='bbox 843 4187 857 4276; x_wconf 80' lang='grc' dir='ltr'><strong>ΙΙ</strong></span> <span class='ocrx_word' id='word_1_463' title='bbox 873 4203 889 4258; x_wconf 88' lang='grc'><strong>6</strong></span> <span class='ocrx_word' id='word_1_464' title='bbox 904 4195 961 4252; x_wconf 84' lang='lat' dir='ltr'><strong>iter·</strong></span> <span class='ocrx_word' id='word_1_465' title='bbox 977 4202 1007 4252; x_wconf 87' lang='lat' dir='ltr'><strong>et</strong></span> <span class='ocrx_word' id='word_1_466' title='bbox 1021 4193 1111 4252; x_wconf 89' lang='lat' dir='ltr'><strong>itiner</strong></span> <span class='ocrx_word' id='word_1_467' title='bbox 1133 4193 1270 4249; x_wconf 71' lang='lat' dir='ltr'><strong>Rutilius:</strong></span> 
     </span>
     <span class='ocr_line' id='line_1_51' title="bbox 146 4277 1270 4414; baseline 0.003 -34"><span class='ocrx_word' id='word_1_468' title='bbox 146 4327 250 4389; x_wconf 77' lang='lat' dir='ltr'><strong>inraret</strong></span> <span class='ocrx_word' id='word_1_469' title='bbox 264 4277 378 4392; x_wconf 52' lang='lat' dir='ltr'><strong>itbneii&#39;</strong></span> <span class='ocrx_word' id='word_1_470' title='bbox 390 4335 422 4389; x_wconf 89' lang='lat' dir='ltr'><em>M</em></span> <span class='ocrx_word' id='word_1_471' title='bbox 435 4329 448 4414; x_wconf 78' lang='grc' dir='ltr'><strong>ΙΙ</strong></span> <span class='ocrx_word' id='word_1_472' title='bbox 465 4353 523 4410; x_wconf 89' lang='lat' dir='ltr'><strong>qno</strong></span> <span class='ocrx_word' id='word_1_473' title='bbox 540 4332 612 4410; x_wconf 86' lang='lat' dir='ltr'><strong>quid</strong></span> <span class='ocrx_word' id='word_1_474' title='bbox 631 4334 765 4389; x_wconf 72' lang='lat' dir='ltr'><strong>liutbtus:</strong></span> <span class='ocrx_word' id='word_1_475' title='bbox 783 4330 863 4410; x_wconf 86' lang='lat' dir='ltr'><strong>quod</strong></span> <span class='ocrx_word' id='word_1_476' title='bbox 876 4331 926 4410; x_wconf 92' lang='lat' dir='ltr'><strong>qui</strong></span> <span class='ocrx_word' id='word_1_477' title='bbox 943 4331 975 4388; x_wconf 92' lang='lat' dir='ltr'><em>M</em></span> <span class='ocrx_word' id='word_1_478' title='bbox 987 4323 1002 4411; x_wconf 75' lang='grc' dir='ltr'><strong>ΙΙ</strong></span> <span class='ocrx_word' id='word_1_479' title='bbox 1016 4339 1034 4391; x_wconf 83' lang='grc'><strong>8</strong></span> <span class='ocrx_word' id='word_1_480' title='bbox 1047 4347 1139 4386; x_wconf 89' lang='lat' dir='ltr'><strong>unum</strong></span> <span class='ocrx_word' id='word_1_481' title='bbox 1157 4336 1204 4384; x_wconf 89' lang='lat' dir='ltr'><strong>est</strong></span> <span class='ocrx_word' id='word_1_482' title='bbox 1219 4329 1270 4384; x_wconf 87' lang='lat' dir='ltr'><strong>od-</strong></span> 
     </span>
    </p>
   </div>
   <div class='ocr_carea' id='block_1_5' title="bbox 55 4413 1079 4573">
    <p class='ocr_par' dir='ltr' id='par_1_11' title="bbox 55 4413 1079 4573">
     <span class='ocr_line' id='line_1_52' title="bbox 55 4413 545 4500; baseline 0.027 -39"><span class='ocrx_word' id='word_1_483' title='bbox 55 4479 56 4484; x_wconf 11' lang='lat'><em>*</em></span> <span class='ocrx_word' id='word_1_484' title='bbox 146 4413 204 4470; x_wconf 83' lang='lat' dir='ltr'><strong>didit</strong></span> <span class='ocrx_word' id='word_1_485' title='bbox 218 4418 333 4476; x_wconf 74' lang='lat' dir='ltr'><strong>roratas</strong></span> <span class='ocrx_word' id='word_1_486' title='bbox 349 4413 362 4500; x_wconf 75' lang='grc'><strong>11</strong></span> <span class='ocrx_word' id='word_1_487' title='bbox 377 4427 394 4480; x_wconf 87' lang='grc'>9</span> <span class='ocrx_word' id='word_1_488' title='bbox 410 4421 498 4477; x_wconf 86' lang='lat' dir='ltr'><strong>toties</strong></span> <span class='ocrx_word' id='word_1_489' title='bbox 513 4421 545 4474; x_wconf 94' lang='lat' dir='ltr'><em>M</em></span> 
     </span>
     <span class='ocr_line' id='line_1_53' title="bbox 55 4511 1079 4573; baseline 0.029 -29"><span class='ocrx_word' id='word_1_490' title='bbox 55 4531 56 4544; x_wconf 34' lang='lat' dir='ltr'><strong>a</strong></span> <span class='ocrx_word' id='word_1_491' title='bbox 1020 4511 1079 4573; x_wconf 79' lang='lat'><strong>18*</strong></span> 
     </span>
    </p>
   </div>
   <div class='ocr_carea' id='block_1_6' title="bbox 0 0 1596 5058">
    <p class='ocr_par' dir='ltr' id='par_1_12' title="bbox 0 0 1596 5058">
     <span class='ocr_line' id='line_1_54' title="bbox 0 0 1596 5058; baseline 0 0"><span class='ocrx_word' id='word_1_492' title='bbox 0 0 1596 5058; x_wconf 95' lang='lat' dir='ltr'><strong> </strong></span> 
     </span>
    </p>
   </div>
  </div>
 </body>
</html>
