3072 5064
267 389 326 456 isc
461 409 695 454 sarracenam
712 409 799 452 nram
822 409 864 451 ιιι
889 409 976 452 auso
1000 407 1202 452 nonaaonra

265 575 348 610 neco:
367 565 395 610 ιι
406 559 478 610 hano
489 561 571 622 diem,
585 559 630 625 qni
644 575 677 609 ex
689 559 732 609 bis
744 559 841 610 diebus
854 561 899 624 qui
913 559 1071 610 calarentur
1082 559 1184 624 primus
1197 563 1284 622 esset,
1304 557 1411 626 placuit

266 629 407 678 Kalendas
419 629 522 677 uocari.
542 628 606 678 binc
620 632 648 676 et
659 628 712 692 ipsi
726 629 818 677 euriae
832 629 867 677 ad
879 621 961 691 ἰιιιιιιι
973 628 1146 676 uocabantur
1157 627 1295 677 Calabrae
1310 643 1412 677 nomen

267 697 359 745 datum
373 701 423 756 est,
437 702 465 744 et
478 696 561 746 classi
575 695 645 760 quod
662 696 749 744 omnis
766 696 794 744 in
807 711 868 745 eam
881 695 997 760 populus
1009 700 1163 746 uocaretur.
1190 695 1228 744 12.
1242 695 1304 744 ideo
1318 701 1411 745 autem

267 765 354 812 minor
369 765 493 828 pontifex
505 779 645 813 astruerem
657 763 761 812 dierum
779 764 823 826 qui
843 763 876 812 ad
889 763 983 812 Nonas
995 767 1171 828 superessent
1184 761 1300 812 calando
1312 763 1410 827 prode-

267 833 324 894 bat,
338 832 408 895 quod
420 837 592 896 postponam
605 831 697 880 lunam
711 831 856 895 oportebat
866 831 1004 880 Nonarum
1020 831 1064 879 die
1077 830 1223 896 populares
1237 831 1321 895 quiin
1336 831 1411 896 agris

268 905 361 948 esseut
373 899 509 948 continere
521 899 550 947 iu
563 897 657 947 urbem
671 905 832 963 accepturos
845 913 944 948 sarisas
957 899 1086 948 seriarum
1101 913 1117 946 a
1129 913 1195 964 rege
1206 913 1344 947 sacrorum
1357 899 1411 946 sci-

267 973 395 1030 turosque
408 967 472 1030 quid
485 971 558 1015 esset
568 981 600 1014 eo
609 975 703 1014 urenae
715 966 879 1014 laciendum.
896 965 934 1016 13.
947 967 1018 1016 unde
1031 965 1140 1030 quidam
1150 966 1316 1016 bincNonas
1327 965 1411 1014 aesti-

267 1039 343 1084 maut
355 1035 455 1096 dictas,
474 1035 553 1098 quasi
569 1047 658 1082 nouae
670 1033 777 1082 initium
790 1033 991 1082 obseruationis
1008 1033 1054 1082 uel
1068 1033 1138 1098 quod
1151 1033 1186 1082 ab
1200 1049 1233 1082 eo
1245 1033 1290 1082 die
1303 1047 1412 1098 semper

268 1103 302 1152 ad
315 1103 377 1151 lrlus
390 1115 488 1151 nouem
500 1101 560 1150 dies
571 1105 713 1166 putantur:
735 1103 807 1149 sicut
818 1101 890 1166 apud
901 1101 1005 1150 'Fuscos
1017 1102 1113 1150 Nonae
1126 1100 1216 1166 plures
1228 1100 1410 1162 habebantur,

268 1170 338 1234 quod
347 1169 376 1218 hi
388 1184 459 1218 rinno
473 1183 578 1234 qnoque
592 1169 735 1232 diercgem
749 1181 825 1217 sunm
837 1168 998 1226 salutabant
1010 1175 1038 1218 et
1050 1169 1083 1217 de
1093 1168 1210 1234 propriis
1219 1167 1338 1232 negotiis
1346 1183 1412 1216 con-

268 1237 404 1286 sulebant
423 1236 562 1286 ll.lrluum
574 1251 654 1300 porro
669 1235 797 1296 ιΤιιιιιίι,
811 1237 882 1300 apud
895 1251 962 1300 quos
976 1237 999 1284 is
1011 1236 1128 1284 diesltis
1140 1241 1262 1296 uocatur,
1276 1242 1412 1300 sumptum

269 1313 319 1354 ιιι.
332 1305 401 1353 Ιιιιιι
415 1309 506 1353 autem
518 1304 559 1354 illi
571 1305 787 1368 interpretantur
798 1303 872 1352 Iouis
886 1303 1021 1352 fiduciam.
1037 1319 1101 1353 nam
1113 1317 1174 1352 cum
1186 1305 1277 1352 Ionem
1292 1303 1412 1368 accipia-

268 1387 327 1422 mus
337 1371 406 1420 lucis
417 1377 554 1421 auctorem
586 1371 658 1420 unde
676 1375 704 1418 et
715 1371 859 1420 Lucetium
872 1370 940 1419 eniti
958 1372 986 1420 iu
1004 1371 1170 1420 carminibus
1187 1375 1289 1420 canunt
1306 1376 1333 1420 et
1346 1373 1413 1418 Ure-

268 1445 360 1490 tenses
373 1437 431 1488 Ata
448 1432 501 1504 τὴν
513 1431 624 1504 puseus
641 1445 756 1500 ιιοιιιιιι,
769 1431 821 1502 ipsl
830 1440 939 1502 'qnoque
951 1438 1068 1488 Romani
1086 1439 1251 1502 Diespitrem
1270 1416 1414 1503 appellant

267 1513 298 1557 ιιι
307 1507 362 1556 diei
375 1512 488 1572 patrem.
513 1507 552 1555 15.
566 1507 624 1555 iure
637 1505 681 1554 hic
693 1505 753 1555 dies
765 1506 839 1554 louis
853 1505 952 1555 fiducia
964 1513 1087 1567 uocatur,
1101 1507 1178 1555 cuius
1190 1506 1235 1554 lnx
1248 1521 1301 1555 nou
1319 1505 1413 1553 finitur

269 1591 329 1624 cum
339 1575 405 1624 solis
415 1589 523 1636 occasu,
535 1574 584 1622 sed
596 1572 769 1638 splendorem
781 1573 837 1622 ‹liei
847 1577 874 1622 et
882 1579 991 1622 noctem
1005 1574 1146 1623 continuat
1158 1573 1319 1623 inlustrante
1329 1571 1410 1620 luna:

270 1643 340 1707 quod
358 1657 466 1707 semper
482 1642 511 1690 iu
529 1640 678 1706 plenilunio
695 1641 723 1690 id
741 1645 783 1690 est
799 1641 889 1690 medio
901 1655 995 1691 mense
1013 1641 1073 1691 lieri
1084 1641 1167 1690 solet:
1186 1641 1257 1690 diem
1270 1642 1354 1706 igitur
1364 1641 1412 1704 qui

269 1710 314 1759 nel
326 1710 466 1759 nocturnis
480 1709 684 1758 carettenebris
697 1708 770 1757 lonis
782 1707 909 1758 fiduciam
922 1709 1012 1760 Tusco
1025 1709 1134 1758 nomine
1144 1713 1325 1758 uocauerunt:
1339 1708 1412 1756 unde

270 1781 298 1826 ιι
316 1791 409 1826 omnes
425 1776 489 1825 Idus
506 1777 579 1826 louis
597 1776 683 1825 ferias
700 1776 887 1826 obseruandas
906 1779 998 1825 sanxit
1015 1777 1175 1842 antiquitus.
1195 1774 1235 1824 le.
1255 1775 1301 1824 alii
1314 1779 1414 1839 putant

270 1845 348 1907 idas,
362 1845 431 1908 quod
446 1859 480 1893 ea
492 1843 536 1892 dic
549 1843 633 1908 plena
644 1843 711 1892 luna
724 1844 858 1906 rrirleatnr,
873 1859 889 1892 a
898 1843 1015 1894 uidendo
1024 1844 1103 1894 nidus
1117 1843 1280 1910 appellatas,
1294 1857 1354 1892 mox
1367 1841 1413 1890 lit·

271 1919 357 1962 teram
370 1927 387 1960 u
399 1913 566 1961 detractam:
586 1911 657 1960 sicut
675 1915 784 1973 contra,
803 1912 873 1976 quod
892 1911 992 1961 Graeci
1005 1907 1081 1962 ἰδεῖν
1093 1912 1199 1972 dicunt,
1218 1925 1268 1960 nos
1285 1926 1303 1960 u
1319 1910 1414 1958 littera

272 1979 366 2030 addita
378 1980 473 2028 uidere
487 1979 608 2028 dicimus.
633 1979 770 2028 nonnullis
783 1978 875 2043 placet
886 1979 949 2028 Idus
962 1980 1050 2028 dictas
1063 1979 1197 2029 uocabulo
1210 1978 1333 2038 Graeco,
1347 1971 1414 2026 olor

270 2038 329 2097 α’πὸ
342 2045 393 2096 τοῦ
409 2044 522 2110 sidone,
541 2047 611 2111 quod
630 2061 662 2095 eo
679 2046 724 2095 die
742 2046 852 2112 plenam
869 2047 989 2110 speciem
1009 2047 1074 2096 luna
1086 2047 1262 2096 demonstret.
1287 2049 1349 2094 sunt
1367 2045 1414 2108 qui

272 2117 420 2166 aestimant
443 2115 506 2164 lrlus
531 2115 565 2164 ab
583 2129 633 2164 oue
651 2113 718 2163 iduli
735 2114 837 2176 dictas,
857 2129 937 2178 quam
955 2115 1007 2164 hoc
1024 2115 1133 2164 nomine
1150 2119 1253 2164 uocant
1269 2112 1366 2174 Tusci,
1385 2118 1414 2161 ct

271 2182 395 2234 omnibus
406 2183 499 2232 Idibus
511 2183 570 2232 loni
580 2181 736 2231 immolatur
749 2197 766 2232 a
778 2181 897 2232 flamine.
925 2181 963 2230 17.
977 2183 1056 2232 nobis
1068 2182 1116 2232 illa
1128 2182 1199 2230 ratio
1212 2181 1327 2230 nominis
1345 2193 1413 2228 uero

271 2251 382 2316 propior
392 2251 563 2314 aestimatur,
576 2256 606 2298 ιιι
618 2249 680 2298 idus
693 2263 820 2299 nocemus
833 2249 905 2298 diem
918 2250 963 2314 qui
975 2250 1073 2299 diuidit
1085 2265 1214 2298 mensem.
1233 2249 1327 2297 iduare
1339 2247 1414 2296 enim

271 2321 389 2384 Etrusca
401 2317 496 2383 lingua
507 2317 630 2368 diuidere
644 2323 698 2366 est:
717 2318 788 2366 unde
801 2317 884 2366 uidua
897 2318 975 2382 quasi
987 2317 1068 2367 ualde
1086 2318 1158 2379 idua,
1176 2317 1204 2365 id
1218 2323 1260 2365 est
1275 2315 1356 2365 ualde
1372 2315 1412 2363 di·

271 2388 345 2436 uisa:
360 2391 407 2435 aut
418 2385 509 2448 uidua,
522 2387 550 2434 id
563 2393 605 2434 est
618 2401 634 2434 a
645 2386 704 2434 niro
716 2385 813 2434 diuisa.
830 2383 868 2433 is.
880 2391 910 2433 ut
923 2391 1012 2434 autem
1020 2385 1084 2435 Idus
1096 2383 1255 2434 omnesloui
1267 2385 1307 2432 ita
1318 2397 1415 2431 omues

272 2454 413 2504 Kalendas
430 2454 527 2502 Iunoni
544 2453 661 2502 tributas
679 2457 706 2504 et
723 2453 854 2502 Varronis
872 2458 901 2501 et
916 2452 1083 2516 pontificalis
1106 2452 1232 2502 adfirmat
1254 2451 1414 2510 auctoritas,

271 2521 342 2586 quod
355 2522 438 2570 otiam
451 2523 604 2570 Laurentes
616 2520 714 2584 patriis
728 2519 908 2586 religionibus
920 2527 1046 2584 seruant,
1065 2523 1109 2585 qui
1130 2525 1158 2568 et
1174 2533 1325 2584 cognomen
1342 2518 1414 2567 deae

272 2607 305 2639 ex
319 2589 475 2638 cerimoniis
493 2588 654 2637 addiderunt
670 2587 854 2637 Kalendarem
871 2589 1001 2637 lunonem
1014 2593 1160 2649 uocantes,
1178 2587 1227 2636 sed
1245 2593 1273 2635 et
1290 2585 1415 2634 omnibus

272 2657 405 2706 Kalendis
423 2671 440 2705 a
456 2671 549 2704 mense
568 2656 668 2704 ltlartio
687 2656 721 2704 all
739 2656 919 2704 Decembrem
932 2656 995 2704 huic
1008 2657 1077 2706 deae
1095 2653 1281 2705 Kalendarum
1293 2654 1337 2702 die
1350 2667 1415 2716 sup·

272 2725 385 2789 plicant.
402 2723 439 2772 is.
455 2725 557 2772 Romae
570 2737 675 2787 quoque
690 2722 821 2772 Kalendis
834 2723 967 2784 omnibus,
984 2729 1095 2788 praeter
1107 2723 1177 2788 quod
1188 2723 1313 2788 pontifex
1325 2721 1415 2769 minor

272 2793 300 2841 in
313 2789 517 2840 curisCalabra
526 2805 584 2838 rem
597 2791 718 2839 diuinam
729 2791 827 2840 lunoni
838 2791 915 2852 facit,
930 2791 1013 2840 etiam
1021 2792 1119 2856 regina
1129 2805 1267 2839 sauronam
1277 2789 1304 2837 id
1317 2793 1360 2836 est
1372 2803 1415 2836 re·

273 2860 315 2923 gis
327 2873 394 2907 uxor
411 2873 522 2922 peream
540 2856 585 2906 nol
603 2871 702 2920 aguam
715 2859 744 2905 in
762 2859 840 2923 regia
851 2859 947 2907 lunoni
961 2859 1095 2907 immolat:
1122 2874 1139 2908 a
1152 2873 1205 2922 qua
1224 2858 1307 2906 etiam
1319 2857 1416 2904 lanum

272 2926 415 2976 Iunonium
428 2926 649 2990 cognominatum
662 2925 785 2986 diximus,
800 2926 870 2990 quod
882 2926 922 2974 illi
934 2926 986 2975 deo
998 2927 1085 2976 omnis
1098 2926 1250 2992 ingressus,
1268 2923 1330 2973 huie
1343 2923 1416 2972 deae

274 2993 366 3044 carneti
384 2991 569 3042 Kalendarum
587 2991 646 3041 dies
663 2993 791 3042 uidentur
809 2994 932 3058 ascripti.
950 2993 991 3042 20.
1011 3009 1072 3043 eum
1095 2995 1166 3042 enim
1187 2993 1267 3042 initia
1283 2991 1416 3040 mensium

273 3062 392 3112 maiores
404 3061 489 3109 nostri
503 3061 537 3108 ab
551 3067 646 3108 oxortu
657 3060 739 3110 lunae
752 3061 937 3122 seruauerint,
955 3062 1013 3110 iure
1025 3061 1122 3110 Iunoni
1140 3060 1301 3110 addixerunt
1313 3057 1416 3108 Kalen·

273 3129 337 3188 das,
351 3127 442 3178 lunam
457 3143 490 3176 ac
502 3129 632 3176 lunonem
646 3127 763 3176 eandem
776 3133 916 3194 putantes:
930 3127 975 3178 uel
994 3129 1058 3193 quia
1073 3129 1139 3178 luna
1150 3143 1206 3206 per
1223 3143 1313 3176 aerem
1332 3133 1417 3187 meat,

273 3197 386 3246 undeet
402 3195 504 3245 Graeci
520 3185 746 3261 lunam'iiprspw
762 3201 965 3261 nuncuparunt,
983 3197 1012 3245 id
1030 3199 1072 3246 cst
1088 3185 1241 3260 αἐροιομιν
1259 3195 1329 3259 qnod
1349 3209 1418 3242 aera

274 3269 366 3324 secat,
380 3265 446 3312 luno
460 3269 552 3314 aretem
564 3263 636 3312 aeris
650 3263 754 3313 arbitra
766 3269 821 3324 est,
835 3263 931 3312 merito
944 3264 1024 3314 initia
1035 3264 1168 3314 mensium
1180 3264 1208 3312 id
1221 3267 1264 3312 est
1275 3261 1418 3311 Kalendas

273 3332 338 3382 huic
350 3332 419 3381 deae
432 3337 671 3382 consecrauerunt.
685 3330 726 3379 21.
741 3347 793 3380 nec
806 3331 857 3380 boc
869 3332 1114 3396 praetermiserim,
1137 3331 1207 3396 quod
1219 3329 1320 3394 nuptiis
1334 3343 1416 3393 copu-

274 3399 363 3450 landis
376 3399 518 3448 Kalendas
530 3399 623 3448 Nonas
636 3406 664 3447 et
675 3399 739 3448 ldns
752 3399 896 3462 religiosas
908 3399 937 3450 id
949 3405 991 3448 est
1003 3399 1167 3448 deuitandas
1184 3403 1357 3448 censuerunt.
1388 3396 1417 3444 hi

275 3469 346 3517 caim
360 3469 419 3516 dies
432 3473 544 3532 praeter
555 3467 648 3516 Nonas
661 3467 754 3516 feriati
766 3472 842 3515 sunt:
857 3467 934 3517 feriis
944 3475 1034 3516 autem
1046 3469 1102 3516 uim
1115 3467 1241 3531 cuiquam
1253 3465 1312 3514 lieri
1322 3465 1418 3530 piacu-

274 3537 332 3586 lare
347 3541 400 3586 est:
415 3534 476 3584 idco
488 3539 552 3584 tunc
565 3535 686 3583 nitantur
698 3535 820 3598 nuptiae,
833 3535 862 3583 in
875 3535 971 3600 quibus
984 3535 1026 3584 uis
1038 3533 1097 3585 fieri
1110 3535 1210 3598 uirgini
1222 3531 1339 3582 uidetur.
1368 3531 1419 3580 scd

275 3605 398 3653 Verrium
411 3603 560 3666 (Valerium
573 3617 642 3651 eurr.
661 3601 762 3651 Merite!
777 3607 892 3666 prolrpp.
907 3619 935 3667 p.
950 3601 1040 3664 XLV)
1054 3603 1185 3652 Flaccum
1198 3601 1265 3650 iuris
1282 3599 1418 3665 pontilicii

273 3673 466 3738 peritissimum
479 3671 571 3720 dicere
584 3671 692 3720 solitam
706 3671 791 3719 reicrt
803 3671 902 3732 Varro,
917 3669 980 3734 quia
993 3670 1071 3720 feriis
1083 3675 1192 3735 tergere
1204 3674 1314 3718 ueteres
1327 3668 1420 3716 fossas

275 3741 385 3800 liceret,
399 3751 485 3788 nonas
499 3740 591 3788 lacere
604 3737 646 3786 ius
658 3752 712 3787 nun
725 3743 812 3800 esset,
825 3737 887 3787 ideo
900 3738 988 3802 magis
999 3737 1089 3787 uiduis
1102 3752 1181 3801 quam
1194 3735 1347 3800 uirginibus
1359 3735 1419 3784 ido-

275 3823 343 3858 ueas
356 3821 416 3857 ceos
428 3807 516 3855 ferias
529 3805 564 3855 ad
576 3806 739 3854 nubendum.
764 3805 805 3854 22.
824 3805 942 3855 subiciet
955 3805 1065 3870 aliquis:
1080 3821 1128 3854 eur
1140 3821 1206 3870 ergo
1217 3804 1317 3866 Nouis,
1339 3803 1362 3852 si
1377 3803 1419 3852 ie·

276 3879 361 3926 riattm
374 3876 432 3924 ‹lies
445 3889 499 3924 uon
512 3879 567 3934 est,
585 3873 744 3938 prohibetur
760 3873 907 3923 celebritas
923 3875 1097 3937 nuptiarum?
1126 3873 1205 3922 huius
1219 3886 1323 3936 quoque
1337 3871 1378 3919 rei
1391 3872 1420 3920 in

277 3949 372 4010 aperto
386 3947 534 3991 causaest.
552 3957 616 3991 uam
627 3943 691 4005 quia
700 3941 802 4006 primus
816 3940 971 4006 nuptiarum
985 3941 1043 3992 dies
1058 3940 1242 3991 uerecundiae
1262 3939 1355 4000 detur,
1371 3955 1420 4004 po·

275 4012 371 4062 stridis
390 4015 480 4060 sutem
499 4013 612 4074 nuptam
630 4011 658 4058 in
670 4009 749 4058 domo
767 4009 819 4057 uiri
838 4009 984 4059 dominium
1001 4010 1124 4074 incipere
1137 4011 1245 4074 oportet
1263 4007 1379 4072 adipisci
1393 4013 1422 4055 et

276 4095 332 4130 reni
347 4079 440 4128 iacere
453 4077 588 4139 diuinam,
610 4091 703 4126 omues
717 4083 807 4126 autem
819 4077 989 4142 postriduaui
1001 4078 1060 4128 dies
1072 4093 1120 4128 seu
1132 4081 1195 4142 post
1206 4075 1348 4125 Kalendas
1360 4075 1421 4124 siue

276 4152 339 4214 post
351 4147 443 4196 Nonas
457 4146 555 4196 blasae
573 4161 606 4194 ex
620 4160 706 4208 aequo
725 4146 777 4194 atri
790 4149 860 4206 sunt,
873 4145 934 4194 ideo
948 4150 976 4194 et
987 4145 1011 4196 N
1013 4161 1080 4196 onas
1092 4145 1230 4195 inhabiles
1242 4143 1343 4207 nuptiis
1356 4151 1421 4192 esse

277 4217 416 4272 dixemnt,
438 4229 473 4263 ne
491 4219 577 4278 nupta
595 4220 642 4262 aut
659 4217 768 4277 postero
786 4213 829 4262 die
848 4211 1005 4263 libertatem
1022 4214 1213 4280 auspicaretur
1228 4210 1352 4260 uaedam
1373 4213 1422 4259 aut

279 4289 338 4332 atro
354 4282 509 4332 immolaret
527 4296 579 4346 quo
591 4283 672 4330 netas
686 4287 728 4330 est
739 4295 821 4330 sacra
833 4279 978 4330 celebrari.

363 4351 473 4399 Solinus
490 4347 581 4415 polyb.
599 4350 656 4414 I1p.
670 4348 694 4398 3.
709 4347 731 4396 C
744 4375 776 4384 -
788 4349 813 4396 4.
827 4348 858 4398 0.
881 4349 959 4399 Tunc
982 4365 1047 4415 ergo
1070 4347 1191 4414 (dapum
1216 4347 1342 4411 ternpore)
1365 4347 1421 4411 pri-

279 4433 350 4468 mum
363 4431 458 4468 eunus
471 4418 536 4468 anni
549 4421 695 4482 perspecta
707 4417 778 4467 ratio
792 4421 842 4478 ost,
856 4433 925 4482 quae
940 4433 956 4466 a
969 4433 1056 4468 rerum
1074 4418 1181 4482 origine
1190 4413 1335 4482 ⁸prel'uuda
1352 4414 1422 4464 cali-
