3190 5098
286 363 349 426 452
597 345 829 430 *ovriasrmurs
855 385 1081 428 srnrouranun

286 533 390 613 itaque
407 531 498 590 malui
514 533 599 590 initio
614 541 783 592 truncatam
797 533 1032 596 differentiarum
1049 539 1267 598 conlectionem
1282 543 1428 606 exhibere

288 657 377 714 qnam
394 637 437 694 eis
451 655 563 711 erigere
577 656 654 714 quae
667 657 733 694 cum
745 637 858 697 nullius
871 637 1101 716 subscriptionis
1114 643 1286 702 testimonio
1299 645 1337 704 ad
1350 615 1426 705 Sire-

287 740 400 796 tonium
426 739 596 796 referantur
619 759 657 798 ex
675 739 803 798 diversis
821 740 994 798 exactoribus
1019 762 1057 800 ne
1078 747 1288 806 consarcinata
1310 748 1427 808 habeas

286 841 361 900 nihil
379 839 500 898 obstare
524 839 654 898 ridetur.
693 841 763 920 quid
786 841 867 920 ‹qarod
888 843 1186 919 Montepessulanam
1206 849 1427 910 conlectionem

287 944 444 1022 quominus
457 943 499 1000 ita
510 953 543 1000 ut
558 943 635 1002 libro
649 943 785 1002 tradatur
797 943 834 1001 ab
847 945 914 1022 ipso
926 943 1070 1002 Suetonio
1083 949 1248 1024 profectam
1260 971 1327 1008 esse
1338 961 1425 1030 pute·

286 1066 351 1103 mus
368 1046 469 1102 statim
488 1047 518 1102 in
536 1047 601 1124 ipso
620 1045 722 1104 limine
739 1043 947 1124 prohibemur:
978 1049 1052 1102 irum
1070 1057 1097 1104 ct
1112 1053 1301 1110 iracundiam.
1328 1061 1373 1112 ira
1387 1077 1427 1115 ex

285 1167 375 1206 causa
391 1153 536 1220 irascitur,
555 1151 707 1206 iracundia
721 1156 893 1220 perpetuum
915 1151 1013 1205 uitium
1031 1156 1132 1208 mentis
1151 1162 1179 1210 et
1196 1162 1358 1226 peccatoris
1374 1169 1426 1227 est,

287 1251 337 1308 uhi
355 1249 448 1308 verbo
461 1251 820 1324 peccatorisCluistianus
833 1248 977 1326 proditur.
997 1269 1086 1328 iliram
1099 1251 1360 1332 interpolationem
1373 1281 1426 1318 no·

286 1355 338 1412 lim
361 1353 502 1412 liothium
525 1352 718 1422 obscurasse,
749 1353 800 1431 qui
826 1353 954 1409 otiosum
974 1363 1002 1408 ct
1020 1360 1146 1426 pectoris
1162 1359 1337 1435 reponendo
1360 1383 1425 1422 cor-

285 1465 405 1535 ruptam
424 1475 502 1536 quae
520 1455 577 1514 sibi
593 1455 747 1513 videretur
765 1453 880 1512 librarii
901 1453 1094 1530 neglegentia
1116 1459 1294 1536 scripturam
1317 1485 1425 1524 sanare

287 1559 432 1616 studeret.
469 1557 522 1614 ενι]
543 1557 599 1615 etsi
621 1556 770 1615 emblema
791 1554 865 1613 illud
888 1555 979 1613 facile
1001 1554 1058 1614 eici
1073 1566 1188 1635 potest,
1217 1563 1307 1640 plane
1324 1575 1425 1628 tarrreu

286 1661 458 1736 ignoramus
474 1678 562 1737 quam
579 1658 640 1716 late
659 1657 791 1736 patuerit
806 1637 1008 1734 interpolatio.
1037 1681 1219 1740 quamquam
1240 1685 1299 1724 non
1317 1667 1427 1729 desunt

287 1781 366 1842 quiam
382 1761 565 1818 etiamnunc
583 1767 695 1818 certam
710 1760 754 1818 rei
770 1759 915 1818 rationem
932 1771 1053 1819 seruitus
1069 1783 1087 1820 a
1100 1765 1221 1824 relicuis
1238 1767 1426 1830 secludenda

288 1885 353 1921 esso
377 1861 539 1936 intellegas
558 1862 655 1920 veluti
676 1881 704 1939 p.
731 1870 797 1932 278,
820 1871 880 1940 hp.
897 1871 974 1932 ⁴293„
987 1869 1011 1921 4.
1029 1871 1045 1925 9
1064 1885 1093 1942 p.
1111 1874 1176 1934 295),
1201 1879 1243 1929 1⁶2.
1279 1874 1426 1934 maximas

286 1988 359 2026 verr)
376 1965 478 2023 turbas
495 1964 543 2022 hic
561 1965 657 2022 factas
675 1983 742 2020 esse
758 1963 817 2020 iam
835 1966 900 2042 ipse.
917 1985 1014 2022 serino
1030 1965 1155 2024 indicat.
1181 1969 1234 2028 sed
1251 1979 1424 2034 tamennon

288 2072 386 2130 cilinia
403 2068 534 2127 irrelioris
551 2068 646 2142 frugis
662 2064 814 2122 interiisse
830 2065 880 2123 vel
896 2085 955 2124 arno
975 2067 1079 2143 Nigidi
1096 2069 1265 2145 fragmento
1283 2074 1425 2135 discimus

287 2175 367 2256 quod
384 2195 413 2252 p.
428 2181 479 2234 *289
497 2169 623 2245 legitur3
655 2177 815 2245 praeterea
830 2167 944 2226 similes
961 2168 1150 2229 differentiae
1166 2171 1195 2230 iu
1216 2174 1304 2234 Verri
1319 2178 1425 2238 Flacci

288 2275 455 2354 excerptis,
485 2269 565 2350 apud
587 2268 719 2330 Gellium
742 2268 912 2328 Charisium
935 2271 1067 2329 Nouium
1092 2273 1247 2333 licitatum
1273 2277 1423 2354 Serrium,

287 2379 418 2456 denique
432 2378 461 2433 iu
479 2371 713 2450 orthographiae
728 2369 812 2428 libris
824 2370 912 2430 Flavi
929 2369 1019 2450 Capri
1033 2380 1062 2429 et
1080 2374 1207 2450 Agrocti
1221 2379 1424 2456 preferuntur.

372 2479 411 2538 Vt
429 2479 520 2554 igitur
535 2475 594 2533 hae
617 2474 805 2532 differentiae
828 2493 894 2530 cum
912 2473 1057 2532 Suetonio
1077 2475 1153 2533 nihil
1174 2489 1424 2555 p1·aeternomen

288 2599 444 2640 continuae
459 2577 593 2635 habeant
607 2575 688 2656 quod
709 2574 849 2653 equidem
865 2595 925 2632 non
944 2575 1050 2648 crede,
1068 2576 1123 2634 hoc
1139 2588 1238 2638 tamen
1257 2569 1339 2642 certo
1355 2584 1423 2642 suh-

287 2683 459 2763 scriptionis
474 2678 645 2737 testimonio
671 2688 790 2736 constat
802 2678 950 2738 ,extitisse
971 2678 1001 2736 iu
1021 2680 1115 2756 pratis
1140 2691 1232 2760 caput
1250 2684 1299 2742 vel
1317 2685 1423 2745 librum

287 2782 535 2844 differentiarum.
555 2779 683 2837 vidimus
699 2779 821 2857 quidem
838 2779 1014 2838 Suetonium
1028 2780 1059 2836 in
1073 2783 1168 2858 pratis
1184 2783 1222 2842 dc
1239 2788 1423 2866 proprietate

287 2885 433 2945 scr-ruonis
454 2885 618 2962 praecipuo
640 2881 738 2940 studio
764 2882 863 2958 egisse
885 2880 1003 2939 sedita
1024 2891 1057 2939 ut
1081 2902 1147 2940 eam
1170 2905 1228 2944 non
1254 2891 1423 2966 promiscue

286 2994 454 3065 exponeret
470 2984 697 3044 sedoccasiono
714 2984 882 3060 argumenti
901 2983 973 3042 data
996 2985 1078 3064 quod
1098 2985 1250 3047 diversum
1271 2991 1300 3048 in
1324 2992 1422 3051 diver-

287 3088 328 3146 sis
342 3095 496 3166 pratorum
512 3087 596 3146 libris
613 3087 704 3144 luisse
725 3083 929 3144 intelleximus
954 3105 991 3144 ea
1009 3085 1046 3144 dc
1065 3107 1097 3146 re
1113 3087 1288 3168 disputaret.
1323 3113 1423 3173 apro-

285 3189 444 3250 babilitutc
462 3199 562 3249 tamea
578 3211 638 3247 non
654 3188 795 3247 abhorret
813 3209 864 3246 eas
881 3189 1066 3248 differentias
1086 3211 1164 3269 quac
1181 3193 1281 3252 locum
1299 3217 1358 3254 nou
1371 3197 1423 3255 ha·
1456 3231 1466 3248 ·

286 3292 394 3352 buerant
410 3294 647 3369 in-argumentis
668 3291 705 3350 ab
728 3291 792 3370 ipso
814 3291 1233 3372 pertractatisTranquillum
1254 3300 1423 3375 promiscue

287 3395 382 3454 solum
405 3394 571 3454 litterarum
593 3395 728 3454 ordinem
747 3401 885 3452 securium
905 3393 1096 3472 explanasse.
1126 3416 1286 3476 quaecum
1303 3401 1345 3458 ita
1365 3403 1425 3459 sint

285 3517 364 3556 novo
378 3497 434 3556 hoc
448 3498 588 3576 excurplo
601 3497 743 3554 discimus
758 3496 955 3574 praecipuum
966 3503 1119 3574 pratorum
1133 3496 1290 3558 consilium
1303 3511 1424 3580 praeter

286 3599 368 3678 ipsas
384 3621 432 3659 ros
448 3599 479 3658 in
495 3621 530 3658 eo
549 3601 679 3680 positum
694 3598 788 3658 fuisse
803 3607 837 3656 ut
854 3600 1000 3656 sunnonis
1019 3602 1188 3678 proprietas
1204 3600 1422 3662 demonstrare·

287 3711 343 3764 tur.
373 3725 433 3784 qua
447 3724 479 3762 rc
497 3711 580 3760 recto
599 3701 843 3760 Graeleuhanius
861 3700 880 3758 l.
900 3721 924 3758 e.
943 3721 972 3778 p.
989 3709 1021 3762 st
1046 3701 1101 3759 etsi
1119 3701 1156 3760 de
1171 3703 1312 3769 universo
1331 3725 1423 3784 opere

286 3805 362 3863 nihil
374 3807 447 3864 dicit
460 3804 540 3885 apud
553 3802 677 3863 Suidarn
696 3804 746 3882 qui
760 3811 862 3881 partos
878 3811 993 3860 tautum
1009 3814 1163 3881 pratorum
1178 3824 1238 3862 uon
1254 3805 1321 3883 ipsa
1336 3815 1423 3885 prata

286 3929 374 3966 nosse
395 3907 515 3968 videtur
538 3906 654 3965 duobus
672 3905 730 3963 illis
752 3905 846 3964 titulis
875 3901 940 3976 περὶ
967 3893 1120 3980 ὀνομάτων
1140 3904 1251 3979 κυρίων
1273 3902 1322 3964 καὶ
1345 3904 1424 3978 ι’ὃὲνς

285 4003 461 4085 ἐσθημάτων
482 4007 531 4069 καὶ
552 3999 748 4086 ὑποδημάτων
768 4001 818 4063 καὶ
842 4007 898 4063 τῶν
922 3997 1020 4063 iillrov
1042 3997 1087 4076 οἷς
1108 4029 1151 4078 τις
1173 4001 1368 4083 ἀμφιέννυται
1394 4019 1423 4069 et

285 4109 352 4187 περὶ
369 4103 531 4200 ὃνμφημων
546 4109 648 4183 λέξεων
660 4101 724 4186 ἤτω
741 4109 939 4186 βλασφημιῶν
961 4106 1011 4166 καὶ
1031 4103 1128 4167 πόθεν
1147 4102 1255 4192 iuriam]
1270 4119 1423 4188 pratorum

285 4225 387 4293 partes
412 4215 576 4291 significari
599 4212 763 4271 contendit.
805 4229 884 4289 quae
910 4212 1042 4290 suspicio
1067 4231 1102 4269 eo
1127 4213 1320 4272 confirmatur
1342 4213 1423 4292 quod

286 4315 396 4375 Suidas
413 4337 471 4374 non
485 4315 617 4386 addidit,
634 4315 710 4373 haec
727 4315 840 4392 scripta
858 4333 948 4370 rrnrrm
966 4335 1005 4372 an
1020 4313 1123 4392 plures
1140 4313 1232 4372 libres
1256 4317 1421 4375 effecerint.

285 4437 342 4474 nec
362 4419 459 4474 atinus
480 4415 683 4494 inscriptionis
704 4416 812 4494 prioris
833 4415 909 4474 ratio
927 4416 983 4474 etsi
1007 4437 1025 4474 a
1041 4415 1135 4475 Suida
1151 4417 1199 4474 rel
1218 4418 1282 4476 eius
1300 4428 1423 4477 arrctore
