3064 5064
525 380 567 420 nn
591 379 679 422 auae
702 379 906 422 nouauoavu
1230 361 1286 421 167

143 527 318 592 reuerteris
340 525 382 590 ad
406 524 477 589 IIII
497 524 666 590 Kalendas
689 524 889 612 Septembris
920 525 1043 612 talique
1064 525 1190 590 ratione
1212 550 1286 592 con-

142 628 272 716 plentur
293 627 365 692 dies
387 626 537 694 CCCLX
562 629 720 692 mensium
743 628 991 714 Aegyptiorum.
1029 627 1057 690 V
1079 627 1149 692 dies
1173 649 1284 715 super·-

143 739 218 794 snnt
239 751 323 817 qnos
345 727 575 812 ἐπαγομένους
596 729 650 794 uel
671 728 884 794 intercalares
904 738 1106 796 uocauerunt
1113 777 1122 810 ,
1153 729 1193 793 de
1216 732 1284 816 qui-

144 835 201 897 bns
221 831 375 918 superius
395 841 605 896 memoratum
626 840 688 894 est.

142 1071 210 1137 qued
234 1071 280 1120 bis
305 1071 402 1121 diebus
426 1071 553 1121 celantur
575 1073 635 1122 eius
657 1071 760 1122 mensis
777 1071 873 1122 Nonae
897 1086 913 1120 a
935 1071 1111 1135 pontificibus
1133 1072 1284 1135 quintanae

142 1157 176 1190 an
193 1140 370 1206 septimanae
389 1141 444 1189 sint
463 1141 570 1189 suturae
595 1140 623 1188 in
643 1139 780 1204 Capitolio
804 1140 831 1188 in
851 1141 928 1198 curia
947 1138 1068 1190 Calabra
1086 1141 1140 1190 sic:
1171 1141 1238 1188 lties
1257 1147 1283 1189 te

142 1209 260 1274 quinque
280 1207 341 1257 calo
360 1208 426 1257 luno
446 1207 575 1271 Ceuclla3
598 1209 707 1272 Septem
727 1208 786 1257 dies
809 1213 836 1258 te
861 1207 921 1257 calo
945 1207 1011 1256 lune
1030 1207 1153 1258 Conella.
1189 1208 1283 1256 Nouae

142 1275 301 1342 appellatae
321 1281 368 1324 aut
386 1275 457 1341 qued
481 1281 545 1324 ante
565 1275 637 1324 diem
655 1291 755 1325 nonum
778 1275 842 1324 Idus
860 1291 967 1339 semper
990 1281 1037 1324 aut
1060 1276 1129 1338 qumi
1152 1282 1182 1324 ut
1200 1291 1284 1325 rreuus

142 1359 228 1394 annus
251 1343 387 1394 calendae
411 1344 557 1392 Ianuariae
582 1343 617 1392 ab
641 1359 710 1394 neue
734 1343 791 1394 sole
816 1343 989 1409 appellatae,
1014 1359 1099 1392 nouus
1123 1343 1224 1392 mensis
1248 1344 1283 1392 ab

142 1428 211 1460 nona
228 1412 297 1460 luna
315 1411 409 1460 Nonis.
446 1411 541 1460 cedem
559 1411 603 1460 die
622 1411 650 1460 in
667 1413 762 1461 urbem
782 1412 816 1460 ab
836 1411 911 1476 agris
929 1411 963 1460 ad
982 1427 1073 1476 regem
1099 1411 1284 1461 corrueniebat

141 1479 266 1545 populns.
301 1479 398 1528 harum
415 1493 504 1529 rerum
523 1479 643 1544 uestigia
662 1479 690 1527 in
708 1480 795 1528 sacris
814 1478 965 1529 Nonalibus
983 1479 1011 1528 in
1031 1495 1109 1538 aree,
1130 1479 1200 1543 quod
1219 1485 1291 1546 tune,

141 1549 225 1596 letias
249 1547 354 1612 primas
377 1553 531 1598 menstruas
550 1562 621 1614 quae
641 1547 749 1596 futurae
768 1548 824 1596 sint
843 1563 875 1596 eo
893 1559 986 1596 mense
1005 1561 1052 1596 rex
1072 1547 1156 1596 edicit
1173 1547 1282 1636 populo.
1322 1545 1329 1558 '

142 1615 203 1666 Idus
222 1615 259 1665 ab
278 1631 312 1664 ee
330 1616 401 1680 qnod
419 1615 503 1664 'rusci
522 1617 580 1665 ltns
604 1613 649 1663 uel
673 1615 762 1678 potius
782 1615 852 1679 quod
871 1614 966 1664 Sabini
984 1613 1048 1664 Idus
1067 1613 1169 1666 dicunt.
1217 1615 1282 1664 Ver-

140 1684 193 1732 rina
207 1683 327 1732 Flaccus
340 1683 418 1732 Fast.
432 1683 531 1732 Praeu.
548 1683 558 1732 l
573 1684 633 1732 Ian.
647 1683 694 1743 (cl.
708 1683 867 1732 Mommsen.
882 1682 1002 1732 chronol.
1017 1683 1091 1732 Rom.
1105 1699 1131 1750 p.
1147 1682 1177 1731 17
1191 1699 1216 1731 n.
1227 1681 1282 1745 13):

140 1751 217 1800 ‘Hae
247 1757 276 1800 et
298 1757 403 1812 ceterae
428 1751 563 1801 calendae
593 1750 769 1815 appellantur
791 1752 856 1814 quia
878 1755 980 1814 pmmna
1003 1751 1026 1800 is
1049 1751 1108 1800 dies
1132 1756 1186 1812 est,
1217 1765 1283 1816 ques

140 1819 265 1882 pontifex
294 1819 383 1867 minor
409 1819 521 1883 quolibet
549 1833 642 1868 mense
672 1819 706 1867 ad
735 1833 823 1868 nonne
850 1819 965 1882 sinpalae
993 1823 1061 1868 catat
1089 1819 1117 1866 in
1146 1818 1283 1884 Capitolio

140 1886 165 1934 in
185 1887 264 1936 curia
283 1885 418 1936 calabrn.'
453 1886 556 1936 Paulus
574 1903 600 1951 p.
619 1885 680 1934 2⁶25:
720 1886 872 1952 ‘procelare
891 1901 1040 1952 prouocare
1061 1903 1093 1936 ex
1112 1887 1220 1937 Graeco
1232 1903 1283 1936 an-

140 1955 198 2004 λεῖν
217 1953 245 2003 id
266 1959 309 2003 est
326 1969 403 2004 uoco.
438 1955 510 2004 unde
530 1953 672 2004 Kalendae
693 1955 830 2004 calumnia
849 1953 962 2004 calones
981 1959 1009 2003 et
1028 1955 1141 2004 caculae
1162 1960 1190 2004 et
1208 1955 1282 2004 cala·

139 2019 230 2072 teres!
267 2021 367 2072 Festus
385 2039 411 2088 p.
433 2021 493 2071 173:
519 2023 626 2072 ‘Nonas
645 2022 755 2086 quitiam
774 2037 790 2071 a
809 2037 880 2072 nona
898 2022 977 2083 luna,
1004 2023 1073 2086 qnod
1097 2023 1124 2071 in
1149 2039 1196 2072 eas
1221 2038 1282 2072 een-

140 2094 262 2140 enrreret
274 2089 438 2154 principium
452 2091 561 2140 Lunae:
582 2090 631 2140 alii
644 2090 713 2153 quod
727 2105 834 2154 semper
847 2095 911 2139 ante
930 2091 1002 2140 diem
1015 2091 1109 2139 Iduum
1123 2105 1222 2139 nonum
1241 2106 1282 2140 es·

140 2163 208 2217 sent,
227 2157 368 2222 scribique
391 2157 454 2206 ideo
472 2157 573 2208 debere
593 2159 707 2223 primam
727 2157 922 2223 appellationis
940 2159 999 2207 eius
1017 2158 1152 2220 syllabam
1172 2159 1282 2208 adiecta

140 2223 293 2274 alittera.'
327 2225 495 2274 dlncrobienn
517 2243 582 2292 perne
604 2227 651 2275 λιιιο
673 2229 813 2288 pertinent,
837 2227 893 2275 eide
916 2228 940 2274 in
965 2228 1157 2289 Sapntcnrenris.
1178 2253 1210 2260 -
1227 2227 1282 2274 An-

140 2309 187 2342 nus
205 2295 246 2342 lle
268 2290 414 2358 yptinruml
435 2293 565 2342 Geminus
583 2295 688 2357 isagoa.
711 2293 747 2342 Vl
765 2311 791 2359 p.
811 2292 844 2344 33
862 2293 887 2342 b.
914 2309 937 2342 c.
956 2293 995 2342 d.:
1015 2281 1167 2343 Ότανοῦν
1184 2289 1233 2342 καλ
1252 2287 1282 2342 ol

139 2309 268 2410 triental
285 2355 410 2425 αἰιριβιός
421 2349 546 2424 ἄγωνται
558 2355 632 2411 καθ’
650 2355 741 2427 ἥλιον,
761 2359 810 2410 ani
830 2355 1023 2426 clarissumi
1041 2355 1074 2410 αἰ
1089 2352 1193 2426 ἡμέραι
1206 2353 1278 2410 κατὰ

139 2421 270 2494 σελήνην,
283 2420 345 2477 τότε
357 2427 520 2492 νομίζουσιν
531 2418 698 2494 οἷἝλληνες
709 2422 781 2478 κατὰ
794 2421 828 2478 ari
840 2422 947 2488 πάτρια
961 2421 1055 2478 θύειν.
1081 2428 1164 2478 τουτο
1176 2422 1208 2478 δι’
1222 2420 1280 2478 ἐστι

139 2490 207 2544 sarci
228 2489 297 2553 τοὺς
316 2485 421 2552 adrosis
439 2489 557 2560 ιιαιρούς
575 2496 626 2547 τοῦ
645 2487 779 2547 ἐνιαυτοῦ
801 2489 852 2553 τας
875 2489 966 2554 aritae
984 2495 1091 2554 θυσίας
1114 2498 1174 2553 τοῖς
1197 2497 1281 2553 θεοῖς

139 2563 348 2614 συντελεῖσθαι.
385 2557 415 2613 ni
436 2558 489 2629 pia
511 2558 566 2629 γὰρ
589 2557 739 2629 Αἰγύπτιοι
758 2559 811 2630 τὴν
830 2557 966 2614 ἐναντίαν
985 2557 1127 2629 διάληψιν
1144 2559 1193 2613 καί
1212 2556 1280 2627 apd-

140 2631 221 2682 θεσιν
245 2621 381 2711 deprimes
405 2635 465 2688 τοῖς
482 2619 621 2696 Ἐλλησιν.
658 2623 723 2683 οὔτε
746 2625 799 2698 γὰρ
823 2625 889 2690 τούς
913 2624 1062 2690 ἐνιαυτοὺς
1085 2622 1187 2696 ἄγουσι
1206 2621 1280 2681 καθ’

139 2689 227 2778 siticen3
247 2713 315 2749 ουιε
334 2692 400 2757 τούς
417 2699 511 2765 μῆνας
535 2698 584 2750 καὶ
607 2691 658 2758 τὰς
681 2692 788 2766 ἡμέρας
812 2694 884 2750 κατὰ
903 2693 956 2766 τὴν
974 2693 1109 2766 σελήνην,
1133 2689 1198 2749 ἀλλ’
1217 2694 1280 2764 ἰδίᾳ

139 2765 191 2816 ιινλ
209 2759 366 2817 caesaricas
389 2763 558 2833 κεχρημένοι
578 2763 647 2818 εἰσί·
672 2761 824 2834 βούλονται
847 2761 901 2833 γὰρ
925 2761 975 2826 τοὶς
995 2767 1101 2826 θυσίας
1118 2770 1179 2824 τοῖς
1197 2767 1279 2826 θεοῖς

138 2829 174 2914 μη
197 2829 274 2886 κατὰ
297 2828 347 2885 τὸν
376 2825 464 2886 αὐτὸν
485 2828 595 2900 ’καιρὸν
618 2835 668 2886 τοῦ
692 2827 826 2886 ἐνιαυτοῦ
848 2836 983 2902 γίνεσθαι
1011 2827 1083 2886 ἀλλὰ
1108 2828 1157 2886 daei
1181 2833 1281 2886 παοιίν

138 2919 190 2952 sas
208 2903 260 2952 τοῦ
281 2893 416 2953 ἐνιαυτοῦ
433 2895 513 2967 aipein
532 2903 674 2954 διελθεῖν·
695 2901 744 2954 καὶ
757 2903 891 2968 γίνεσθαι
905 2897 957 2970 τὴν
976 2897 1098 2970 θερινὴν
1117 2895 1146 2954 ἕο
1167 2895 1219 2970 τὴν
1231 2901 1280 2954 καὶ

139 2963 302 3048 χειμερινὴν
326 2967 375 3020 καὶ
398 2965 622 3037 φθινοπωρινὴν
645 2967 694 3021 καλ
719 2963 851 3035 ἕαρινν·
876 2962 977 3036 ἄγουσι
1002 2965 1057 3037 γὰρ
1075 2965 1126 3022 τὸν
1144 2920 1280 3022 increata

139 3037 252 3102 ημεραῑν
271 3039 441 3102 τριακοσίων
464 3030 604 3106 ἑξήκοντα
627 3035 720 3090 πέντε.
763 2989 876 3090 edissa
894 3033 949 3104 γὰρ
967 3039 1061 3106 μῆνας
1079 3030 1180 3104 ἄγουσι
1200 3047 1278 3104 τρια-

958 3125 976 3158 α

138 3135 348 3207 ιονθημέρους,
366 3136 416 3190 ναὶ
435 3135 517 3191 πέντε
536 3135 645 3208 ἡμέρας
664 3132 810 3206 ἐπάγουσι.
852 3133 883 3191 τὸ
903 3134 935 3192 di
959 3166 980 3234 ὅ
1001 3131 1053 3192 οὖν
1072 3132 1208 3208 ἐπάγουσι
1229 3135 1277 3192 διὰ

138 3235 187 3309 την
204 3236 420 3307 προειρημένην
437 3235 545 3300 αἰτίαν,
566 3240 616 3292 ἵνα
634 3232 732 3301 αὐτοῖς
750 3234 983 3304 ᾰναιιοὸίζωνται
1001 3236 1034 3293 αἱ
1051 3233 1157 3308 ἕορταί.
1177 3259 1202 3292 ιι.
1216 3259 1238 3295 τ,
1254 3244 1276 3293 λ.

137 3311 302 3361 Censorinus
315 3310 349 3359 de
362 3311 407 3360 die
419 3309 507 3360 natali
521 3311 609 3359 xv1u
626 3310 669 3359 ln:
690 3311 771 3359 ‘Nam
786 3327 875 3360 corum
889 3310 1096 3375 (Aepppuorum)
1110 3327 1197 3360 annus
1210 3312 1278 3360 eiui-
1367 3359 1371 3371 ,

136 3379 169 3428 lis
184 3379 261 3428 seles
279 3377 365 3428 babet
382 3378 441 3427 dies
459 3377 603 3428 CCCLXV
621 3379 680 3428 sine
695 3379 749 3428 ullo
769 3378 942 3428 intercalari:
961 3380 1055 3443 itaque
1070 3379 1277 3443 quadriennium

137 3446 206 3510 apud
219 3461 270 3495 eoa
282 3461 336 3494 ιιιιο
349 3446 461 3496 circiter
473 3446 518 3495 die
532 3447 619 3496 minus
634 3453 676 3496 est
689 3462 768 3510 quam
782 3447 907 3496 naturale
921 3444 1152 3510 quadriennium’
1172 3447 1279 3495 blacta-

138 3513 263 3564 binssat.
283 3515 294 3562 l
318 3512 362 3574 15,
384 3513 410 3562 l:
452 3513 537 3563 ‘'l’une
556 3515 660 3574 Herus,
685 3515 753 3564 Dies
772 3514 880 3578 quidem
898 3514 957 3571 hie,
981 3515 1083 3578 iuquit,
1103 3513 1278 3562 intercalaris

137 3589 284 3646 antequam
304 3579 414 3644 quintus
433 3597 520 3630 annus
540 3583 657 3647 incipiat
675 3581 835 3632 inserendus
854 3597 913 3630 cum
932 3582 1051 3646 Aegypti
1070 3582 1164 3630 matris
1178 3581 1275 3629 artium

137 3651 241 3700 ratione
256 3649 410 3698 ecrrsentit:
424 3649 471 3698 sed
485 3648 553 3698 nibil
567 3651 595 3698 in
608 3649 714 3700 illorum
728 3650 866 3699 mensibus
880 3649 1050 3713 explicandis
1063 3649 1170 3698 uidetur
1183 3663 1277 3713 opern-

137 3733 204 3776 sum,
230 3733 300 3782 quos
325 3717 459 3766 tricenum
484 3717 588 3766 dierum
612 3733 705 3768 omnes
727 3717 844 3766 babent:
870 3732 955 3780 eoque
976 3716 1115 3781 explicitis
1134 3716 1276 3765 duodecim

138 3785 276 3834 mensibus
300 3783 328 3832 id
347 3790 389 3834 est
408 3786 539 3834 trecentis
562 3787 710 3851 sexaginta
728 3785 824 3836 diebus
837 3785 941 3834 exactis
960 3789 1024 3834 tune
1044 3785 1114 3832 inter
1128 3785 1276 3849 Augustum

137 3859 216 3917 atque
236 3851 427 3916 Septembrem
446 3851 566 3918 reliques
585 3855 703 3918 quinque
721 3854 781 3903 dies
800 3867 871 3902 anno
890 3867 938 3900 auo
952 3853 1076 3912 reddunt,
1096 3856 1276 3900 annectentes

137 3927 230 3982 quarto
256 3935 364 3984 qnoque
389 3935 459 3970 anno
484 3925 582 3970 exacto
607 3921 800 3971 intercalarem
824 3921 869 3984 qui
893 3935 926 3968 ex
952 3919 1148 3984 qrradrantibus
1172 3917 1275 3969 confit)

139 4057 201 4065 ιιι-
205 4059 229 4065 -ι
238 4058 339 4064 ----———

219 4153 230 4204 l
251 4149 372 4200 reuerte
389 4135 427 4196 B¹
448 4133 462 4222 Η
483 4152 590 4220 quarto
607 4136 646 4198 13¹
663 4149 771 4220 quartu
793 4137 831 4198 13²
853 4134 867 4222 l]
888 4137 1141 4218 septembriumd
1161 4135 1175 4219 Η
1196 4159 1275 4200 conr·
1350 4145 1357 4157 “

154 4225 256 4285 lentur
276 4220 327 4306 ΒΙΙ
343 4235 360 4286 2
375 4223 482 4284 diebus
499 4229 526 4282 B
545 4221 558 4306 ll
582 4225 788 4284 CCOLXXII
808 4231 847 4296 A,
873 4226 1022 4282 Beckerus
1037 4218 1050 4303 il
1065 4245 1220 4300 mensuum
1235 4222 1274 4282 B¹

135 4245 397 4390 iitepagomenaa
410 4315 434 4367 A
447 4307 522 4388 apag
537 4331 575 4368 no
590 4310 670 4368 mina
684 4306 719 4366 B¹
738 4331 813 4388 epac
826 4329 979 4368 armenas
994 4307 1032 4364 B'·'
1047 4305 1060 4390 ΙΙ
1077 4311 1276 4370 intercalares·

138 4397 200 4456 sine
217 4395 342 4454 additos
357 4397 386 4452 B
400 4395 600 4454 intercalares
616 4395 682 4454 siue
699 4395 853 4454 addititios
869 4398 1011 4452 Arctatus
