<?xml version="1.0" encoding="UTF-8"?>
<!DOCTYPE html PUBLIC "-//W3C//DTD XHTML 1.0 Transitional//EN"
    "http://www.w3.org/TR/xhtml1/DTD/xhtml1-transitional.dtd">
<html xmlns="http://www.w3.org/1999/xhtml" xml:lang="en" lang="en">
 <head>
  <title>
</title>
<meta http-equiv="Content-Type" content="text/html;charset=utf-8" />
  <meta name='ocr-system' content='tesseract 3.04.00' />
  <meta name='ocr-capabilities' content='ocr_page ocr_carea ocr_par ocr_line ocrx_word'/>
</head>
<body>
  <div class='ocr_page' id='page_1' title='image "./csvetonitranqvi01ritsgoog_0252.png"; bbox 0 0 3072 5064; ppageno 0'>
   <div class='ocr_carea' id='block_1_1' title="bbox 551 397 1291 461">
    <p class='ocr_par' dir='ltr' id='par_1_1' title="bbox 551 397 1291 461">
     <span class='ocr_line' id='line_1_1' title="bbox 551 397 1291 461; baseline 0.012 -9"><span class='ocrx_word' id='word_1_1' title='bbox 551 409 594 453; x_wconf 82' lang='lat' dir='ltr'><strong>na</strong></span> <span class='ocrx_word' id='word_1_2' title='bbox 617 411 756 456; x_wconf 80' lang='lat' dir='ltr'><strong>aanvms</strong></span> <span class='ocrx_word' id='word_1_3' title='bbox 778 410 888 455; x_wconf 79' lang='lat' dir='ltr'><strong>aaavu</strong></span> <span class='ocrx_word' id='word_1_4' title='bbox 1230 397 1291 461; x_wconf 74' lang='lat'><strong>221</strong></span> 
     </span>
    </p>
   </div>
   <div class='ocr_carea' id='block_1_2' title="bbox 115 555 1296 2068">
    <p class='ocr_par' dir='ltr' id='par_1_2' title="bbox 115 555 1296 2068">
     <span class='ocr_line' id='line_1_2' title="bbox 146 555 1294 647; baseline 0 -23"><span class='ocrx_word' id='word_1_5' title='bbox 146 555 315 624; x_wconf 82' lang='lat' dir='ltr'><strong>stellarum</strong></span> <span class='ocrx_word' id='word_1_6' title='bbox 342 556 417 624; x_wconf 90' lang='lat' dir='ltr'><strong>luce</strong></span> <span class='ocrx_word' id='word_1_7' title='bbox 442 557 603 640; x_wconf 71' lang='lat' dir='ltr'>terribile,</span> <span class='ocrx_word' id='word_1_8' title='bbox 637 560 723 647; x_wconf 91' lang='lat' dir='ltr'><strong>quod</strong></span> <span class='ocrx_word' id='word_1_9' title='bbox 748 560 900 646; x_wconf 87' lang='lat' dir='ltr'><strong>ignorare</strong></span> <span class='ocrx_word' id='word_1_10' title='bbox 928 579 1067 644; x_wconf 86' lang='lat' dir='ltr'><strong>magnae</strong></span> <span class='ocrx_word' id='word_1_11' title='bbox 1090 557 1294 632; x_wconf 60' lang='lat' dir='ltr'><strong>difficultatis</strong></span> 
     </span>
     <span class='ocr_line' id='line_1_3' title="bbox 146 659 1294 748; baseline -0.001 -22"><span class='ocrx_word' id='word_1_12' title='bbox 146 671 210 742; x_wconf 85' lang='lat' dir='ltr'><strong>est,</strong></span> <span class='ocrx_word' id='word_1_13' title='bbox 251 661 328 724; x_wconf 91' lang='lat' dir='ltr'><strong>ideo</strong></span> <span class='ocrx_word' id='word_1_14' title='bbox 353 661 430 748; x_wconf 88' lang='lat' dir='ltr'><strong>quia</strong></span> <span class='ocrx_word' id='word_1_15' title='bbox 464 662 614 747; x_wconf 87' lang='lat' dir='ltr'><strong>quamuis</strong></span> <span class='ocrx_word' id='word_1_16' title='bbox 642 659 739 726; x_wconf 87' lang='lat' dir='ltr'><strong>rudes</strong></span> <span class='ocrx_word' id='word_1_17' title='bbox 774 659 887 726; x_wconf 86' lang='lat' dir='ltr'><strong>oculos</strong></span> <span class='ocrx_word' id='word_1_18' title='bbox 914 669 1022 724; x_wconf 76' lang='lat' dir='ltr'><strong>tamem</strong></span> <span class='ocrx_word' id='word_1_19' title='bbox 1048 681 1128 747; x_wconf 88' lang='lat' dir='ltr'><strong>prae</strong></span> <span class='ocrx_word' id='word_1_20' title='bbox 1155 659 1294 745; x_wconf 83' lang='lat' dir='ltr'><strong>fulgoris</strong></span> 
     </span>
     <span class='ocr_line' id='line_1_4' title="bbox 146 760 1294 848; baseline 0 -22"><span class='ocrx_word' id='word_1_21' title='bbox 146 760 323 848; x_wconf 72' lang='lat' dir='ltr'>splendore</span> <span class='ocrx_word' id='word_1_22' title='bbox 350 763 383 826; x_wconf 92' lang='lat' dir='ltr'><strong>in</strong></span> <span class='ocrx_word' id='word_1_23' title='bbox 405 773 509 828; x_wconf 88' lang='lat' dir='ltr'><strong>semet</strong></span> <span class='ocrx_word' id='word_1_24' title='bbox 536 762 642 848; x_wconf 88' lang='lat' dir='ltr'><strong>ipsum</strong></span> <span class='ocrx_word' id='word_1_25' title='bbox 668 762 764 847; x_wconf 88' lang='lat' dir='ltr'><strong>rupit.</strong></span> <span class='ocrx_word' id='word_1_26' title='bbox 808 763 829 841; x_wconf 83' lang='lat'>†</span> <span class='ocrx_word' id='word_1_27' title='bbox 853 761 886 824; x_wconf 92' lang='lat' dir='ltr'><strong>hi</strong></span> <span class='ocrx_word' id='word_1_28' title='bbox 909 763 1029 848; x_wconf 90' lang='lat' dir='ltr'><strong>quippo</strong></span> <span class='ocrx_word' id='word_1_29' title='bbox 1050 763 1071 840; x_wconf 94' lang='lat'>†</span> <span class='ocrx_word' id='word_1_30' title='bbox 1094 762 1233 827; x_wconf 82' lang='lat' dir='ltr'><strong>Oriones</strong></span> <span class='ocrx_word' id='word_1_31' title='bbox 1259 763 1294 826; x_wconf 90' lang='lat' dir='ltr'><strong>in</strong></span> 
     </span>
     <span class='ocr_line' id='line_1_5' title="bbox 146 863 1293 950; baseline 0.002 -24"><span class='ocrx_word' id='word_1_32' title='bbox 146 863 216 949; x_wconf 89' lang='lat' dir='ltr'><strong>ipso</strong></span> <span class='ocrx_word' id='word_1_33' title='bbox 243 863 388 948; x_wconf 92' lang='lat' dir='ltr'><strong>pondere</strong></span> <span class='ocrx_word' id='word_1_34' title='bbox 416 864 571 950; x_wconf 87' lang='lat' dir='ltr'><strong>temporis</strong></span> <span class='ocrx_word' id='word_1_35' title='bbox 600 863 749 928; x_wconf 87' lang='lat' dir='ltr'><strong>hiemalis</strong></span> <span class='ocrx_word' id='word_1_36' title='bbox 781 864 973 928; x_wconf 85' lang='lat' dir='ltr'><strong>exoriuntur</strong></span> <span class='ocrx_word' id='word_1_37' title='bbox 995 883 1119 950; x_wconf 88' lang='lat' dir='ltr'><strong>suoque</strong></span> <span class='ocrx_word' id='word_1_38' title='bbox 1141 872 1215 928; x_wconf 89' lang='lat' dir='ltr'><strong>ortu</strong></span> <span class='ocrx_word' id='word_1_39' title='bbox 1236 863 1293 928; x_wconf 91' lang='lat' dir='ltr'><strong>im·</strong></span> 
     </span>
     <span class='ocr_line' id='line_1_6' title="bbox 125 963 1292 1052; baseline 0.003 -25"><span class='ocrx_word' id='word_1_40' title='bbox 125 963 222 1028; x_wconf 64' lang='lat' dir='ltr'><strong>threa</strong></span> <span class='ocrx_word' id='word_1_41' title='bbox 246 973 280 1028; x_wconf 91' lang='lat' dir='ltr'><strong>et</strong></span> <span class='ocrx_word' id='word_1_42' title='bbox 300 974 511 1051; x_wconf 85' lang='lat' dir='ltr'><strong>tempestates</strong></span> <span class='ocrx_word' id='word_1_43' title='bbox 535 965 680 1030; x_wconf 87' lang='lat' dir='ltr'><strong>excitant</strong></span> <span class='ocrx_word' id='word_1_44' title='bbox 709 973 741 1028; x_wconf 90' lang='lat' dir='ltr'><strong>et</strong></span> <span class='ocrx_word' id='word_1_45' title='bbox 762 963 866 1029; x_wconf 88' lang='lat' dir='ltr'><strong>maria</strong></span> <span class='ocrx_word' id='word_1_46' title='bbox 892 973 1060 1050; x_wconf 86' lang='lat' dir='ltr'><strong>terrasque</strong></span> <span class='ocrx_word' id='word_1_47' title='bbox 1090 965 1292 1052; x_wconf 80' lang='lat' dir='ltr'>perturbant.</span> 
     </span>
     <span class='ocr_line' id='line_1_7' title="bbox 147 1064 1293 1152; baseline 0.003 -24"><span class='ocrx_word' id='word_1_48' title='bbox 147 1079 309 1130; x_wconf 73' lang='lat' dir='ltr'><strong>consutas</strong></span> <span class='ocrx_word' id='word_1_49' title='bbox 336 1064 432 1130; x_wconf 84' lang='lat' dir='ltr'><strong>stella</strong></span> <span class='ocrx_word' id='word_1_50' title='bbox 459 1074 509 1129; x_wconf 89' lang='lat' dir='ltr'><strong>est</strong></span> <span class='ocrx_word' id='word_1_51' title='bbox 538 1087 621 1152; x_wconf 88' lang='lat' dir='ltr'><strong>quae</strong></span> <span class='ocrx_word' id='word_1_52' title='bbox 649 1067 741 1130; x_wconf 88' lang='lat' dir='ltr'><strong>uelut</strong></span> <span class='ocrx_word' id='word_1_53' title='bbox 765 1087 874 1132; x_wconf 89' lang='lat' dir='ltr'><strong>comas</strong></span> <span class='ocrx_word' id='word_1_54' title='bbox 895 1064 1029 1128; x_wconf 89' lang='lat' dir='ltr'><strong>luminis</strong></span> <span class='ocrx_word' id='word_1_55' title='bbox 1051 1087 1093 1130; x_wconf 85' lang='lat' dir='ltr'><strong>ex</strong></span> <span class='ocrx_word' id='word_1_56' title='bbox 1115 1089 1150 1131; x_wconf 88' lang='lat' dir='ltr'><strong>sa</strong></span> <span class='ocrx_word' id='word_1_57' title='bbox 1174 1066 1293 1132; x_wconf 86' lang='lat' dir='ltr'><strong>fundit.</strong></span> 
     </span>
     <span class='ocr_line' id='line_1_8' title="bbox 145 1165 1296 1251; baseline 0.003 -22"><span class='ocrx_word' id='word_1_58' title='bbox 145 1165 226 1230; x_wconf 87' lang='lat' dir='ltr'><strong>haec</strong></span> <span class='ocrx_word' id='word_1_59' title='bbox 249 1188 324 1232; x_wconf 87' lang='lat' dir='ltr'><strong>cum</strong></span> <span class='ocrx_word' id='word_1_60' title='bbox 344 1169 489 1232; x_wconf 85' lang='lat' dir='ltr'><strong>nascitur</strong></span> <span class='ocrx_word' id='word_1_61' title='bbox 511 1176 567 1230; x_wconf 87' lang='lat' dir='ltr'><strong>sut</strong></span> <span class='ocrx_word' id='word_1_62' title='bbox 581 1168 673 1251; x_wconf 82' lang='lat' dir='ltr'><strong>regni</strong></span> <span class='ocrx_word' id='word_1_63' title='bbox 691 1169 904 1232; x_wconf 80' lang='lat' dir='ltr'><strong>mutationem</strong></span> <span class='ocrx_word' id='word_1_64' title='bbox 927 1165 1032 1230; x_wconf 74' lang='lat' dir='ltr'><strong>femur</strong></span> <span class='ocrx_word' id='word_1_65' title='bbox 1052 1167 1224 1232; x_wconf 86' lang='lat' dir='ltr'><strong>ostendero</strong></span> <span class='ocrx_word' id='word_1_66' title='bbox 1238 1176 1296 1232; x_wconf 88' lang='lat' dir='ltr'><strong>aut</strong></span> 
     </span>
     <span class='ocr_line' id='line_1_9' title="bbox 146 1265 1120 1354; baseline 0.003 -24"><span class='ocrx_word' id='word_1_67' title='bbox 146 1265 233 1332; x_wconf 87' lang='lat' dir='ltr'><strong>bella</strong></span> <span class='ocrx_word' id='word_1_68' title='bbox 251 1278 286 1332; x_wconf 90' lang='lat' dir='ltr'><strong>et</strong></span> <span class='ocrx_word' id='word_1_69' title='bbox 306 1268 509 1354; x_wconf 70' lang='lat' dir='ltr'><strong>pestilentias</strong></span> <span class='ocrx_word' id='word_1_70' title='bbox 532 1289 677 1352; x_wconf 84' lang='lat' dir='ltr'><strong>surgere.</strong></span> <span class='ocrx_word' id='word_1_71' title='bbox 722 1268 763 1333; x_wconf 87' lang='lat' dir='ltr'><strong>de</strong></span> <span class='ocrx_word' id='word_1_72' title='bbox 785 1290 849 1354; x_wconf 90' lang='lat' dir='ltr'><strong>quo</strong></span> <span class='ocrx_word' id='word_1_73' title='bbox 870 1267 1038 1352; x_wconf 88' lang='lat' dir='ltr'><strong>[Lucanus</strong></span> <span class='ocrx_word' id='word_1_74' title='bbox 1060 1269 1120 1334; x_wconf 85' lang='lat' dir='ltr'><strong>ait:</strong></span> 
     </span>
     <span class='ocr_line' id='line_1_10' title="bbox 351 1371 1011 1454; baseline 0 -20"><span class='ocrx_word' id='word_1_75' title='bbox 351 1379 383 1434; x_wconf 90' lang='lat' dir='ltr'><strong>et</strong></span> <span class='ocrx_word' id='word_1_76' title='bbox 404 1371 500 1434; x_wconf 86' lang='lat' dir='ltr'><strong>terris</strong></span> <span class='ocrx_word' id='word_1_77' title='bbox 519 1377 703 1434; x_wconf 81' lang='lat' dir='ltr'><strong>mutantem</strong></span> <span class='ocrx_word' id='word_1_78' title='bbox 720 1391 823 1454; x_wconf 85' lang='lat' dir='ltr'><strong>regna</strong></span> <span class='ocrx_word' id='word_1_79' title='bbox 843 1378 1011 1435; x_wconf 86' lang='lat' dir='ltr'><strong>cometem.</strong></span> 
     </span>
     <span class='ocr_line' id='line_1_11' title="bbox 118 1469 393 1556; baseline -0.004 -20"><span class='ocrx_word' id='word_1_80' title='bbox 118 1472 189 1556; x_wconf 81' lang='lat' dir='ltr'><strong>ruet]</strong></span> <span class='ocrx_word' id='word_1_81' title='bbox 213 1469 393 1556; x_wconf 87' lang='lat' dir='ltr'><strong>Virgilius:</strong></span> 
     </span>
     <span class='ocr_line' id='line_1_12' title="bbox 351 1572 944 1638; baseline 0.003 -2"><span class='ocrx_word' id='word_1_82' title='bbox 351 1595 412 1636; x_wconf 89' lang='lat' dir='ltr'><strong>neo</strong></span> <span class='ocrx_word' id='word_1_83' title='bbox 434 1572 497 1637; x_wconf 89' lang='lat' dir='ltr'><strong>diri</strong></span> <span class='ocrx_word' id='word_1_84' title='bbox 519 1573 639 1638; x_wconf 90' lang='lat' dir='ltr'><strong>totiens</strong></span> <span class='ocrx_word' id='word_1_85' title='bbox 658 1595 768 1638; x_wconf 83' lang='lat' dir='ltr'><strong>arsere</strong></span> <span class='ocrx_word' id='word_1_86' title='bbox 790 1580 944 1638; x_wconf 85' lang='lat' dir='ltr'><strong>cometae.</strong></span> 
     </span>
     <span class='ocr_line' id='line_1_13' title="bbox 146 1671 1292 1764; baseline 0.007 -28"><span class='ocrx_word' id='word_1_87' title='bbox 146 1671 343 1757; x_wconf 85' lang='lat' dir='ltr'><strong>genethliaci</strong></span> <span class='ocrx_word' id='word_1_88' title='bbox 372 1684 480 1738; x_wconf 89' lang='lat' dir='ltr'><strong>autem</strong></span> <span class='ocrx_word' id='word_1_89' title='bbox 508 1676 613 1739; x_wconf 91' lang='lat' dir='ltr'><strong>omnis</strong></span> <span class='ocrx_word' id='word_1_90' title='bbox 637 1673 748 1740; x_wconf 86' lang='lat' dir='ltr'><strong>stellas</strong></span> <span class='ocrx_word' id='word_1_91' title='bbox 770 1675 926 1740; x_wconf 83' lang='lat' dir='ltr'><strong>erraticas</strong></span> <span class='ocrx_word' id='word_1_92' title='bbox 947 1674 1143 1762; x_wconf 87' lang='lat' dir='ltr'><strong>quibusdam</strong></span> <span class='ocrx_word' id='word_1_93' title='bbox 1169 1684 1292 1764; x_wconf 87' lang='lat' dir='ltr'><strong>tempo·</strong></span> 
     </span>
     <span class='ocr_line' id='line_1_14' title="bbox 146 1773 1291 1864; baseline 0.007 -26"><span class='ocrx_word' id='word_1_94' title='bbox 146 1773 237 1838; x_wconf 88' lang='lat' dir='ltr'><strong>ribus</strong></span> <span class='ocrx_word' id='word_1_95' title='bbox 272 1783 417 1840; x_wconf 86' lang='lat' dir='ltr'><strong>cometas</strong></span> <span class='ocrx_word' id='word_1_96' title='bbox 445 1775 515 1840; x_wconf 91' lang='lat' dir='ltr'><strong>fieri</strong></span> <span class='ocrx_word' id='word_1_97' title='bbox 546 1776 660 1842; x_wconf 91' lang='lat' dir='ltr'><strong>dieunt</strong></span> <span class='ocrx_word' id='word_1_98' title='bbox 687 1786 720 1840; x_wconf 91' lang='lat' dir='ltr'><strong>et</strong></span> <span class='ocrx_word' id='word_1_99' title='bbox 745 1787 844 1864; x_wconf 84' lang='lat' dir='ltr'><strong>prout</strong></span> <span class='ocrx_word' id='word_1_100' title='bbox 870 1777 1045 1864; x_wconf 90' lang='lat' dir='ltr'><strong>unicuique</strong></span> <span class='ocrx_word' id='word_1_101' title='bbox 1078 1787 1154 1842; x_wconf 87' lang='lat' dir='ltr'><strong>sunt</strong></span> <span class='ocrx_word' id='word_1_102' title='bbox 1185 1789 1291 1846; x_wconf 89' lang='lat' dir='ltr'><strong>motus</strong></span> 
     </span>
     <span class='ocr_line' id='line_1_15' title="bbox 145 1875 1292 1967; baseline 0.005 -29"><span class='ocrx_word' id='word_1_103' title='bbox 145 1875 190 1938; x_wconf 86' lang='lat' dir='ltr'><strong>ita</strong></span> <span class='ocrx_word' id='word_1_104' title='bbox 213 1876 361 1940; x_wconf 85' lang='lat' dir='ltr'><strong>secunda</strong></span> <span class='ocrx_word' id='word_1_105' title='bbox 383 1876 435 1941; x_wconf 88' lang='lat' dir='ltr'><strong>uel</strong></span> <span class='ocrx_word' id='word_1_106' title='bbox 453 1879 594 1943; x_wconf 84' lang='lat' dir='ltr'><strong>aduersa</strong></span> <span class='ocrx_word' id='word_1_107' title='bbox 616 1878 823 1966; x_wconf 88' lang='lat' dir='ltr'><strong>portendere.</strong></span> <span class='ocrx_word' id='word_1_108' title='bbox 862 1893 973 1942; x_wconf 81' lang='lat' dir='ltr'><strong>statvs</strong></span> <span class='ocrx_word' id='word_1_109' title='bbox 989 1877 1085 1943; x_wconf 88' lang='lat' dir='ltr'><strong>stella</strong></span> <span class='ocrx_word' id='word_1_110' title='bbox 1107 1887 1171 1962; x_wconf 86' lang='lat' dir='ltr'><strong>eat,</strong></span> <span class='ocrx_word' id='word_1_111' title='bbox 1194 1901 1292 1967; x_wconf 89' lang='lat' dir='ltr'><strong>quam</strong></span> 
     </span>
     <span class='ocr_line' id='line_1_16' title="bbox 115 1975 1292 2068; baseline 0.006 -29"><span class='ocrx_word' id='word_1_112' title='bbox 115 1999 137 2039; x_wconf 80' lang='lat' dir='ltr'><strong>ra</strong></span> <span class='ocrx_word' id='word_1_113' title='bbox 146 1975 245 2062; x_wconf 83' lang='lat' dir='ltr'><strong>uulgo</strong></span> <span class='ocrx_word' id='word_1_114' title='bbox 262 1992 382 2041; x_wconf 70' lang='lat' dir='ltr'><strong>cantu</strong></span> <span class='ocrx_word' id='word_1_115' title='bbox 400 1977 577 2066; x_wconf 87' lang='lat' dir='ltr'><strong>appellant.</strong></span> <span class='ocrx_word' id='word_1_116' title='bbox 611 1979 717 2044; x_wconf 80' lang='lat' dir='ltr'><strong>Sirius</strong></span> <span class='ocrx_word' id='word_1_117' title='bbox 733 1981 854 2068; x_wconf 87' lang='lat' dir='ltr'><strong>quippe</strong></span> <span class='ocrx_word' id='word_1_118' title='bbox 874 1979 1039 2066; x_wconf 87' lang='lat' dir='ltr'><strong>appellata</strong></span> <span class='ocrx_word' id='word_1_119' title='bbox 1053 1990 1187 2068; x_wconf 88' lang='lat' dir='ltr'><strong>propter</strong></span> <span class='ocrx_word' id='word_1_120' title='bbox 1201 1979 1292 2046; x_wconf 88' lang='lat' dir='ltr'><strong>flam-</strong></span> 
     </span>
    </p>
   </div>
   <div class='ocr_carea' id='block_1_3' title="bbox 144 2167 1292 2843">
    <p class='ocr_par' dir='ltr' id='par_1_3' title="bbox 144 2167 1292 2843">
     <span class='ocr_line' id='line_1_17' title="bbox 145 2167 1290 2234; baseline 0.003 -18"><span class='ocrx_word' id='word_1_121' title='bbox 145 2167 298 2232; x_wconf 74' lang='lat' dir='ltr'><strong>proximum</strong></span> <span class='ocrx_word' id='word_1_122' title='bbox 320 2167 384 2217; x_wconf 91' lang='lat' dir='ltr'><strong>hnic</strong></span> <span class='ocrx_word' id='word_1_123' title='bbox 404 2173 447 2218; x_wconf 85' lang='lat' dir='ltr'><strong>cst</strong></span> <span class='ocrx_word' id='word_1_124' title='bbox 465 2169 572 2233; x_wconf 85' lang='lat' dir='ltr'><strong>signum</strong></span> <span class='ocrx_word' id='word_1_125' title='bbox 586 2169 700 2218; x_wconf 89' lang='lat' dir='ltr'><strong>Bootem</strong></span> <span class='ocrx_word' id='word_1_126' title='bbox 714 2169 848 2218; x_wconf 84' lang='lat' dir='ltr'><strong>nominari</strong></span> <span class='ocrx_word' id='word_1_127' title='bbox 868 2169 964 2218; x_wconf 87' lang='lat' dir='ltr'><strong>uolunt</strong></span> <span class='ocrx_word' id='word_1_128' title='bbox 981 2205 988 2218; x_wconf 94' lang='lat'><em>.</em></span> <span class='ocrx_word' id='word_1_129' title='bbox 1004 2207 1009 2218; x_wconf 90' lang='lat'><strong><em>.</em></strong></span> <span class='ocrx_word' id='word_1_130' title='bbox 1025 2205 1052 2218; x_wconf 92' lang='lat'><strong>..</strong></span> <span class='ocrx_word' id='word_1_131' title='bbox 1072 2171 1167 2234; x_wconf 87' lang='lat' dir='ltr'><strong>itaque</strong></span> <span class='ocrx_word' id='word_1_132' title='bbox 1187 2176 1214 2220; x_wconf 85' lang='lat' dir='ltr'><strong>et</strong></span> <span class='ocrx_word' id='word_1_133' title='bbox 1232 2170 1290 2233; x_wconf 88' lang='lat' dir='ltr'><strong>illo,</strong></span> 
     </span>
     <span class='ocr_line' id='line_1_18' title="bbox 146 2235 1291 2302; baseline 0.004 -19"><span class='ocrx_word' id='word_1_134' title='bbox 146 2235 190 2298; x_wconf 84' lang='lat' dir='ltr'><strong>qui</strong></span> <span class='ocrx_word' id='word_1_135' title='bbox 208 2240 297 2284; x_wconf 78' lang='lat' dir='ltr'><strong>antes</strong></span> <span class='ocrx_word' id='word_1_136' title='bbox 313 2235 466 2298; x_wconf 83' lang='lat' dir='ltr'><strong>plaustrum</strong></span> <span class='ocrx_word' id='word_1_137' title='bbox 479 2251 596 2300; x_wconf 87' lang='lat' dir='ltr'><strong>sequens</strong></span> <span class='ocrx_word' id='word_1_138' title='bbox 608 2237 710 2287; x_wconf 89' lang='lat' dir='ltr'><strong>Bootes</strong></span> <span class='ocrx_word' id='word_1_139' title='bbox 723 2236 932 2302; x_wconf 75' lang='lat' dir='ltr'><strong>appellabatur,</strong></span> <span class='ocrx_word' id='word_1_140' title='bbox 947 2237 1127 2302; x_wconf 80' lang='lat' dir='ltr'><strong>arctophylax</strong></span> <span class='ocrx_word' id='word_1_141' title='bbox 1146 2243 1188 2286; x_wconf 86' lang='lat' dir='ltr'><strong>est</strong></span> <span class='ocrx_word' id='word_1_142' title='bbox 1200 2239 1291 2288; x_wconf 90' lang='lat' dir='ltr'><strong>dictus</strong></span> 
     </span>
     <span class='ocr_line' id='line_1_19' title="bbox 147 2301 1290 2369; baseline 0.003 -19"><span class='ocrx_word' id='word_1_143' title='bbox 147 2339 152 2350; x_wconf 92' lang='lat'><em>.</em></span> <span class='ocrx_word' id='word_1_144' title='bbox 168 2339 193 2352; x_wconf 89' lang='lat'><strong>..</strong></span> <span class='ocrx_word' id='word_1_145' title='bbox 210 2339 216 2350; x_wconf 91' lang='lat'><strong>.</strong></span> <span class='ocrx_word' id='word_1_146' title='bbox 238 2308 267 2351; x_wconf 88' lang='lat' dir='ltr'><strong>et</strong></span> <span class='ocrx_word' id='word_1_147' title='bbox 287 2301 330 2352; x_wconf 90' lang='lat' dir='ltr'><strong>illi</strong></span> <span class='ocrx_word' id='word_1_148' title='bbox 343 2304 388 2366; x_wconf 90' lang='lat' dir='ltr'><strong>qui</strong></span> <span class='ocrx_word' id='word_1_149' title='bbox 407 2303 478 2353; x_wconf 90' lang='lat' dir='ltr'><strong>hane</strong></span> <span class='ocrx_word' id='word_1_150' title='bbox 493 2305 650 2366; x_wconf 71' lang='lat' dir='ltr'><strong>obseruant</strong></span> <span class='ocrx_word' id='word_1_151' title='bbox 670 2305 762 2354; x_wconf 87' lang='lat' dir='ltr'><strong>uerius</strong></span> <span class='ocrx_word' id='word_1_152' title='bbox 782 2309 810 2353; x_wconf 90' lang='lat' dir='ltr'><strong>et</strong></span> <span class='ocrx_word' id='word_1_153' title='bbox 821 2303 982 2368; x_wconf 85' lang='lat' dir='ltr'><strong>diligentius</strong></span> <span class='ocrx_word' id='word_1_154' title='bbox 995 2305 1129 2369; x_wconf 83' lang='lat' dir='ltr'><strong>nauigare</strong></span> <span class='ocrx_word' id='word_1_155' title='bbox 1142 2304 1290 2354; x_wconf 62' lang='lat' dir='ltr'><strong>dicuntur)</strong></span> 
     </span>
     <span class='ocr_line' id='line_1_20' title="bbox 145 2369 1290 2437; baseline 0.002 -17"><span class='ocrx_word' id='word_1_156' title='bbox 145 2370 170 2420; x_wconf 95' lang='lat' dir='ltr'><strong>ll</strong></span> <span class='ocrx_word' id='word_1_157' title='bbox 189 2369 237 2418; x_wconf 78' lang='lat'><strong>21:</strong></span> <span class='ocrx_word' id='word_1_158' title='bbox 263 2371 331 2419; x_wconf 83' lang='lat' dir='ltr'><strong>‘Eas</strong></span> <span class='ocrx_word' id='word_1_159' title='bbox 344 2369 441 2420; x_wconf 83' lang='lat' dir='ltr'><strong>stellas</strong></span> <span class='ocrx_word' id='word_1_160' title='bbox 453 2369 587 2436; x_wconf 72' lang='lat' dir='ltr'><strong>pergilius</strong></span> <span class='ocrx_word' id='word_1_161' title='bbox 599 2373 687 2422; x_wconf 89' lang='lat' dir='ltr'><strong>nostri</strong></span> <span class='ocrx_word' id='word_1_162' title='bbox 705 2371 925 2437; x_wconf 85' lang='lat' dir='ltr'><strong>appellauerunt,</strong></span> <span class='ocrx_word' id='word_1_163' title='bbox 946 2371 1016 2435; x_wconf 88' lang='lat' dir='ltr'><strong>qued</strong></span> <span class='ocrx_word' id='word_1_164' title='bbox 1028 2377 1091 2436; x_wconf 88' lang='lat' dir='ltr'><strong>post</strong></span> <span class='ocrx_word' id='word_1_165' title='bbox 1103 2387 1151 2422; x_wconf 90' lang='lat' dir='ltr'><strong>uer</strong></span> <span class='ocrx_word' id='word_1_166' title='bbox 1165 2373 1290 2422; x_wconf 85' lang='lat' dir='ltr'><strong>exoriun-</strong></span> 
     </span>
     <span class='ocr_line' id='line_1_21' title="bbox 144 2437 1290 2504; baseline 0.003 -18"><span class='ocrx_word' id='word_1_167' title='bbox 144 2443 200 2486; x_wconf 85' lang='lat' dir='ltr'><strong>tur:</strong></span> <span class='ocrx_word' id='word_1_168' title='bbox 226 2445 255 2487; x_wconf 90' lang='lat' dir='ltr'><strong>et</strong></span> <span class='ocrx_word' id='word_1_169' title='bbox 279 2437 330 2488; x_wconf 86' lang='lat' dir='ltr'><strong>hoe</strong></span> <span class='ocrx_word' id='word_1_170' title='bbox 354 2439 462 2502; x_wconf 88' lang='lat' dir='ltr'><strong>quidem</strong></span> <span class='ocrx_word' id='word_1_171' title='bbox 482 2439 641 2503; x_wconf 87' lang='lat' dir='ltr'><strong>ampliorem</strong></span> <span class='ocrx_word' id='word_1_172' title='bbox 662 2441 762 2489; x_wconf 88' lang='lat' dir='ltr'><strong>ceteris</strong></span> <span class='ocrx_word' id='word_1_173' title='bbox 780 2439 884 2488; x_wconf 86' lang='lat' dir='ltr'><strong>habeut</strong></span> <span class='ocrx_word' id='word_1_174' title='bbox 902 2440 1040 2502; x_wconf 84' lang='lat' dir='ltr'><strong>honorem,</strong></span> <span class='ocrx_word' id='word_1_175' title='bbox 1060 2440 1131 2504; x_wconf 86' lang='lat' dir='ltr'><strong>quod</strong></span> <span class='ocrx_word' id='word_1_176' title='bbox 1150 2441 1179 2488; x_wconf 88' lang='lat' dir='ltr'><strong>in</strong></span> <span class='ocrx_word' id='word_1_177' title='bbox 1197 2455 1290 2490; x_wconf 86' lang='lat' dir='ltr'><strong>curum</strong></span> 
     </span>
     <span class='ocr_line' id='line_1_22' title="bbox 145 2505 1290 2574; baseline 0.002 -20"><span class='ocrx_word' id='word_1_178' title='bbox 145 2505 224 2570; x_wconf 84' lang='lat' dir='ltr'><strong>signo</strong></span> <span class='ocrx_word' id='word_1_179' title='bbox 244 2506 386 2556; x_wconf 83' lang='lat' dir='ltr'><strong>exoriente</strong></span> <span class='ocrx_word' id='word_1_180' title='bbox 405 2506 463 2556; x_wconf 85' lang='lat' dir='ltr'><strong>sole</strong></span> <span class='ocrx_word' id='word_1_181' title='bbox 487 2511 582 2558; x_wconf 88' lang='lat' dir='ltr'><strong>aestas</strong></span> <span class='ocrx_word' id='word_1_182' title='bbox 604 2507 789 2574; x_wconf 81' lang='lat' dir='ltr'><strong>significatur:</strong></span> <span class='ocrx_word' id='word_1_183' title='bbox 814 2507 960 2556; x_wconf 89' lang='lat' dir='ltr'><strong>occidente</strong></span> <span class='ocrx_word' id='word_1_184' title='bbox 979 2513 1070 2556; x_wconf 87' lang='lat' dir='ltr'><strong>autern</strong></span> <span class='ocrx_word' id='word_1_185' title='bbox 1089 2507 1176 2556; x_wconf 85' lang='lat' dir='ltr'><strong>hiems</strong></span> <span class='ocrx_word' id='word_1_186' title='bbox 1200 2511 1290 2558; x_wconf 86' lang='lat' dir='ltr'><strong>osten·</strong></span> 
     </span>
     <span class='ocr_line' id='line_1_23' title="bbox 146 2571 1289 2640; baseline 0.003 -19"><span class='ocrx_word' id='word_1_187' title='bbox 146 2571 232 2634; x_wconf 86' lang='lat' dir='ltr'><strong>ditur,</strong></span> <span class='ocrx_word' id='word_1_188' title='bbox 258 2573 329 2638; x_wconf 90' lang='lat' dir='ltr'><strong>quod</strong></span> <span class='ocrx_word' id='word_1_189' title='bbox 354 2572 418 2622; x_wconf 85' lang='lat' dir='ltr'><strong>aliia</strong></span> <span class='ocrx_word' id='word_1_190' title='bbox 436 2590 490 2624; x_wconf 88' lang='lat' dir='ltr'><strong>nou</strong></span> <span class='ocrx_word' id='word_1_191' title='bbox 509 2578 551 2624; x_wconf 88' lang='lat' dir='ltr'><strong>est</strong></span> <span class='ocrx_word' id='word_1_192' title='bbox 574 2576 705 2624; x_wconf 85' lang='lat' dir='ltr'><strong>traditum</strong></span> <span class='ocrx_word' id='word_1_193' title='bbox 728 2573 836 2639; x_wconf 68' lang='lat' dir='ltr'><strong>signia!</strong></span> <span class='ocrx_word' id='word_1_194' title='bbox 854 2601 888 2611; x_wconf 87' lang='lat'>—</span> <span class='ocrx_word' id='word_1_195' title='bbox 910 2574 1067 2624; x_wconf 81' lang='lat' dir='ltr'><strong>Scholiasta</strong></span> <span class='ocrx_word' id='word_1_196' title='bbox 1087 2575 1245 2624; x_wconf 82' lang='lat' dir='ltr'><strong>Germanici</strong></span> <span class='ocrx_word' id='word_1_197' title='bbox 1263 2592 1289 2640; x_wconf 85' lang='lat' dir='ltr'><strong>p.</strong></span> 
     </span>
     <span class='ocr_line' id='line_1_24' title="bbox 144 2637 1292 2708; baseline 0.003 -20"><span class='ocrx_word' id='word_1_198' title='bbox 144 2637 189 2688; x_wconf 77' lang='lat'><strong>38:</strong></span> <span class='ocrx_word' id='word_1_199' title='bbox 227 2643 322 2690; x_wconf 87' lang='lat' dir='ltr'><strong>‘Duae</strong></span> <span class='ocrx_word' id='word_1_200' title='bbox 346 2647 410 2690; x_wconf 85' lang='lat' dir='ltr'><strong>suut</strong></span> <span class='ocrx_word' id='word_1_201' title='bbox 434 2643 503 2691; x_wconf 89' lang='lat' dir='ltr'><strong>arcti</strong></span> <span class='ocrx_word' id='word_1_202' title='bbox 618 2643 707 2692; x_wconf 87' lang='lat' dir='ltr'><strong>altera</strong></span> <span class='ocrx_word' id='word_1_203' title='bbox 731 2657 848 2706; x_wconf 87' lang='lat' dir='ltr'><strong>namque</strong></span> <span class='ocrx_word' id='word_1_204' title='bbox 873 2643 971 2692; x_wconf 87' lang='lat' dir='ltr'><strong>Helice</strong></span> <span class='ocrx_word' id='word_1_205' title='bbox 997 2648 1052 2704; x_wconf 88' lang='lat' dir='ltr'><strong>est,</strong></span> <span class='ocrx_word' id='word_1_206' title='bbox 1081 2657 1151 2706; x_wconf 83' lang='lat' dir='ltr'><strong>quae</strong></span> <span class='ocrx_word' id='word_1_207' title='bbox 1175 2649 1292 2708; x_wconf 87' lang='lat' dir='ltr'><strong>apparet</strong></span> 
     </span>
     <span class='ocr_line' id='line_1_25' title="bbox 146 2709 1289 2774; baseline 0.003 -18"><span class='ocrx_word' id='word_1_208' title='bbox 146 2709 234 2773; x_wconf 77' lang='lat' dir='ltr'><strong>prima</strong></span> <span class='ocrx_word' id='word_1_209' title='bbox 253 2710 345 2758; x_wconf 88' lang='lat' dir='ltr'><strong>noctis</strong></span> <span class='ocrx_word' id='word_1_210' title='bbox 363 2709 454 2759; x_wconf 85' lang='lat' dir='ltr'><strong>alteru</strong></span> <span class='ocrx_word' id='word_1_211' title='bbox 471 2709 575 2774; x_wconf 84' lang='lat' dir='ltr'><strong>pusilla</strong></span> <span class='ocrx_word' id='word_1_212' title='bbox 593 2709 701 2774; x_wconf 84' lang='lat' dir='ltr'><strong>quidem</strong></span> <span class='ocrx_word' id='word_1_213' title='bbox 715 2709 764 2759; x_wconf 89' lang='lat' dir='ltr'><strong>aed</strong></span> <span class='ocrx_word' id='word_1_214' title='bbox 782 2726 798 2758; x_wconf 88' lang='lat' dir='ltr'><strong>a</strong></span> <span class='ocrx_word' id='word_1_215' title='bbox 817 2710 1014 2774; x_wconf 78' lang='lat' dir='ltr'><strong>stauigantibus</strong></span> <span class='ocrx_word' id='word_1_216' title='bbox 1033 2710 1202 2761; x_wconf 75' lang='lat' dir='ltr'><strong>obseraretur.</strong></span> <span class='ocrx_word' id='word_1_217' title='bbox 1234 2727 1289 2760; x_wconf 86' lang='lat' dir='ltr'><strong>rna·</strong></span> 
     </span>
     <span class='ocr_line' id='line_1_26' title="bbox 146 2775 1291 2843; baseline 0.003 -19"><span class='ocrx_word' id='word_1_218' title='bbox 146 2775 188 2824; x_wconf 82' lang='lat' dir='ltr'><strong>riu</strong></span> <span class='ocrx_word' id='word_1_219' title='bbox 207 2777 282 2826; x_wconf 88' lang='lat' dir='ltr'><strong>enirn</strong></span> <span class='ocrx_word' id='word_1_220' title='bbox 303 2776 469 2826; x_wconf 64' lang='lat' dir='ltr'><strong>conturbat!</strong></span> <span class='ocrx_word' id='word_1_221' title='bbox 499 2794 526 2842; x_wconf 90' lang='lat' dir='ltr'><strong>p.</strong></span> <span class='ocrx_word' id='word_1_222' title='bbox 545 2776 591 2827; x_wconf 81' lang='lat' dir='ltr'><strong>ot:</strong></span> <span class='ocrx_word' id='word_1_223' title='bbox 612 2777 751 2828; x_wconf 83' lang='lat' dir='ltr'><strong>‘Pleiades</strong></span> <span class='ocrx_word' id='word_1_224' title='bbox 770 2793 786 2826; x_wconf 88' lang='lat' dir='ltr'><strong>a</strong></span> <span class='ocrx_word' id='word_1_225' title='bbox 798 2777 930 2843; x_wconf 85' lang='lat' dir='ltr'><strong>pluritate</strong></span> <span class='ocrx_word' id='word_1_226' title='bbox 944 2777 1045 2828; x_wconf 82' lang='lat' dir='ltr'><strong>Graeci</strong></span> <span class='ocrx_word' id='word_1_227' title='bbox 1063 2785 1176 2839; x_wconf 86' lang='lat' dir='ltr'><strong>uocant,</strong></span> <span class='ocrx_word' id='word_1_228' title='bbox 1195 2779 1291 2828; x_wconf 83' lang='lat' dir='ltr'><strong>Latini</strong></span> 
     </span>
    </p>
   </div>
   <div class='ocr_carea' id='block_1_4' title="bbox 147 2843 1289 2959">
    <p class='ocr_par' dir='ltr' id='par_1_4' title="bbox 147 2843 1289 2959">
     <span class='ocr_line' id='line_1_27' title="bbox 147 2843 1289 2959; baseline 0.004 -67"><span class='ocrx_word' id='word_1_229' title='bbox 147 2858 179 2892; x_wconf 86' lang='lat' dir='ltr'><strong>eo</strong></span> <span class='ocrx_word' id='word_1_230' title='bbox 196 2843 273 2959; x_wconf 60' lang='lat' dir='ltr'><strong>Fquod</strong></span> <span class='ocrx_word' id='word_1_231' title='bbox 292 2859 357 2894; x_wconf 86' lang='lat' dir='ltr'><strong>uera</strong></span> <span class='ocrx_word' id='word_1_232' title='bbox 377 2846 549 2906; x_wconf 77' lang='lat' dir='ltr'><strong>exoriantur,</strong></span> <span class='ocrx_word' id='word_1_233' title='bbox 574 2844 708 2909; x_wconf 86' lang='lat' dir='ltr'><strong>uergiliaa</strong></span> <span class='ocrx_word' id='word_1_234' title='bbox 726 2843 841 2894; x_wconf 86' lang='lat' dir='ltr'><strong>dicunt’</strong></span> <span class='ocrx_word' id='word_1_235' title='bbox 871 2846 991 2896; x_wconf 77' lang='lat' dir='ltr'><strong>Isidorus</strong></span> <span class='ocrx_word' id='word_1_236' title='bbox 1014 2845 1101 2926; x_wconf 80' lang='lat' dir='ltr'><strong>origg.</strong></span> <span class='ocrx_word' id='word_1_237' title='bbox 1122 2845 1228 2910; x_wconf 81' lang='lat'>11170,</span> <span class='ocrx_word' id='word_1_238' title='bbox 1249 2846 1289 2898; x_wconf 85' lang='lat'><strong>13.</strong></span> 
     </span>
    </p>
   </div>
   <div class='ocr_carea' id='block_1_5' title="bbox 148 2911 1290 3026">
    <p class='ocr_par' dir='ltr' id='par_1_5' title="bbox 148 2911 1290 3026">
     <span class='ocr_line' id='line_1_28' title="bbox 148 2911 1290 3026; baseline 0.004 -66"><span class='ocrx_word' id='word_1_239' title='bbox 148 2911 182 2960; x_wconf 86' lang='lat' dir='ltr'><strong>cl.</strong></span> <span class='ocrx_word' id='word_1_240' title='bbox 221 2917 297 2962; x_wconf 85' lang='lat' dir='ltr'><strong>estus</strong></span> <span class='ocrx_word' id='word_1_241' title='bbox 315 2927 341 3026; x_wconf 78' lang='lat' dir='ltr'><strong>p.</strong></span> <span class='ocrx_word' id='word_1_242' title='bbox 361 2911 423 2962; x_wconf 82' lang='lat'>372:</span> <span class='ocrx_word' id='word_1_243' title='bbox 445 2911 596 2977; x_wconf 78' lang='lat' dir='ltr'><strong>‘Vergiliae</strong></span> <span class='ocrx_word' id='word_1_244' title='bbox 614 2913 707 2962; x_wconf 85' lang='lat' dir='ltr'><strong>dictae</strong></span> <span class='ocrx_word' id='word_1_245' title='bbox 727 2912 797 2976; x_wconf 86' lang='lat' dir='ltr'><strong>quod</strong></span> <span class='ocrx_word' id='word_1_246' title='bbox 816 2927 908 2962; x_wconf 81' lang='lat' dir='ltr'><strong>aarum</strong></span> <span class='ocrx_word' id='word_1_247' title='bbox 927 2919 987 2962; x_wconf 90' lang='lat' dir='ltr'><strong>ertu</strong></span> <span class='ocrx_word' id='word_1_248' title='bbox 1005 2929 1054 2962; x_wconf 83' lang='lat' dir='ltr'><strong>uer</strong></span> <span class='ocrx_word' id='word_1_249' title='bbox 1071 2914 1177 2976; x_wconf 81' lang='lat' dir='ltr'><strong>imitar,</strong></span> <span class='ocrx_word' id='word_1_250' title='bbox 1197 2919 1290 2964; x_wconf 82' lang='lat' dir='ltr'><strong>aestas</strong></span> 
     </span>
    </p>
   </div>
   <div class='ocr_carea' id='block_1_6' title="bbox 144 2977 1291 3386">
    <p class='ocr_par' dir='ltr' id='par_1_6' title="bbox 144 2977 1291 3386">
     <span class='ocr_line' id='line_1_29' title="bbox 146 2977 1290 3045; baseline 0.003 -18"><span class='ocrx_word' id='word_1_251' title='bbox 146 2979 263 3044; x_wconf 77' lang='lat' dir='ltr'><strong>inprit&#39;</strong></span> <span class='ocrx_word' id='word_1_252' title='bbox 276 2995 303 3044; x_wconf 89' lang='lat' dir='ltr'><strong>p.</strong></span> <span class='ocrx_word' id='word_1_253' title='bbox 334 2979 364 3028; x_wconf 84' lang='lat'><strong>5:</strong></span> <span class='ocrx_word' id='word_1_254' title='bbox 383 2977 484 3030; x_wconf 83' lang='lat' dir='ltr'><strong>‘Orion</strong></span> <span class='ocrx_word' id='word_1_255' title='bbox 497 2981 543 3045; x_wconf 88' lang='lat' dir='ltr'><strong>qui</strong></span> <span class='ocrx_word' id='word_1_256' title='bbox 557 2985 586 3030; x_wconf 91' lang='lat' dir='ltr'><strong>ot</strong></span> <span class='ocrx_word' id='word_1_257' title='bbox 597 2980 694 3030; x_wconf 84' lang='lat' dir='ltr'><strong>Incola</strong></span> <span class='ocrx_word' id='word_1_258' title='bbox 707 2979 817 3045; x_wconf 82' lang='lat' dir='ltr'><strong>(Iogola</strong></span> <span class='ocrx_word' id='word_1_259' title='bbox 830 2979 858 3029; x_wconf 88' lang='lat'><strong>0.</strong></span> <span class='ocrx_word' id='word_1_260' title='bbox 873 2981 988 3044; x_wconf 79' lang='lat' dir='ltr'><strong>Iahnius)</strong></span> <span class='ocrx_word' id='word_1_261' title='bbox 1001 2981 1103 3032; x_wconf 88' lang='lat' dir='ltr'><strong>dieitur</strong></span> <span class='ocrx_word' id='word_1_262' title='bbox 1120 2985 1184 3031; x_wconf 88' lang='lat' dir='ltr'><strong>ante</strong></span> <span class='ocrx_word' id='word_1_263' title='bbox 1205 2983 1290 3032; x_wconf 85' lang='lat' dir='ltr'><strong>Tauri</strong></span> 
     </span>
     <span class='ocr_line' id='line_1_30' title="bbox 145 3045 1288 3114; baseline 0.003 -20"><span class='ocrx_word' id='word_1_264' title='bbox 145 3047 268 3110; x_wconf 82' lang='lat' dir='ltr'><strong>uestigia</strong></span> <span class='ocrx_word' id='word_1_265' title='bbox 287 3045 390 3112; x_wconf 77' lang='lat' dir='ltr'><strong>fulget,</strong></span> <span class='ocrx_word' id='word_1_266' title='bbox 409 3052 437 3096; x_wconf 89' lang='lat' dir='ltr'><strong>et</strong></span> <span class='ocrx_word' id='word_1_267' title='bbox 454 3047 556 3097; x_wconf 84' lang='lat' dir='ltr'><strong>dicitur</strong></span> <span class='ocrx_word' id='word_1_268' title='bbox 579 3047 666 3098; x_wconf 89' lang='lat' dir='ltr'><strong>Orion</strong></span> <span class='ocrx_word' id='word_1_269' title='bbox 684 3047 720 3096; x_wconf 88' lang='lat' dir='ltr'><strong>ab</strong></span> <span class='ocrx_word' id='word_1_270' title='bbox 738 3049 818 3096; x_wconf 84' lang='lat' dir='ltr'><strong>urina</strong></span> <span class='ocrx_word' id='word_1_271' title='bbox 835 3048 862 3096; x_wconf 90' lang='lat' dir='ltr'><strong>id</strong></span> <span class='ocrx_word' id='word_1_272' title='bbox 881 3053 924 3098; x_wconf 87' lang='lat' dir='ltr'><strong>ast</strong></span> <span class='ocrx_word' id='word_1_273' title='bbox 945 3047 1124 3098; x_wconf 87' lang='lat' dir='ltr'><strong>inundatione</strong></span> <span class='ocrx_word' id='word_1_274' title='bbox 1148 3063 1288 3114; x_wconf 86' lang='lat' dir='ltr'><strong>aquarum.</strong></span> 
     </span>
     <span class='ocr_line' id='line_1_31' title="bbox 145 3114 1290 3182; baseline 0.003 -20"><span class='ocrx_word' id='word_1_275' title='bbox 145 3119 270 3179; x_wconf 88' lang='lat' dir='ltr'><strong>tompore</strong></span> <span class='ocrx_word' id='word_1_276' title='bbox 283 3114 357 3164; x_wconf 87' lang='lat' dir='ltr'><strong>enim</strong></span> <span class='ocrx_word' id='word_1_277' title='bbox 369 3114 468 3165; x_wconf 87' lang='lat' dir='ltr'><strong>hiemis</strong></span> <span class='ocrx_word' id='word_1_278' title='bbox 480 3115 565 3165; x_wconf 86' lang='lat' dir='ltr'><strong>habet</strong></span> <span class='ocrx_word' id='word_1_279' title='bbox 577 3120 677 3175; x_wconf 87' lang='lat' dir='ltr'><strong>ortum,</strong></span> <span class='ocrx_word' id='word_1_280' title='bbox 697 3130 756 3164; x_wconf 91' lang='lat' dir='ltr'><strong>eum</strong></span> <span class='ocrx_word' id='word_1_281' title='bbox 769 3131 845 3166; x_wconf 77' lang='lat' dir='ltr'><strong>utare</strong></span> <span class='ocrx_word' id='word_1_282' title='bbox 859 3121 887 3165; x_wconf 92' lang='lat' dir='ltr'><strong>et</strong></span> <span class='ocrx_word' id='word_1_283' title='bbox 899 3121 987 3166; x_wconf 87' lang='lat' dir='ltr'><strong>terras</strong></span> <span class='ocrx_word' id='word_1_284' title='bbox 1000 3117 1079 3180; x_wconf 87' lang='lat' dir='ltr'><strong>aquis</strong></span> <span class='ocrx_word' id='word_1_285' title='bbox 1096 3125 1124 3166; x_wconf 93' lang='lat' dir='ltr'><strong>et</strong></span> <span class='ocrx_word' id='word_1_286' title='bbox 1141 3122 1290 3182; x_wconf 86' lang='lat' dir='ltr'><strong>tempestu-</strong></span> 
     </span>
     <span class='ocr_line' id='line_1_32' title="bbox 145 3181 1291 3250; baseline 0.005 -21"><span class='ocrx_word' id='word_1_287' title='bbox 145 3182 218 3230; x_wconf 87' lang='lat' dir='ltr'><strong>tibus</strong></span> <span class='ocrx_word' id='word_1_288' title='bbox 232 3181 335 3231; x_wconf 85' lang='lat' dir='ltr'><strong>turbat.</strong></span> <span class='ocrx_word' id='word_1_289' title='bbox 354 3181 425 3232; x_wconf 89' lang='lat' dir='ltr'><strong>hunc</strong></span> <span class='ocrx_word' id='word_1_290' title='bbox 439 3183 555 3233; x_wconf 85' lang='lat' dir='ltr'><strong>Romani</strong></span> <span class='ocrx_word' id='word_1_291' title='bbox 568 3181 693 3249; x_wconf 81' lang='lat' dir='ltr'><strong>Iugulum</strong></span> <span class='ocrx_word' id='word_1_292' title='bbox 711 3188 826 3244; x_wconf 86' lang='lat' dir='ltr'><strong>uocant,</strong></span> <span class='ocrx_word' id='word_1_293' title='bbox 847 3199 879 3232; x_wconf 91' lang='lat' dir='ltr'><strong>eo</strong></span> <span class='ocrx_word' id='word_1_294' title='bbox 892 3183 962 3247; x_wconf 91' lang='lat' dir='ltr'><strong>quod</strong></span> <span class='ocrx_word' id='word_1_295' title='bbox 974 3184 1011 3234; x_wconf 90' lang='lat' dir='ltr'><strong>ait</strong></span> <span class='ocrx_word' id='word_1_296' title='bbox 1029 3189 1163 3246; x_wconf 84' lang='lat' dir='ltr'><strong>armatus,</strong></span> <span class='ocrx_word' id='word_1_297' title='bbox 1182 3189 1213 3234; x_wconf 89' lang='lat' dir='ltr'><strong>ut</strong></span> <span class='ocrx_word' id='word_1_298' title='bbox 1230 3185 1291 3250; x_wconf 83' lang='lat' dir='ltr'><strong>gla-</strong></span> 
     </span>
     <span class='ocr_line' id='line_1_33' title="bbox 145 3247 1289 3316; baseline 0.003 -18"><span class='ocrx_word' id='word_1_299' title='bbox 145 3247 205 3298; x_wconf 83' lang='lat' dir='ltr'><strong>dius</strong></span> <span class='ocrx_word' id='word_1_300' title='bbox 223 3249 368 3298; x_wconf 84' lang='lat' dir='ltr'><strong>stellarum</strong></span> <span class='ocrx_word' id='word_1_301' title='bbox 387 3250 448 3300; x_wconf 89' lang='lat' dir='ltr'><strong>luco</strong></span> <span class='ocrx_word' id='word_1_302' title='bbox 468 3251 599 3301; x_wconf 87' lang='lat' dir='ltr'><strong>terribilis</strong></span> <span class='ocrx_word' id='word_1_303' title='bbox 618 3254 646 3300; x_wconf 92' lang='lat' dir='ltr'><strong>et</strong></span> <span class='ocrx_word' id='word_1_304' title='bbox 664 3250 848 3312; x_wconf 86' lang='lat' dir='ltr'><strong>clarissimus,</strong></span> <span class='ocrx_word' id='word_1_305' title='bbox 875 3252 962 3315; x_wconf 87' lang='lat' dir='ltr'><strong>quisi</strong></span> <span class='ocrx_word' id='word_1_306' title='bbox 982 3251 1083 3316; x_wconf 79' lang='lat' dir='ltr'><strong>fulget,</strong></span> <span class='ocrx_word' id='word_1_307' title='bbox 1109 3253 1289 3301; x_wconf 78' lang='lat' dir='ltr'><strong>serenItatam</strong></span> 
     </span>
     <span class='ocr_line' id='line_1_34' title="bbox 144 3317 1290 3386; baseline 0.003 -22"><span class='ocrx_word' id='word_1_308' title='bbox 144 3317 295 3380; x_wconf 88' lang='lat' dir='ltr'><strong>portendit:</strong></span> <span class='ocrx_word' id='word_1_309' title='bbox 314 3317 339 3366; x_wconf 87' lang='lat' dir='ltr'><strong>ai</strong></span> <span class='ocrx_word' id='word_1_310' title='bbox 353 3317 525 3380; x_wconf 75' lang='lat' dir='ltr'><strong>obscuratur,</strong></span> <span class='ocrx_word' id='word_1_311' title='bbox 540 3323 735 3383; x_wconf 81' lang='lat' dir='ltr'><strong>tempestatem</strong></span> <span class='ocrx_word' id='word_1_312' title='bbox 748 3319 845 3368; x_wconf 85' lang='lat' dir='ltr'><strong>annuit</strong></span> <span class='ocrx_word' id='word_1_313' title='bbox 856 3318 1019 3368; x_wconf 64' lang='lat' dir='ltr'><strong>imminere)</strong></span> <span class='ocrx_word' id='word_1_314' title='bbox 1055 3322 1158 3386; x_wconf 83' lang='lat' dir='ltr'><strong>repetit</strong></span> <span class='ocrx_word' id='word_1_315' title='bbox 1170 3319 1290 3369; x_wconf 84' lang='lat' dir='ltr'><strong>Isidorus</strong></span> 
     </span>
    </p>
   </div>
   <div class='ocr_carea' id='block_1_7' title="bbox 140 3482 1293 4504">
    <p class='ocr_par' dir='ltr' id='par_1_7' title="bbox 140 3482 1293 4504">
     <span class='ocr_line' id='line_1_35' title="bbox 230 3482 1289 3572; baseline 0.002 -26"><span class='ocrx_word' id='word_1_316' title='bbox 230 3501 244 3552; x_wconf 90' lang='lat'><em>1</em></span> <span class='ocrx_word' id='word_1_317' title='bbox 264 3487 364 3548; x_wconf 86' lang='lat' dir='ltr'><strong>lucem</strong></span> <span class='ocrx_word' id='word_1_318' title='bbox 384 3485 418 3547; x_wconf 80' lang='lat'><strong>13¹</strong></span> <span class='ocrx_word' id='word_1_319' title='bbox 436 3484 450 3571; x_wconf 97' lang='grc' dir='ltr'>Η</span> <span class='ocrx_word' id='word_1_320' title='bbox 465 3490 564 3566; x_wconf 72' lang='lat' dir='ltr'><strong>anagni</strong></span> <span class='ocrx_word' id='word_1_321' title='bbox 581 3493 607 3547; x_wconf 99' lang='grc' dir='ltr'><em>Β</em></span> <span class='ocrx_word' id='word_1_322' title='bbox 621 3483 666 3572; x_wconf 71' lang='lat'><strong>[12</strong></span> <span class='ocrx_word' id='word_1_323' title='bbox 682 3488 760 3548; x_wconf 89' lang='lat' dir='ltr'><strong>adeo</strong></span> <span class='ocrx_word' id='word_1_324' title='bbox 776 3482 879 3570; x_wconf 77' lang='grc' dir='ltr'><strong>ΟΒΕΗ</strong></span> <span class='ocrx_word' id='word_1_325' title='bbox 896 3487 1004 3548; x_wconf 88' lang='lat' dir='ltr'><strong>eludes</strong></span> <span class='ocrx_word' id='word_1_326' title='bbox 1026 3491 1072 3546; x_wconf 80' lang='lat' dir='ltr'><strong>CI)</strong></span> <span class='ocrx_word' id='word_1_327' title='bbox 1088 3484 1100 3570; x_wconf 99' lang='grc' dir='ltr'>Η</span> <span class='ocrx_word' id='word_1_328' title='bbox 1116 3513 1134 3565; x_wconf 83' lang='lat' dir='ltr'><strong>p</strong></span> <span class='ocrx_word' id='word_1_329' title='bbox 1151 3485 1188 3548; x_wconf 73' lang='lat'><strong>3²</strong></span> <span class='ocrx_word' id='word_1_330' title='bbox 1203 3484 1217 3568; x_wconf 95' lang='grc' dir='ltr'>Η</span> <span class='ocrx_word' id='word_1_331' title='bbox 1233 3487 1289 3550; x_wconf 85' lang='lat' dir='ltr'><strong>fut·</strong></span> 
     </span>
     <span class='ocr_line' id='line_1_36' title="bbox 143 3568 1293 3656; baseline -0.002 -22"><span class='ocrx_word' id='word_1_332' title='bbox 143 3595 234 3652; x_wconf 73' lang='lat' dir='ltr'><strong>gorea</strong></span> <span class='ocrx_word' id='word_1_333' title='bbox 254 3569 290 3631; x_wconf 87' lang='lat' dir='ltr'><strong>B¹</strong></span> <span class='ocrx_word' id='word_1_334' title='bbox 307 3568 320 3653; x_wconf 97' lang='grc' dir='ltr'>Η</span> <span class='ocrx_word' id='word_1_335' title='bbox 336 3583 353 3636; x_wconf 87' lang='grc'>3</span> <span class='ocrx_word' id='word_1_336' title='bbox 368 3572 529 3652; x_wconf 80' lang='lat' dir='ltr'><strong>splendore</strong></span> <span class='ocrx_word' id='word_1_337' title='bbox 543 3579 567 3633; x_wconf 88' lang='lat' dir='ltr'><em>B</em></span> <span class='ocrx_word' id='word_1_338' title='bbox 581 3568 595 3656; x_wconf 97' lang='grc' dir='ltr'>Η</span> <span class='ocrx_word' id='word_1_339' title='bbox 610 3593 643 3633; x_wconf 88' lang='lat' dir='ltr'><strong>ae</strong></span> <span class='ocrx_word' id='word_1_340' title='bbox 660 3569 755 3655; x_wconf 79' lang='grc' dir='ltr'><strong>ΟΒΕΗ</strong></span> <span class='ocrx_word' id='word_1_341' title='bbox 779 3575 844 3653; x_wconf 89' lang='lat' dir='ltr'><strong>ipao</strong></span> <span class='ocrx_word' id='word_1_342' title='bbox 857 3570 895 3632; x_wconf 79' lang='grc' dir='ltr'><strong>Β1</strong></span> <span class='ocrx_word' id='word_1_343' title='bbox 912 3577 988 3632; x_wconf 81' lang='lat' dir='ltr'><strong>CDE</strong></span> <span class='ocrx_word' id='word_1_344' title='bbox 1000 3569 1014 3655; x_wconf 98' lang='grc' dir='ltr'>Η</span> <span class='ocrx_word' id='word_1_345' title='bbox 1029 3575 1071 3632; x_wconf 90' lang='lat' dir='ltr'><strong>hii</strong></span> <span class='ocrx_word' id='word_1_346' title='bbox 1089 3570 1125 3632; x_wconf 90' lang='lat' dir='ltr'><strong>B¹</strong></span> <span class='ocrx_word' id='word_1_347' title='bbox 1142 3569 1155 3654; x_wconf 97' lang='grc' dir='ltr'>Η</span> <span class='ocrx_word' id='word_1_348' title='bbox 1171 3585 1188 3634; x_wconf 80' lang='lat' dir='ltr'><strong>t</strong></span> <span class='ocrx_word' id='word_1_349' title='bbox 1203 3593 1293 3652; x_wconf 90' lang='lat' dir='ltr'><strong>apen·</strong></span> 
     </span>
     <span class='ocr_line' id='line_1_37' title="bbox 144 3651 1290 3740; baseline -0.002 -22"><span class='ocrx_word' id='word_1_350' title='bbox 144 3659 216 3718; x_wconf 88' lang='lat' dir='ltr'><strong>dore</strong></span> <span class='ocrx_word' id='word_1_351' title='bbox 235 3661 262 3715; x_wconf 89' lang='grc' dir='ltr'><em>Β</em></span> <span class='ocrx_word' id='word_1_352' title='bbox 281 3651 295 3738; x_wconf 98' lang='grc' dir='ltr'>Η</span> <span class='ocrx_word' id='word_1_353' title='bbox 316 3658 486 3718; x_wconf 82' lang='lat' dir='ltr'><strong>hlammalis</strong></span> <span class='ocrx_word' id='word_1_354' title='bbox 510 3661 535 3717; x_wconf 90' lang='grc' dir='ltr'><em>Β</em></span> <span class='ocrx_word' id='word_1_355' title='bbox 554 3656 567 3740; x_wconf 91' lang='grc' dir='ltr'>Η</span> <span class='ocrx_word' id='word_1_356' title='bbox 589 3661 696 3717; x_wconf 81' lang='lat' dir='ltr'><strong>imbres</strong></span> <span class='ocrx_word' id='word_1_357' title='bbox 713 3662 741 3716; x_wconf 90' lang='lat' dir='ltr'><em>B</em></span> <span class='ocrx_word' id='word_1_358' title='bbox 768 3653 772 3740; x_wconf 82' lang='grc' dir='ltr'>Η</span> <span class='ocrx_word' id='word_1_359' title='bbox 793 3671 809 3721; x_wconf 79' lang='lat'>5</span> <span class='ocrx_word' id='word_1_360' title='bbox 829 3661 924 3717; x_wconf 84' lang='lat' dir='ltr'><strong>mario</strong></span> <span class='ocrx_word' id='word_1_361' title='bbox 947 3661 975 3716; x_wconf 88' lang='lat' dir='ltr'><em>B</em></span> <span class='ocrx_word' id='word_1_362' title='bbox 995 3655 1008 3740; x_wconf 95' lang='grc' dir='ltr'>Η</span> <span class='ocrx_word' id='word_1_363' title='bbox 1030 3659 1166 3720; x_wconf 74' lang='lat' dir='ltr'><strong>ocomits</strong></span> <span class='ocrx_word' id='word_1_364' title='bbox 1185 3656 1221 3716; x_wconf 92' lang='lat' dir='ltr'><strong>A¹</strong></span> <span class='ocrx_word' id='word_1_365' title='bbox 1241 3677 1290 3716; x_wconf 91' lang='lat' dir='ltr'><strong>co-</strong></span> 
     </span>
     <span class='ocr_line' id='line_1_38' title="bbox 143 3737 1291 3825; baseline 0 -23"><span class='ocrx_word' id='word_1_366' title='bbox 143 3753 224 3803; x_wconf 87' lang='lat' dir='ltr'><strong>meta</strong></span> <span class='ocrx_word' id='word_1_367' title='bbox 240 3737 278 3800; x_wconf 79' lang='lat' dir='ltr'><strong>A²</strong></span> <span class='ocrx_word' id='word_1_368' title='bbox 295 3753 458 3804; x_wconf 89' lang='lat' dir='ltr'><strong>commetes</strong></span> <span class='ocrx_word' id='word_1_369' title='bbox 475 3741 512 3802; x_wconf 85' lang='grc' dir='ltr'><strong>Β1</strong></span> <span class='ocrx_word' id='word_1_370' title='bbox 529 3739 543 3825; x_wconf 96' lang='grc' dir='ltr'>Η</span> <span class='ocrx_word' id='word_1_371' title='bbox 559 3745 609 3822; x_wconf 89' lang='lat' dir='ltr'><strong>qai</strong></span> <span class='ocrx_word' id='word_1_372' title='bbox 629 3747 652 3800; x_wconf 98' lang='lat' dir='ltr'><em>A</em></span> <span class='ocrx_word' id='word_1_373' title='bbox 668 3738 680 3825; x_wconf 96' lang='grc' dir='ltr'>Η</span> <span class='ocrx_word' id='word_1_374' title='bbox 697 3743 823 3803; x_wconf 85' lang='lat' dir='ltr'><strong>effundit</strong></span> <span class='ocrx_word' id='word_1_375' title='bbox 836 3739 875 3802; x_wconf 68' lang='grc' dir='ltr'><strong>Αἳ</strong></span> <span class='ocrx_word' id='word_1_376' title='bbox 903 3739 907 3825; x_wconf 81' lang='grc' dir='ltr'>Η</span> <span class='ocrx_word' id='word_1_377' title='bbox 927 3749 943 3804; x_wconf 81' lang='grc'><strong>7</strong></span> <span class='ocrx_word' id='word_1_378' title='bbox 963 3743 993 3802; x_wconf 89' lang='lat' dir='ltr'><strong>hi</strong></span> <span class='ocrx_word' id='word_1_379' title='bbox 1010 3743 1035 3802; x_wconf 76' lang='lat' dir='ltr'><strong>dr</strong></span> <span class='ocrx_word' id='word_1_380' title='bbox 1057 3739 1094 3801; x_wconf 88' lang='lat' dir='ltr'><strong>B¹</strong></span> <span class='ocrx_word' id='word_1_381' title='bbox 1112 3763 1165 3802; x_wconf 90' lang='lat' dir='ltr'><strong>om.</strong></span> <span class='ocrx_word' id='word_1_382' title='bbox 1186 3737 1223 3801; x_wconf 86' lang='lat' dir='ltr'><strong>A¹</strong></span> <span class='ocrx_word' id='word_1_383' title='bbox 1239 3743 1291 3802; x_wconf 87' lang='lat' dir='ltr'><strong>hic</strong></span> 
     </span>
     <span class='ocr_line' id='line_1_39' title="bbox 145 3823 1290 3911; baseline -0.002 -25"><span class='ocrx_word' id='word_1_384' title='bbox 145 3831 295 3888; x_wconf 80' lang='lat' dir='ltr'><strong>Beckerus</strong></span> <span class='ocrx_word' id='word_1_385' title='bbox 310 3823 323 3908; x_wconf 95' lang='grc' dir='ltr'>Η</span> <span class='ocrx_word' id='word_1_386' title='bbox 338 3829 535 3888; x_wconf 80' lang='lat' dir='ltr'><strong>notationem</strong></span> <span class='ocrx_word' id='word_1_387' title='bbox 546 3825 584 3887; x_wconf 81' lang='grc' dir='ltr'><strong>Β1</strong></span> <span class='ocrx_word' id='word_1_388' title='bbox 601 3823 615 3909; x_wconf 96' lang='grc' dir='ltr'>Η</span> <span class='ocrx_word' id='word_1_389' title='bbox 629 3828 832 3908; x_wconf 70' lang='lat' dir='ltr'><strong>spastilentia</strong></span> <span class='ocrx_word' id='word_1_390' title='bbox 844 3832 871 3886; x_wconf 87' lang='lat' dir='ltr'><em>B</em></span> <span class='ocrx_word' id='word_1_391' title='bbox 885 3825 889 3909; x_wconf 79' lang='grc' dir='ltr'>Η</span> <span class='ocrx_word' id='word_1_392' title='bbox 914 3831 1006 3907; x_wconf 87' lang='lat' dir='ltr'><strong>quaB</strong></span> <span class='ocrx_word' id='word_1_393' title='bbox 1022 3823 1035 3911; x_wconf 96' lang='grc' dir='ltr'>Η</span> <span class='ocrx_word' id='word_1_394' title='bbox 1051 3831 1186 3887; x_wconf 84' lang='lat' dir='ltr'><strong>Lucanus</strong></span> <span class='ocrx_word' id='word_1_395' title='bbox 1196 3829 1290 3885; x_wconf 85' lang='lat' dir='ltr'><strong>Phar·</strong></span> 
     </span>
     <span class='ocr_line' id='line_1_40' title="bbox 142 3906 1289 3995; baseline -0.002 -23"><span class='ocrx_word' id='word_1_396' title='bbox 142 3918 195 3972; x_wconf 81' lang='lat' dir='ltr'><strong>sul.</strong></span> <span class='ocrx_word' id='word_1_397' title='bbox 212 3915 233 3972; x_wconf 86' lang='lat'><em>1</em></span> <span class='ocrx_word' id='word_1_398' title='bbox 249 3918 308 3970; x_wconf 78' lang='lat'><strong>529</strong></span> <span class='ocrx_word' id='word_1_399' title='bbox 321 3906 335 3993; x_wconf 96' lang='grc' dir='ltr'>Η</span> <span class='ocrx_word' id='word_1_400' title='bbox 350 3921 367 3976; x_wconf 82' lang='grc'>9</span> <span class='ocrx_word' id='word_1_401' title='bbox 381 3909 425 3991; x_wconf 88' lang='lat' dir='ltr'><strong>et]</strong></span> <span class='ocrx_word' id='word_1_402' title='bbox 444 3935 461 3972; x_wconf 90' lang='lat' dir='ltr'><strong>e</strong></span> <span class='ocrx_word' id='word_1_403' title='bbox 479 3914 510 3972; x_wconf 92' lang='lat' dir='ltr'><strong>in</strong></span> <span class='ocrx_word' id='word_1_404' title='bbox 531 3909 570 3972; x_wconf 88' lang='lat' dir='ltr'><strong>B¹</strong></span> <span class='ocrx_word' id='word_1_405' title='bbox 589 3920 620 3972; x_wconf 90' lang='lat' dir='ltr'><strong>et</strong></span> <span class='ocrx_word' id='word_1_406' title='bbox 634 3913 665 3970; x_wconf 89' lang='lat' dir='ltr'><strong>iu</strong></span> <span class='ocrx_word' id='word_1_407' title='bbox 684 3907 722 3970; x_wconf 71' lang='lat'><strong>8²</strong></span> <span class='ocrx_word' id='word_1_408' title='bbox 737 3908 750 3995; x_wconf 97' lang='grc' dir='ltr'>Η</span> <span class='ocrx_word' id='word_1_409' title='bbox 766 3921 862 3972; x_wconf 87' lang='lat' dir='ltr'><strong>terras</strong></span> <span class='ocrx_word' id='word_1_410' title='bbox 874 3918 899 3970; x_wconf 90' lang='lat' dir='ltr'><em>A</em></span> <span class='ocrx_word' id='word_1_411' title='bbox 913 3909 926 3992; x_wconf 95' lang='grc' dir='ltr'>Η</span> <span class='ocrx_word' id='word_1_412' title='bbox 942 3933 1079 3990; x_wconf 67' lang='lat' dir='ltr'><strong>reagna*</strong></span> <span class='ocrx_word' id='word_1_413' title='bbox 1098 3909 1151 3994; x_wconf 89' lang='grc' dir='ltr'><strong>ΒΗ</strong></span> <span class='ocrx_word' id='word_1_414' title='bbox 1168 3913 1289 3972; x_wconf 88' lang='lat' dir='ltr'><strong>commi-</strong></span> 
     </span>
     <span class='ocr_line' id='line_1_41' title="bbox 141 3993 1291 4078; baseline -0.002 -20"><span class='ocrx_word' id='word_1_415' title='bbox 141 4003 240 4058; x_wconf 86' lang='lat' dir='ltr'><strong>tcmA</strong></span> <span class='ocrx_word' id='word_1_416' title='bbox 259 3993 477 4056; x_wconf 70' lang='lat' dir='ltr'><strong>commetesB¹</strong></span> <span class='ocrx_word' id='word_1_417' title='bbox 495 3995 508 4078; x_wconf 96' lang='grc' dir='ltr'>Η</span> <span class='ocrx_word' id='word_1_418' title='bbox 525 4009 557 4060; x_wconf 90' lang='grc'><strong>10</strong></span> <span class='ocrx_word' id='word_1_419' title='bbox 578 4001 659 4072; x_wconf 66' lang='lat' dir='ltr'><strong>Vera.</strong></span> <span class='ocrx_word' id='word_1_420' title='bbox 674 4015 771 4073; x_wconf 78' lang='lat' dir='ltr'><strong>peorp.</strong></span> <span class='ocrx_word' id='word_1_421' title='bbox 786 3999 805 4055; x_wconf 88' lang='grc' dir='ltr'><em>Ι</em></span> <span class='ocrx_word' id='word_1_422' title='bbox 820 4005 880 4056; x_wconf 77' lang='grc'><strong>488</strong></span> <span class='ocrx_word' id='word_1_423' title='bbox 895 3993 908 4078; x_wconf 97' lang='grc' dir='ltr'>Η</span> <span class='ocrx_word' id='word_1_424' title='bbox 925 4009 954 4060; x_wconf 89' lang='lat' dir='ltr'><strong>ll</strong></span> <span class='ocrx_word' id='word_1_425' title='bbox 971 4017 1029 4056; x_wconf 89' lang='lat' dir='ltr'><strong>neo</strong></span> <span class='ocrx_word' id='word_1_426' title='bbox 1042 4018 1092 4057; x_wconf 67' lang='lat' dir='ltr'><strong>aas</strong></span> <span class='ocrx_word' id='word_1_427' title='bbox 1102 3997 1161 4056; x_wconf 85' lang='lat' dir='ltr'><strong>diri</strong></span> <span class='ocrx_word' id='word_1_428' title='bbox 1179 3998 1291 4056; x_wconf 87' lang='lat' dir='ltr'><strong>totiens</strong></span> 
     </span>
     <span class='ocr_line' id='line_1_42' title="bbox 142 4078 1290 4158; baseline -0.003 -16"><span class='ocrx_word' id='word_1_429' title='bbox 142 4102 248 4144; x_wconf 75' lang='lat' dir='ltr'><strong>unere</strong></span> <span class='ocrx_word' id='word_1_430' title='bbox 267 4090 401 4142; x_wconf 86' lang='lat' dir='ltr'><strong>cometes</strong></span> <span class='ocrx_word' id='word_1_431' title='bbox 423 4079 599 4158; x_wconf 85' lang='lat' dir='ltr'><strong>(commetes</strong></span> <span class='ocrx_word' id='word_1_432' title='bbox 620 4078 676 4158; x_wconf 75' lang='lat'><strong>13¹)</strong></span> <span class='ocrx_word' id='word_1_433' title='bbox 698 4085 726 4139; x_wconf 89' lang='grc' dir='ltr'><em>Β</em></span> <span class='ocrx_word' id='word_1_434' title='bbox 742 4102 878 4142; x_wconf 87' lang='lat' dir='ltr'><strong>necnon</strong></span> <span class='ocrx_word' id='word_1_435' title='bbox 897 4082 996 4141; x_wconf 85' lang='lat' dir='ltr'><strong>deerit</strong></span> <span class='ocrx_word' id='word_1_436' title='bbox 1020 4081 1163 4142; x_wconf 87' lang='lat' dir='ltr'><strong>occidens</strong></span> <span class='ocrx_word' id='word_1_437' title='bbox 1187 4101 1290 4142; x_wconf 84' lang='lat' dir='ltr'><strong>arsere</strong></span> 
     </span>
     <span class='ocr_line' id='line_1_43' title="bbox 142 4161 1292 4248; baseline 0 -22"><span class='ocrx_word' id='word_1_438' title='bbox 142 4167 289 4226; x_wconf 72' lang='lat' dir='ltr'><strong>cumdem</strong></span> <span class='ocrx_word' id='word_1_439' title='bbox 305 4171 330 4224; x_wconf 86' lang='lat' dir='ltr'><em>A</em></span> <span class='ocrx_word' id='word_1_440' title='bbox 350 4161 364 4248; x_wconf 97' lang='grc' dir='ltr'>Η</span> <span class='ocrx_word' id='word_1_441' title='bbox 388 4175 419 4228; x_wconf 77' lang='lat'><strong>12</strong></span> <span class='ocrx_word' id='word_1_442' title='bbox 432 4167 617 4244; x_wconf 85' lang='lat' dir='ltr'><strong>genethliaci</strong></span> <span class='ocrx_word' id='word_1_443' title='bbox 639 4170 686 4226; x_wconf 80' lang='lat' dir='ltr'><strong>ch</strong></span> <span class='ocrx_word' id='word_1_444' title='bbox 700 4166 883 4244; x_wconf 70' lang='lat' dir='ltr'><strong>gentiliatiei</strong></span> <span class='ocrx_word' id='word_1_445' title='bbox 898 4167 1129 4243; x_wconf 84' lang='lat' dir='ltr'><strong>Bgeneeliatici</strong></span> <span class='ocrx_word' id='word_1_446' title='bbox 1139 4163 1178 4225; x_wconf 79' lang='grc' dir='ltr'><strong>Α2</strong></span> <span class='ocrx_word' id='word_1_447' title='bbox 1192 4169 1292 4243; x_wconf 86' lang='lat' dir='ltr'><strong>genti-</strong></span> 
     </span>
     <span class='ocr_line' id='line_1_44' title="bbox 140 4246 1278 4333; baseline -0.002 -21"><span class='ocrx_word' id='word_1_448' title='bbox 140 4253 212 4312; x_wconf 81' lang='lat' dir='ltr'><strong>liaci</strong></span> <span class='ocrx_word' id='word_1_449' title='bbox 227 4255 257 4310; x_wconf 85' lang='grc' dir='ltr'><em>Ε</em></span> <span class='ocrx_word' id='word_1_450' title='bbox 266 4271 322 4309; x_wconf 74' lang='lat' dir='ltr'><strong>om,</strong></span> <span class='ocrx_word' id='word_1_451' title='bbox 334 4249 370 4309; x_wconf 89' lang='lat' dir='ltr'><strong>A¹</strong></span> <span class='ocrx_word' id='word_1_452' title='bbox 388 4247 401 4333; x_wconf 96' lang='grc' dir='ltr'>Η</span> <span class='ocrx_word' id='word_1_453' title='bbox 417 4260 517 4312; x_wconf 87' lang='lat' dir='ltr'><strong>autem</strong></span> <span class='ocrx_word' id='word_1_454' title='bbox 534 4271 589 4311; x_wconf 86' lang='lat' dir='ltr'><strong>om.</strong></span> <span class='ocrx_word' id='word_1_455' title='bbox 606 4249 642 4310; x_wconf 84' lang='grc' dir='ltr'><strong>Α1</strong></span> <span class='ocrx_word' id='word_1_456' title='bbox 661 4247 674 4332; x_wconf 96' lang='grc' dir='ltr'>Η</span> <span class='ocrx_word' id='word_1_457' title='bbox 690 4252 753 4310; x_wconf 79' lang='lat' dir='ltr'><strong>otiis</strong></span> <span class='ocrx_word' id='word_1_458' title='bbox 773 4255 799 4308; x_wconf 89' lang='lat' dir='ltr'><em>B</em></span> <span class='ocrx_word' id='word_1_459' title='bbox 815 4271 918 4311; x_wconf 84' lang='lat' dir='ltr'><strong>omnes</strong></span> <span class='ocrx_word' id='word_1_460' title='bbox 936 4253 984 4310; x_wconf 79' lang='lat' dir='ltr'><strong>ch</strong></span> <span class='ocrx_word' id='word_1_461' title='bbox 999 4246 1012 4331; x_wconf 96' lang='grc' dir='ltr'>Η</span> <span class='ocrx_word' id='word_1_462' title='bbox 1028 4261 1062 4314; x_wconf 84' lang='grc'><strong>13</strong></span> <span class='ocrx_word' id='word_1_463' title='bbox 1074 4251 1216 4311; x_wconf 82' lang='lat' dir='ltr'><strong>comdrea</strong></span> <span class='ocrx_word' id='word_1_464' title='bbox 1234 4257 1258 4310; x_wconf 89' lang='lat' dir='ltr'><em>A</em></span> <span class='ocrx_word' id='word_1_465' title='bbox 1276 4252 1278 4323; x_wconf 53' lang='lat' dir='ltr'>s</span> 
     </span>
     <span class='ocr_line' id='line_1_45' title="bbox 142 4330 1279 4420; baseline -0.002 -22"><span class='ocrx_word' id='word_1_466' title='bbox 142 4347 173 4398; x_wconf 88' lang='lat' dir='ltr'><strong>ct</strong></span> <span class='ocrx_word' id='word_1_467' title='bbox 184 4357 245 4396; x_wconf 81' lang='lat' dir='ltr'><strong>om.</strong></span> <span class='ocrx_word' id='word_1_468' title='bbox 261 4332 303 4394; x_wconf 90' lang='lat' dir='ltr'><strong>B¹</strong></span> <span class='ocrx_word' id='word_1_469' title='bbox 321 4330 326 4416; x_wconf 83' lang='grc' dir='ltr'>Ι</span> <span class='ocrx_word' id='word_1_470' title='bbox 349 4355 403 4415; x_wconf 85' lang='lat' dir='ltr'><strong>pro</strong></span> <span class='ocrx_word' id='word_1_471' title='bbox 419 4341 444 4395; x_wconf 94' lang='lat' dir='ltr'><em>A</em></span> <span class='ocrx_word' id='word_1_472' title='bbox 465 4331 478 4420; x_wconf 97' lang='grc' dir='ltr'>Η</span> <span class='ocrx_word' id='word_1_473' title='bbox 500 4348 534 4400; x_wconf 76' lang='lat' dir='ltr'><strong>lt</strong></span> <span class='ocrx_word' id='word_1_474' title='bbox 548 4337 683 4396; x_wconf 87' lang='lat' dir='ltr'><strong>secunda</strong></span> <span class='ocrx_word' id='word_1_475' title='bbox 695 4355 841 4415; x_wconf 89' lang='lat' dir='ltr'><strong>prospero</strong></span> <span class='ocrx_word' id='word_1_476' title='bbox 856 4337 909 4396; x_wconf 88' lang='lat' dir='ltr'><strong>uel</strong></span> <span class='ocrx_word' id='word_1_477' title='bbox 921 4339 960 4396; x_wconf 90' lang='grc' dir='ltr'><strong>Β’</strong></span> <span class='ocrx_word' id='word_1_478' title='bbox 973 4331 987 4418; x_wconf 95' lang='grc' dir='ltr'>Η</span> <span class='ocrx_word' id='word_1_479' title='bbox 1006 4335 1189 4415; x_wconf 86' lang='lat' dir='ltr'><strong>protendere</strong></span> <span class='ocrx_word' id='word_1_480' title='bbox 1206 4341 1259 4396; x_wconf 91' lang='lat' dir='ltr'><strong>AB</strong></span> <span class='ocrx_word' id='word_1_481' title='bbox 1275 4354 1279 4418; x_wconf 69' lang='grc' dir='ltr'>Η</span> 
     </span>
     <span class='ocr_line' id='line_1_46' title="bbox 141 4417 788 4504; baseline 0.002 -23"><span class='ocrx_word' id='word_1_482' title='bbox 141 4432 189 4481; x_wconf 84' lang='lat' dir='ltr'><strong>cst</strong></span> <span class='ocrx_word' id='word_1_483' title='bbox 208 4442 263 4481; x_wconf 87' lang='lat' dir='ltr'><strong>om.</strong></span> <span class='ocrx_word' id='word_1_484' title='bbox 283 4424 312 4479; x_wconf 91' lang='grc' dir='ltr'><em>Β</em></span> <span class='ocrx_word' id='word_1_485' title='bbox 334 4417 340 4502; x_wconf 80' lang='grc' dir='ltr'>Η</span> <span class='ocrx_word' id='word_1_486' title='bbox 357 4432 388 4485; x_wconf 80' lang='lat'><strong>15</strong></span> <span class='ocrx_word' id='word_1_487' title='bbox 400 4421 517 4501; x_wconf 86' lang='lat' dir='ltr'><strong>pellant</strong></span> <span class='ocrx_word' id='word_1_488' title='bbox 531 4419 567 4480; x_wconf 92' lang='grc' dir='ltr'><strong>ΒΙ</strong></span> <span class='ocrx_word' id='word_1_489' title='bbox 585 4417 599 4504; x_wconf 96' lang='grc' dir='ltr'>Η</span> <span class='ocrx_word' id='word_1_490' title='bbox 614 4422 749 4500; x_wconf 83' lang='lat' dir='ltr'><strong>apellata</strong></span> <span class='ocrx_word' id='word_1_491' title='bbox 764 4427 788 4482; x_wconf 91' lang='lat' dir='ltr'><em>A</em></span> 
     </span>
    </p>
   </div>
   <div class='ocr_carea' id='block_1_8' title="bbox 0 0 1540 5064">
    <p class='ocr_par' dir='ltr' id='par_1_8' title="bbox 0 0 1540 5064">
     <span class='ocr_line' id='line_1_47' title="bbox 0 0 1540 5064; baseline 0 2"><span class='ocrx_word' id='word_1_492' title='bbox 0 0 1540 5064; x_wconf 95' lang='lat' dir='ltr'><strong> </strong></span> 
     </span>
    </p>
   </div>
  </div>
 </body>
</html>
