3138 5100
505 413 533 454 F·
551 411 730 454 strennum
747 413 988 458 COMMENTARIVS
1250 397 1311 460 503

259 563 333 641 Peg.
352 561 409 635 29,
424 563 445 624 8
463 563 545 643 quod
562 565 593 623 in
610 563 694 624 libris
712 577 742 625 et
757 567 880 646 optimis
898 575 928 626 et
943 567 1080 646 plurimis
1096 568 1249 648 proditum
1267 579 1313 630 est

174 668 323 726 eunuchus
347 669 459 739 quidem
488 668 530 724 bs's
552 669 597 724 die
620 675 686 726 octo
708 677 766 738 cst,
795 654 963 728 rectissimo
984 668 1098 730 iudicio
1118 671 1311 732 Burmannus

175 767 477 848 Oudendorpinsque
499 779 726 846 perspexerunt
748 770 824 829 nihil
845 768 928 830 aliud
945 791 1013 830 esse
1029 771 1089 831 nisi
1106 772 1167 832 ‘bis
1183 773 1312 850 singulis

175 869 296 930 diebus*
312 871 364 928 vel
381 868 522 930 ‘cottidie
538 869 615 930 bis’:
637 870 670 930 id
693 871 774 951 qnod
796 873 869 932 sutis
891 893 958 932 cum
980 872 1106 932 aliorum
1129 881 1192 933 turn
1215 875 1311 953 ipsius

175 971 314 1032 Suetonii
332 972 481 1051 exemplis
503 971 650 1052 probatur
664 973 702 1033 ab
719 973 828 1034 eodem
845 973 1070 1054 Oudendorpio
1086 976 1263 1055 compositis
1279 977 1311 1036 in

173 1074 228 1132 vit.
245 1072 365 1134 Galbae
381 1079 440 1132 ct
463 1083 493 1132 et
517 1073 546 1133 d.
562 1073 694 1154 Augusti
716 1096 741 1134 o.
758 1087 805 1149 31,
833 1077 918 1136 volnt
939 1067 1005 1136 culn
1032 1077 1148 1138 ‘liberti
1168 1079 1312 1158 seruique

172 1179 214 1234 lu's
236 1179 281 1234 die
309 1176 488 1256 frequentes
516 1176 640 1236 adcsse'
669 1177 825 1252 dicuntur,
852 1180 903 1238 vel
930 1180 1122 1258 ‘compitales
1146 1180 1243 1240 Lares
1270 1183 1313 1238 bis

173 1297 249 1336 anno
265 1278 383 1338 ornari’
407 1285 438 1337 et
453 1297 533 1358 quae
549 1288 620 1338 sunt
635 1288 737 1338 cetera
752 1301 876 1359 prorsus
898 1281 1019 1359 parilia.
1063 1279 1102 1339 Id
1123 1289 1224 1341 autern
1246 1301 1312 1340 curn

173 1379 337 1440 absurdum
354 1387 435 1439 csset
452 1379 490 1438 de
507 1389 574 1440 acta
589 1381 739 1441 Eunucho
757 1381 831 1455 dici,
848 1382 954 1442 mirum
970 1402 1033 1470 non
1051 1391 1097 1441 est
1114 1383 1153 1442 de
1170 1381 1312 1444 eiciendo.

172 1485 217 1542 dio
232 1501 309 1542 voce
331 1489 401 1560 post
425 1481 501 1542 alios
517 1502 565 1540 me
582 1503 704 1563 quoquc
719 1485 846 1562 Parerg.
869 1505 900 1564 p.
916 1493 969 1546 333
987 1491 1050 1542 tum
1072 1485 1223 1562 cogitasse
1245 1505 1311 1544 oum

173 1605 241 1644 eam
256 1605 319 1644 non
334 1584 421 1662 potui
442 1605 505 1644 non
528 1586 649 1644 novicio
672 1586 887 1666 interpolatori
908 1585 1058 1658 tribuere,
1082 1586 1197 1665 qnippe
1221 1605 1311 1666 qnam

171 1688 255 1767 typis
272 1691 418 1765 expressa
435 1687 577 1765 exempla
592 1686 666 1746 inde
682 1708 700 1746 a
717 1687 857 1768 principe
874 1689 976 1748 omnia
991 1689 1185 1766 ignorarent:
1202 1697 1312 1748 contra

172 1799 265 1870 atque
281 1808 390 1867 reapse
408 1807 476 1848 esse
491 1808 573 1847 nnnc
588 1789 689 1848 scitur.
727 1789 768 1848 Et
788 1791 944 1850 sententia
966 1788 1090 1869 quidem
1112 1789 1188 1869 qnid
1209 1790 1310 1870 requi·

171 1899 269 1963 reret,
286 1899 333 1950 sat
349 1897 431 1948 certo
448 1889 562 1949 indicio
578 1889 696 1950 Donati
712 1889 808 1950 verba
824 1893 969 1952 exstitere
991 1893 1036 1950 ‘ut
1054 1896 1156 1950 iterum
1175 1901 1312 1966 ageretur

169 2013 225 2068 pro
241 2001 342 2061 aouu',
360 1991 471 2072 quibus
486 1992 554 2064 ills,
577 1991 728 2072 quidquid
750 1993 826 2071 legit
841 1993 925 2073 apud
941 1993 1135 2066 Suetonium,
1159 1994 1310 2072 interpre-

171 2104 251 2156 tatus
278 2104 324 2154 est
349 2095 524 2152 verissime:
552 2093 634 2174 quod
662 2115 719 2172 ogo
742 2115 839 2173 genus
861 2096 1036 2154 universum
1060 2095 1080 2152 l.
1103 2115 1127 2153 s.
1150 2113 1174 2153 s.
1201 2093 1308 2154 dedita

172 2217 268 2276 opera
282 2203 460 2276 persecutus
476 2215 551 2255 snm.
596 2197 705 2275 Itaque
722 2217 789 2256 curn
805 2196 876 2256 olim
891 2197 960 2274 ipsa
980 2215 1037 2270 pro
1051 2210 1127 2256 noua
1148 2195 1243 2254 verba
1263 2197 1310 2255 in·

171 2298 331 2358 tercidisse
352 2307 423 2377 post
448 2301 490 2358 ln's
515 2297 729 2371 coniecissem,
756 2305 827 2376 post
848 2298 939 2356 facile
962 2297 1103 2356 intellexi
1125 2297 1226 2375 potins
1247 2297 1310 2356 tale

171 2399 317 2482 quiddam
343 2401 487 2479 seriptum
513 2399 607 2458 fuisse
636 2399 739 2479 qualia
762 2407 833 2458 sunt
857 2402 899 2456 bis
927 2393 1044 2478 [eodem]
1071 2400 1116 2454 die
1141 2398 1192 2458 vel
1213 2401 1255 2456 bis
1275 2401 1310 2456 de

170 2499 310 2584 clampre]
344 2502 397 2561 vel
427 2505 469 2560 lu's
495 2497 610 2580 dc[nao]
633 2501 685 2560 uel
711 2503 753 2560 bis
772 2497 940 2580 dednecpsl.
983 2499 1119 2586 Quorum
1146 2500 1200 2558 illa
1230 2521 1309 2580 qnae

171 2604 273 2666 medis
288 2605 376 2684 posui
393 2623 461 2664 esse
480 2590 641 2680 ruricolo'yn
661 2611 805 2682 apparet:
829 2600 911 2681 quod
927 2610 1028 2660 antem
1044 2601 1141 2680 primo
1166 2601 1248 2674 loco,
1272 2621 1308 2660 eo

173 2707 315 2788 displicet
337 2705 420 2787 quod
440 2705 597 2784 profecto,
621 2712 661 2762 ut
686 2697 871 2781 singularem
897 2704 1025 2782 gratiam
1052 2702 1147 2761 fnisse
1167 2703 1308 2762 Eunuchi

171 2808 367 2890 probaretur,
394 2827 457 2866 non
484 2825 561 2886 opus
584 2814 649 2864 erat
670 2804 780 2864 eodem
802 2805 852 2864 die
873 2807 984 2866 iterata
1003 2803 1124 2872 fabula,
1152 2803 1208 2864 sed
1234 2805 1309 2864 satis

172 2920 239 2972 erat
253 2929 309 2990 per
325 2909 492 2970 eorundem
507 2907 646 2968 ludorum
670 2927 834 2988 corumque
855 2927 953 2968 novas
973 2906 1093 2966 fabulas
1116 2907 1309 2984 poscentium

172 3015 363 3074 occasionem
379 3013 482 3072 denuo
499 3010 697 3088 efflagitatam
713 3009 875 3088 prodiisse.
911 3010 981 3068 Ilae
1008 3008 1100 3086 igitur
1115 3027 1163 3066 me
1180 3026 1305 3068 caussae

170 3124 331 3176 moverunt
345 3123 378 3175 ut
393 3114 580 3194 praeferrem
597 3111 679 3192 quod
694 3112 824 3171 maxime
840 3111 972 3190 simplex
986 3111 1099 3182 visum,
1116 3112 1158 3166 bus
1171 3113 1306 3182 deinceps

170 3219 201 3280 h.
218 3239 245 3278 e.
263 3216 415 3278 ‘zweimal
429 3215 508 3274 nach
526 3213 703 3274 einander’.

255 3318 389 3380 Versuss
410 3303 467 3376 etsi
488 3319 578 3374 idest
599 3315 727 3374 voculae
750 3334 789 3372 ne
813 3335 831 3371 a
852 3312 958 3373 codice
978 3316 1004 3372 A
1025 3312 1164 3392 quidem,
1189 3309 1244 3370 sed
1269 3310 1307 3370 ab

169 3445 231 3485 uno
248 3426 275 3480 B
290 3420 415 3493 absunt,
437 3429 539 3478 tamen
556 3437 574 3474 a
590 3415 737 3476 Suetonio
754 3416 882 3494 scriptas
899 3433 966 3472 esse
989 3433 1055 3474 curn
1071 3413 1188 3472 Donati
1206 3420 1308 3470 aucto-

170 3527 244 3585 ritas
255 3534 318 3585 tum
330 3519 478 3602 loquendi
491 3528 522 3578 ct
533 3519 611 3577 ratio
626 3526 657 3576 et
674 3515 864 3576 consuetudo
878 3523 1004 3592 negant.
1034 3515 1120 3574 Nilril
1134 3515 1216 3572 enirn
1229 3514 1307 3572 eius·

170 3625 301 3686 modiin
316 3623 432 3684 Donati
448 3622 495 3680 his
514 3619 632 3679 verbis:
643 3637 757 3693 proque
768 3636 803 3676 oe
813 3621 946 3691 pretium,
959 3621 1036 3692 quod
1050 3619 1123 3674 nulli
1135 3625 1201 3674 onte
1214 3620 1307 3690 ipsam

167 3732 288 3805 fabulae
307 3729 434 3800 contigit,
454 3733 516 3782 octo
536 3725 613 3779 milia
632 3725 793 3778 sestertium
817 3717 1004 3777 numerarent
1021 3727 1140 3792 poetae:
1164 3715 1215 3776 ubi
1238 3737 1306 3796 per·

170 3850 277 3910 peram
298 3839 329 3888 et
351 3830 482 3902 sabulum
503 3837 534 3886 et
555 3827 666 3882 milibus
686 3822 837 3900 vulgatur.
876 3821 966 3880 Ratio
987 3830 1088 3880 autern
1111 3827 1141 3878 et
1160 3839 1231 3878 usus
1250 3819 1306 3877 etsi
1393 3881 1400 3896 ι

170 3937 200 3990 r'd
217 3941 260 3990 est
275 3931 326 3990 vel
341 3934 394 3988 troc
409 3937 451 3986 est
466 3928 631 4009 particulas
647 3939 705 3984 nec
720 3945 788 3984 raro
804 3943 862 3982 nce
877 3943 938 3982 nno
955 3922 1045 3982 modo
1067 3920 1203 3980 admisit:
1227 3939 1306 4000 quae

170 4053 288 4111 genera
308 4029 480 4092 identidem
495 4029 671 4105 Madvigius
693 4025 860 4107 explicavit
880 4024 911 4084 in
929 4023 992 4084 Cic.
1010 4023 1116 4082 defin.
1137 4043 1168 4101 p.
1185 4029 1228 4083 ta.
1248 4029 1305 4084 139.
1363 4091 1369 4104 ,

172 4143 232 4197 144.
247 4143 314 4198 264:
341 4143 443 4192 tamen
466 4131 504 4190 ab
526 4132 585 4204 eis,
614 4147 693 4209 qnae
714 4127 845 4206 simplici
866 4125 1070 4205 appositionis
1092 4122 1306 4201 grammaticae

170 4237 293 4296 vinculo
310 4235 521 4307 eontinentur,
544 4231 720 4310 segregavit
735 4229 989 4290 constantissime.
1021 4225 1105 4304 Quas
1128 4223 1242 4303 ubique
1262 4224 1306 4282 ita

170 4347 331 4418 usurpatas
347 4335 483 4414 reperies
500 4343 546 4408 ut,
565 4353 655 4413 quam
671 4331 745 4412 quid
761 4331 821 4389 vim
836 4329 964 4396 habeat,
981 4347 1070 4408 quam
1082 4325 1133 4384 vel
1148 4325 1305 4384 notionem

169 4441 221 4500 vel
237 4439 423 4500 sententiam
437 4444 564 4516 aequet,
583 4433 770 4493 declaretur:
793 4451 852 4512 quo
874 4432 908 4490 fit
922 4437 955 4488 ut
971 4449 1037 4488 cnm
1059 4427 1187 4506 singulis
1208 4425 1305 4485 nomi·
