3072 5064
235 379 294 440 174
738 401 869 444 ranrvu

231 561 440 610 svrvuertvs
460 567 503 610 ax
525 547 672 611 siccitate
694 556 727 611 et
743 547 881 634 frigore,
904 565 1035 614 ulsurs
1057 571 1100 614 ex
1115 549 1236 635 frigore
1258 561 1291 616 et
1313 551 1373 616 hu-

232 670 332 712 moro.
356 647 444 712 unde
463 649 559 712 etiam
579 659 654 712 sunt
669 658 814 734 tempora
829 672 848 712 a
863 652 1099 716 communionis
1116 661 1372 738 temperamento

231 750 335 814 dicta:
378 751 471 814 cuius
494 750 732 816 communionis
754 751 835 816 haec
862 761 911 816 est
932 751 1038 838 figura
1067 759 1173 833 (fipurn
1196 761 1253 836 Il).
1293 775 1372 842 quo·

231 875 302 916 rum
323 861 504 941 temporum
516 851 604 916 'liaeo
619 861 694 917 sunt
711 854 889 940 principia:
925 875 984 918 uer
997 855 1143 920 exoritur
1158 867 1274 920 octauo
1294 855 1371 919 Kal.

231 1090 292 1144 tur.’
305 1095 340 1144 el.
349 1093 428 1158 epist.
435 1091 763 1158 Theophilinlexendrini
777 1093 860 1158 episc.
872 1094 1080 1159 abHieronymo
1090 1110 1171 1145 verse
1183 1095 1228 1160 lp.
1241 1093 1290 1143 621
1298 1095 1370 1144 vill.

232 1189 262 1198 --
281 1162 439 1213 Ambrosius
456 1161 580 1210 hexaem.
600 1160 698 1220 11115,
718 1160 764 1210 21:
796 1162 946 1226 ‘Tempora
965 1171 1055 1212 autem
1074 1178 1144 1228 quae
1159 1169 1225 1218 sunt
1243 1164 1295 1212 nisi
1313 1179 1371 1212 mu-

231 1231 363 1280 tationum
381 1231 468 1291 uices,
488 1229 575 1278 hiems
593 1243 642 1278 uer
665 1233 758 1280 aestas
782 1235 865 1294 atquc
884 1231 1045 1280 clitumnus?
1071 1231 1099 1279 in
1122 1231 1183 1282 istis
1200 1231 1284 1296 igitur
1302 1235 1370 1280 tem·

230 1299 340 1363 poribus
359 1303 407 1346 aut
425 1297 547 1346 uelocior
565 1301 607 1346 est
624 1297 757 1346 transitus
775 1297 842 1347 solis
856 1305 903 1348 aut
920 1299 1033 1348 tardior.
1065 1299 1121 1348 alia
1136 1297 1208 1348 eninr
1221 1299 1370 1364 praestrin-

230 1367 271 1430 git
298 1366 383 1416 radiis
407 1365 463 1414 suis
493 1365 550 1414 alia
578 1365 730 1414 intlnmmat
757 1365 904 1415 caloribus.
945 1366 1039 1431 itaque
1063 1382 1123 1416 oum
1147 1366 1188 1416 sol
1211 1365 1370 1416 meridianis

229 1435 354 1498 partibus
373 1434 532 1482 immoratur
549 1432 636 1482 hiems
654 1433 733 1482 nobis
752 1439 804 1482 est.
839 1449 904 1482 nam
921 1449 982 1482 eum
1001 1433 1041 1484 sol
1060 1433 1169 1498 longius
1187 1434 1274 1493 obeat,
1293 1440 1370 1484 terra

230 1502 343 1566 rigescit
363 1499 435 1566 gelu,
455 1500 598 1564 stringitur
617 1501 719 1565 frigore
744 1507 773 1550 ct
794 1501 913 1566 plurima
931 1502 1021 1552 noctis
1038 1503 1135 1552 umbra
1158 1508 1246 1552 terras
1269 1502 1369 1568 operit,

230 1576 259 1619 ut
277 1568 360 1619 multo
380 1568 529 1632 prolixiora
547 1570 603 1617 sint
620 1569 710 1618 noetis
728 1571 820 1634 spatia
844 1585 925 1633 quam
947 1569 1012 1618 diei.
1049 1569 1112 1618 hinc
1132 1571 1218 1620 oritur
1236 1585 1321 1620 causa
1338 1575 1370 1618 ut

229 1637 352 1688 hibernis
375 1636 485 1686 tlatibus
508 1636 593 1684 nimia
615 1637 658 1686 uis
681 1637 785 1686 niuium
808 1636 1015 1702 pluuiarumque
1040 1637 1178 1691 fundatur.
1214 1653 1274 1686 cum
1303 1653 1369 1686 uero

229 1721 262 1755 ex
281 1703 441 1754 meridianis
460 1703 596 1753 decedens
614 1704 738 1767 partibus
757 1719 839 1770 supra
858 1709 959 1756 terram
976 1705 1062 1765 redit,
1086 1706 1228 1756 noctisue
1247 1705 1303 1754 diei
1321 1721 1369 1756 sx-

230 1779 331 1836 ncqnet
351 1777 488 1836 temporam
513 1777 541 1820 ct
560 1786 611 1836 quo
630 1772 718 1836 magis
737 1787 827 1822 moras
845 1774 902 1822 suis
921 1773 1048 1837 adiungit
1066 1773 1200 1834 cursibus,
1220 1789 1253 1823 eo
1271 1773 1369 1841 paulis,

229 1842 278 1890 tim
296 1842 455 1904 temperiem
475 1840 547 1888 aeris
566 1839 645 1888 huius
658 1839 766 1889 reducit
784 1846 813 1890 et
831 1847 945 1890 reuocat
956 1856 1084 1890 aurarum
1097 1840 1282 1900 elementiam,
1296 1855 1368 1904 quae

228 1909 326 1958 fouens
345 1908 436 1958 omnia
454 1907 618 1972 repetendos
636 1908 711 1972 cogit
729 1909 757 1957 in
775 1913 879 1973 partus,
899 1915 929 1958 ut
947 1914 1021 1960 terra
1039 1909 1176 1973 germinet
1194 1923 1227 1958 ac
1246 1907 1369 1958 resoluta

229 1977 317 2027 sulcis
332 1977 439 2024 sem'na
457 1975 642 2036 reuiuiscam,
666 1975 807 2026 uirescant
824 1976 950 2037 arbores,
976 1976 1011 2026 ad
1028 1977 1241 2042 perpetuitatem
1261 1991 1367 2040 quoque

227 1993 410 2095 conseruandi
428 2044 539 2107 generis
562 2059 654 2092 eorum
679 2059 749 2107 quae
772 2043 817 2094 uel
840 2044 968 2094 interris
991 2048 1055 2093 sunt
1077 2044 1122 2093 uel
1145 2045 1224 2110 aquis
1246 2043 1369 2110 gaudeat

173 2166 182 2186 ⁸
229 2113 328 2162 annuis
346 2111 450 2161 letibus
468 2112 608 2162 successio
626 2116 801 2176 propagetur.
843 2118 886 2161 ast
907 2113 955 2162 ubi
979 2111 1014 2161 ad
1033 2113 1155 2162 aestiuas
1174 2113 1368 2162 conuersiones

192 2225 204 2247 ,
228 2182 256 2230 in
275 2180 499 2245 septemtrionem
516 2194 545 2228 se
564 2178 695 2244 subrigit,
719 2182 812 2243 spatia
830 2179 928 2229 diurna
946 2179 1084 2244 producit,
1109 2184 1205 2230 noctes
1222 2195 1288 2229 uero
1307 2195 1369 2229 are-

229 2255 270 2298 tat
293 2255 322 2297 et
345 2248 501 2312 adstringit.
538 2247 632 2312 itaque
657 2263 709 2310 quo
733 2247 822 2312 magis
844 2262 895 2296 usu
920 2247 1031 2297 assiduo
1055 2249 1113 2296 aeri
1136 2247 1200 2298 huic
1224 2248 1369 2313 copulatur

228 2323 311 2382 atque
330 2317 469 2376 miscetur,
490 2331 522 2364 eo
541 2315 658 2380 amplius
677 2321 704 2363 et
722 2315 810 2379 ipsum
830 2331 922 2365 aerem
940 2321 1058 2380 uaporat
1079 2319 1107 2364 et
1125 2321 1259 2365 terrarum
1279 2318 1367 2366 exsic-

228 2394 276 2434 cat
293 2385 441 2444 humorem,
461 2383 620 2432 adolescere
640 2383 710 2432 lacit
727 2383 833 2432 semina
851 2390 879 2432 et
897 2389 1035 2447 tamquam
1051 2383 1080 2432 in
1092 2398 1189 2433 suecos
1201 2383 1297 2433 uiriles
1309 2399 1366 2432 ma-

227 2460 367 2502 turescere
391 2467 471 2516 poma
494 2450 635 2500 siluarum.
677 2456 743 2501 tune
768 2452 833 2515 quia
855 2451 1017 2515 flagrantior
1040 2457 1092 2513 est,
1115 2451 1234 2501 minores
1257 2452 1367 2501 umbras

228 2521 298 2570 iacit
317 2522 345 2569 in
357 2519 518 2580 meridiano,
538 2519 667 2582 quonium
681 2534 713 2568 ex
733 2519 789 2568 alto
802 2518 874 2568 hunc
887 2519 1033 2568 inluminat
1044 2516 1152 2568 loeum'
1176 2517 1221 2568 23:
1242 2520 1366 2584 'Exemp-

227 2587 282 2638 lum
306 2604 371 2652 ergo
395 2601 536 2652 possumus
566 2587 708 2650 accipere;
738 2587 802 2652 quie
825 2586 960 2636 hiemales
983 2580 1042 2636 die's
1064 2587 1162 2636 breues
1185 2586 1233 2636 sed
1257 2587 1367 2636 umbras

227 2657 345 2706 maiores
362 2655 479 2704 habent:
499 2655 601 2703 aestiui
619 2655 678 2703 dies
691 2655 808 2704 maiores
820 2655 868 2704 sed
881 2654 991 2704 umbras
1003 2655 1123 2704 minores
1134 2653 1247 2704 habeut.
1276 2654 1368 2704 medic

227 2739 333 2788 qaoque
352 2724 396 2772 dis
415 2723 503 2772 minor
520 2722 616 2771 umbra
635 2737 715 2786 quam
734 2723 779 2772 uel
799 2723 827 2771 in
838 2721 976 2787 principio
990 2727 1032 2771 est
1050 2721 1107 2770 diei
1124 2722 1169 2773 uel
1187 2722 1254 2771 fine:
1274 2727 1302 2770 et
1313 2722 1365 2772 hcc

227 2791 299 2855 apud
318 2807 367 2840 nos
390 2791 419 2839 in
437 2795 516 2854 parte
535 2789 697 2839 occidentis.
733 2795 830 2854 postea
849 2805 898 2840 nos
916 2794 1062 2840 autumnus
1080 2791 1222 2855 excipiens
1240 2791 1367 2856 infringit

227 2859 335 2923 quidem
356 2863 479 2907 aestuum
499 2857 729 2922 magnitudinem:
753 2857 802 2906 sed
823 2858 963 2923 paulisper
982 2857 1105 2906 relaxato
1124 2873 1157 2906 ac
1176 2857 1301 2923 deposito
1319 2875 1365 2908 aa·

226 2927 283 2976 lore
302 2942 352 2991 per
369 2926 530 2990 temperiem
548 2924 630 2974 medii
649 2925 843 2974 moderaminis
855 2927 914 2975 sina
934 2925 1030 2976 fraude
1049 2941 1098 2976 uos
1118 2929 1200 2990 etque
1219 2925 1276 2974 ulla
1294 2941 1366 2974 noxe

226 2995 337 3044 flatibus
349 2993 435 3044 tradit
447 2990 635 3042 hiemalibus)
655 3007 687 3041 ex
701 2991 788 3042 Basili
801 2993 862 3043 her.
877 3009 939 3058 png.
950 2994 982 3042 57
996 3009 1018 3042 e.
1033 2993 1058 3042 d.
1074 3009 1097 3042 c.
1111 2991 1145 3042 58
1158 3007 1182 3042 a.
1194 2995 1220 3043 h.
1245 2994 1366 3043 isidorus

225 3063 313 3127 origg.
326 3061 350 3110 V
362 3061 408 3111 35:
422 3061 573 3124 ‘Tempora
591 3061 656 3108 anni
669 3065 798 3124 quattuor
810 3067 886 3110 sunt:
900 3077 948 3112 uer
962 3066 1054 3112 aestas
1068 3068 1213 3112 autumnus
1228 3068 1257 3110 et
1268 3061 1364 3111 hiems.

169 3147 183 3170 ε
225 3131 377 3180 dictasunt
390 3135 512 3193 tempora
523 3143 539 3176 e
552 3129 751 3178 communionis
760 3135 986 3194 temperamento,
1000 3129 1071 3193 quod
1080 3129 1199 3179 inuicem
1210 3145 1240 3178 se
1253 3129 1365 3178 humore

224 3198 354 3248 siccitate
370 3197 462 3247 calore
476 3201 504 3246 et
516 3197 619 3261 frigore
633 3203 794 3261 temperent.
821 3195 890 3247 haec
905 3203 933 3246 et
945 3197 1083 3247 curricula
1095 3197 1223 3246 dicuntur
1234 3197 1299 3262 quia
1311 3213 1364 3246 non

224 3269 300 3316 stant
313 3267 359 3316 scd
373 3268 493 3314 eurmnt.
513 3268 726 3314 consistentem
743 3271 806 3330 post
819 3265 923 3314 factum
935 3265 1062 3314 mundum
1076 3279 1109 3313 ex
1121 3265 1256 3330 qualitate
1270 3281 1365 3314 cursus

223 3334 290 3385 solis
303 3341 426 3398 tempora
438 3333 466 3381 in
479 3337 572 3381 toruos
585 3347 692 3383 menses
705 3335 790 3383 fuisse
804 3333 903 3382 diuisa.
928 3347 1041 3398 quorum
1059 3337 1209 3398 temporum
1221 3333 1364 3382 discretio·

224 3417 286 3451 nem
297 3401 382 3451 talem
392 3406 502 3450 ueteres
515 3400 632 3461 faciunt,
642 3407 672 3450 ut
683 3403 770 3466 primo
780 3416 872 3450 mense
886 3417 934 3450 uer
943 3416 1041 3450 nouum
1053 3400 1171 3458 dicutur,
1185 3401 1304 3450 secundo
1317 3401 1365 3450 ad·

223 3469 319 3531 ultum,
337 3470 420 3520 tertio
438 3483 582 3533 praeceps.
618 3469 658 3518 sie
678 3474 706 3518 et
725 3473 817 3518 aestas
841 3469 869 3517 in
888 3470 944 3518 suis
964 3469 1050 3517 tribus
1068 3469 1208 3520 mensibus
1226 3483 1298 3518 noua
1316 3468 1364 3518 ad·

223 3538 283 3588 ulta
301 3543 330 3587 et
347 3552 490 3603 praeceps.
527 3538 592 3585 item
616 3535 704 3586 hierus
726 3551 798 3586 notra
824 3535 919 3586 ndultn
944 3541 972 3585 ct
993 3551 1129 3601 praeceps
1152 3536 1212 3586 siue
1231 3543 1363 3586 extrema.

224 3605 295 3656 unde
315 3611 343 3656 et
361 3605 441 3656 illud:
467 3605 623 3654 ‘Extremae
642 3605 692 3652 sub
712 3619 806 3654 ossum
823 3603 922 3654 hiemis
945 3603 971 3666 (e
989 3606 1061 3654 Sero.
1078 3619 1168 3668 peorp.
1188 3604 1205 3652 I
1222 3606 1279 3668 4³).
1315 3619 1365 3653 uer

224 3679 315 3724 autern
327 3673 430 3724 dictum
450 3672 520 3736 quod
532 3672 613 3722 niret.
643 3677 709 3720 tune
728 3673 800 3722 enim
819 3679 881 3737 post
899 3672 1016 3722 hiemem
1035 3673 1152 3722 uertitur
1170 3671 1253 3722 tellus
1271 3671 1365 3722 herbis

223 3749 250 3790 et
270 3743 298 3793 in
316 3742 408 3791 florem
428 3745 528 3790 cuncte
547 3744 714 3805 rumpuntur.
752 3745 845 3790 aestas
869 3740 944 3790 dicta
964 3740 998 3790 ab
1018 3744 1098 3790 aestu
1115 3740 1144 3788 id
1162 3745 1204 3790 est
1223 3739 1315 3790 calore
1335 3745 1364 3788 et

223 3817 316 3862 aestas
341 3810 420 3874 quasi
443 3813 506 3858 usta
530 3807 615 3858 idest
638 3813 735 3858 exusta
758 3815 786 3857 et
808 3808 896 3858 arida.
936 3823 999 3857 narn
1024 3808 1100 3857 calor
1118 3807 1211 3858 aridus
1229 3815 1279 3858 est
1316 3823 1365 3856 aa·

222 3883 330 3928 tamnus
350 3881 441 3927 autem
461 3891 477 3924 a
495 3880 661 3941 tempestate
678 3881 807 3937 uocatus,
833 3875 942 3941 quando
965 3881 993 3926 et
1017 3875 1086 3926 folia
1110 3876 1237 3925 arborum
1261 3875 1364 3926 eadunt

223 3951 251 3996 et
269 3947 360 3996 omnia
374 3951 569 3994 maturescunt.
600 3943 717 3994 hiemem
729 3959 795 3994 uero
813 3946 885 3994 ratio
898 3943 1095 4008 hemisphaerii
1112 3946 1284 4008 nuncupauit
1296 3943 1363 4007 quia

223 4081 424 4090 μ.-

309 4179 320 4228 l
340 4175 498 4226 autumnus
515 4167 542 4222 B
555 4163 568 4247 Η
585 4167 677 4224 citato
693 4161 731 4223 B¹
749 4166 870 4224 sicitate
889 4163 930 4223 Β2
951 4162 964 4249 Η
987 4167 1105 4244 fulgure
1123 4161 1163 4222 B¹
1179 4161 1192 4248 Η
1208 4165 1314 4224 hiemis
1337 4167 1365 4224 B

224 4248 236 4332 Η
253 4251 374 4327 fulgure
390 4249 428 4309 B¹
449 4247 462 4334 Η
483 4261 500 4312 2
514 4260 775 4329 temperamenta*
794 4247 831 4307 Β*
850 4255 1125 4330 temperamentaA
1139 4246 1153 4331 Η
1168 4261 1186 4313 3
1204 4271 1246 4312 ns
1262 4268 1362 4319 ovar-

222 4353 307 4395 rvoa
329 4355 460 4395 Tauron
479 4332 563 4419 ΑΗ4
583 4345 653 4394 sunt
669 4345 835 4413 temporum
851 4336 928 4395 lineo
949 4341 976 4396 B
990 4334 1003 4418 Η
1019 4357 1130 4396 uernus
1149 4340 1202 4395 AB
1221 4332 1234 4418 Η
1257 4356 1363 4396 exore-

221 4431 270 4480 tur
290 4419 325 4478 B¹
345 4417 358 4504 Η
374 4423 508 4481 exoritur
522 4422 560 4480 ab
576 4418 614 4480 A²
630 4416 643 4504 Η
658 4421 767 4480 octaba
782 4428 806 4479 A
824 4421 945 4480 VlllB
1004 4463 1010 4474 .
