3064 5064
517 413 559 455 ne
582 411 669 456 suno
692 410 895 456 sonsuonvn
1221 387 1276 450 trt

138 558 242 624 lecum
254 559 308 626 nel
319 559 467 626 ordinem
478 569 696 626 reuertuntur.
711 585 761 624 sss
773 579 867 645 quem
879 577 999 622 anuum
1010 557 1136 643 antiqui
1144 555 1280 620 undeui-

136 663 282 728 censimo
294 683 380 726 anno
394 662 481 728 liniri
489 662 543 726 uel
553 662 725 749 adimpleri
737 661 900 726 dixerunt.
917 674 1092 722 octuplus
1104 679 1182 724 uero
1193 657 1280 744 apud

138 765 286 828 Graecos
302 765 323 841 †
338 785 443 828 annus
467 773 617 851 quartus,
639 765 682 830 ab
700 762 855 850 Olympio
877 782 982 847 agone
997 761 1054 847 qui
1069 759 1161 824 uenit
1176 769 1280 825 trans·

137 865 219 928 actis
255 864 326 929 IIII
358 867 471 947 annis,
504 867 539 930 in
571 865 690 952 quihus
716 865 813 928 finem
846 865 980 928 sortitur
1006 862 1122 947 agonis
1151 871 1281 946 tempus

118 975 270 1052 spropter
287 966 525 1054 †quadriennii
542 988 671 1032 cursum
689 965 766 1032 solis
782 974 814 1030 et
828 973 960 1051 propter
975 963 1061 1050 quod
1076 963 1215 1048 singulis
1225 983 1280 1026 an·
1323 1034 1327 1043 Ι

136 1067 186 1131 nis
201 1067 223 1144 †
238 1068 336 1132 trium
358 1069 510 1133 horarum
529 1071 775 1156 consumptione
795 1069 828 1132 in
844 1067 1093 1154 quadriennium
1111 1063 1181 1132 dies
1197 1085 1282 1128 unns

137 1239 254 1290 circuitu
273 1241 404 1306 temporis
422 1247 500 1306 putat
518 1242 629 1305 dictum,
648 1242 712 1308 quia
731 1247 839 1292 ueteres
858 1257 893 1291 an
912 1256 960 1306 pro
980 1240 1082 1290 circum
1095 1253 1196 1304 ponere
1216 1254 1279 1288 con·

137 1313 260 1370 suerunt,
280 1313 310 1357 ut
328 1309 398 1360 Cato
417 1311 445 1358 in
463 1309 628 1374 originibus:
652 1311 752 1360 Arator
775 1325 810 1358 au
829 1309 981 1370 terminum,
1001 1307 1029 1357 id
1048 1311 1090 1356 est
1108 1307 1210 1356 circum
1228 1312 1282 1355 ter·

138 1376 247 1436 minum,
268 1381 299 1426 et
316 1377 421 1428 ambire
440 1378 541 1427 dicitnr
552 1393 601 1443 pro
614 1376 777 1428 circumire’
796 1405 828 1416 -
848 1377 1015 1428 Censorinus
1026 1374 1091 1424 XXI
1103 1371 1148 1423 13:
1169 1373 1251 1424 ‘Aliis
1265 1389 1282 1424 a
1307 1386 1312 1398 ·

138 1459 207 1494 nouo
231 1443 290 1493 sole
315 1444 344 1494 id
368 1451 411 1495 est
434 1461 450 1494 a
473 1447 582 1506 bruma,
607 1446 672 1496 aliis
690 1445 725 1495 ab
749 1447 854 1496 aestiuo
872 1444 1005 1502 solstitio,
1024 1443 1161 1508 plerisque
1181 1442 1216 1491 ab
1236 1457 1281 1492 ae·

138 1511 279 1576 quiuoctio
303 1529 398 1574 uerno,
426 1514 526 1579 partim
551 1513 586 1563 ab
606 1513 757 1564 antumnali
776 1513 966 1578 aequinoctio,
986 1510 1148 1576 quibusdam
1167 1511 1202 1560 ab
1221 1515 1282 1560 ortu

138 1579 332 1644 uergitiamm,
352 1581 491 1631 nonnullis
505 1581 540 1630 ab
559 1597 652 1630 earum
672 1597 786 1638 occasu,
805 1580 898 1630 multis
912 1596 929 1628 a
948 1580 1025 1628 caule
1045 1583 1139 1628 oxortu
1157 1577 1281 1642 incipere

139 1662 225 1696 annus
253 1649 391 1698 naturalis
423 1647 555 1698 uidetur.'
587 1673 622 1686 --
646 1649 688 1698 De
718 1649 758 1699 eis
790 1643 860 1714 qnae
894 1647 965 1712 apud
992 1646 1126 1696 Isidorum
1152 1649 1283 1695 secuntur

139 1715 164 1762 iu
187 1716 407 1776 eraestionibus
430 1716 577 1781 disputavi.
602 1743 633 1753 ·-
657 1717 822 1768 Censorinus
850 1715 943 1766 XVIII
965 1713 995 1764 8:
1033 1715 1193 1780 ‘praetereo
1219 1719 1283 1763 sunt

139 1784 201 1830 anni
222 1785 318 1849 magni
337 1783 491 1850 complures
509 1791 538 1833 nt
555 1785 721 1848 Metonicus‚
745 1799 824 1848 quem
842 1786 937 1834 Meton
955 1781 1131 1832 Atheniensis
1150 1797 1184 1832 ex
1202 1782 1282 1831 annis

139 1849 313 1916 undeuiginti
332 1853 478 1902 constituit
496 1867 581 1917 eoque
600 1853 846 1902 enneadecaeteris
871 1849 1047 1918 appellatur)
1074 1877 1107 1886 -
1134 1849 1232 1900 Cicero
1248 1849 1281 1899 de

139 1923 238 1967 natura
258 1919 371 1968 deorum
390 1918 481 1970 1120:
507 1921 638 1982 ‘Quorum
664 1937 697 1970 ex
720 1921 877 1985 disparibus
900 1919 1065 1970 motionibus
1088 1933 1215 1984 magnum
1234 1933 1281 1966 an·

139 2001 200 2034 uum
219 1985 413 2037 mathematici
431 1989 657 2048 romanserunt,
677 1989 797 2053 quitum
817 1987 950 2048 eflicitur,
975 2003 1034 2037 cnm
1057 1985 1124 2037 solis
1149 1991 1177 2036 et
1200 1985 1282 2036 lunae

140 2060 166 2100 rt
176 2055 298 2119 quinque
312 2056 460 2106 errantium
473 2055 507 2104 ad
520 2057 635 2106 eandem
648 2057 720 2106 inter
731 2071 760 2106 se
775 2056 1006 2120 comparationem
1017 2054 1152 2106 coniectis
1164 2055 1282 2104 omniunt

140 2122 237 2184 spatiis
256 2127 300 2172 ast
319 2123 396 2172 laeta
415 2125 572 2186 conuersis,
592 2139 663 2189 quae
682 2139 763 2188 qnam
780 2123 864 2189 longa
882 2125 931 2184 sit,
956 2138 1058 2188 magna
1076 2121 1202 2186 quaestio
1221 2120 1281 2170 est'.

141 2187 308 2239 Censorinus
325 2190 418 2240 XVIII
440 2190 484 2239 ll:
504 2191 564 2241 ‘Est
582 2195 729 2256 praeterea
748 2207 835 2241 annus
858 2207 936 2256 quem
955 2190 1117 2240 Aristoteles
1136 2189 1281 2238 maximum
1306 2183 1332 2255 ‚⁸

141 2257 228 2320 potius
248 2273 330 2322 quam
349 2273 477 2324 magnum
497 2259 634 2324 appellat,
661 2275 740 2324 quem
764 2259 830 2310 solis
854 2265 882 2309 et
900 2259 981 2308 lunae
1000 2271 1186 2322 nugarumque
1206 2257 1282 2321 quin·

140 2339 188 2388 que
206 2325 351 2374 stellarum
369 2325 450 2377 orbes
468 2327 626 2388 conficiunt,
646 2343 706 2377 cum
725 2328 760 2376 ad
778 2328 849 2377 idem
868 2328 975 2392 siguum
988 2326 1035 2375 nbi
1048 2323 1184 2390 quondam
1202 2323 1293 2379 simul.

141 2391 249 2442 inerunt
268 2409 323 2442 nna
342 2393 511 2454 reseruntur3
531 2397 608 2445 onius
622 2397 687 2445 anni
698 2395 806 2460 hiemps
818 2409 922 2445 summe
941 2399 983 2444 est
995 2392 1186 2456 catechumen,
1201 2407 1282 2458 quam

140 2461 224 2509 nostri
237 2459 407 2510 diluuionem
420 2469 531 2527 uocant,
547 2469 639 2513 aestas
653 2469 743 2514 antem
757 2464 907 2528 ecpyrosis,
928 2460 998 2526 quod
1017 2465 1060 2510 est
1077 2459 1169 2510 mrmdi
1188 2461 1281 2508 incen-

140 2527 220 2579 dium.
248 2527 322 2577 hunc
340 2529 514 2579 Aristarchus
532 2531 707 2596 putauitesse
725 2547 854 2581 annorum
871 2530 1037 2580 uertentium
1052 2530 1281 2590 lI'ccccu'xxir'r'r'ri‚

140 2595 235 2645 Aretes
247 2595 456 2658 Dyrrhachinus
468 2597 563 2661 Visnr’r,
575 2599 735 2649 Heraclitus
747 2603 775 2648 et
785 2600 871 2650 Linus
880 2599 985 2660 Xeno-c,
1004 2597 1078 2646 Dion
1091 2597 1283 2660 Uene-aiffa,

140 2663 266 2727 Orpheus
284 2663 371 2724 CXX,
391 2665 562 2716 Cassandrus
585 2667 681 2716 tricies
699 2667 790 2717 sexies
812 2675 919 2718 centurn
936 2669 1054 2718 milium:
1078 2666 1129 2716 alii
1151 2681 1217 2716 uero
1242 2666 1281 2714 in-

141 2729 244 2780 linitum
277 2747 338 2781 esse
366 2747 417 2782 nec
441 2747 567 2798 umquam
591 2735 619 2783 in
646 2750 676 2784 se
699 2736 802 2785 reuerti
825 2731 1036 2853 exisffinarnnt)
1077 2735 1189 2784 Servius
1212 2735 1281 2783 Aen.

140 2797 231 2847 lens:
259 2797 341 2848 ‘Tria
362 2805 427 2850 sunt
449 2817 553 2866 genera
576 2817 721 2852 annorum:
746 2807 794 2852 aut
818 2805 889 2854 anim
923 2805 1016 2854 nnaris
1040 2817 1127 2852 annus
1146 2807 1188 2852 est
1205 2802 1281 2852 XXX

140 2865 257 2926 dierum,
289 2873 338 2916 aut
365 2867 522 2920 solstitialis
544 2871 597 2920 XII
620 2871 754 2921 mensium
782 2877 830 2920 sut
852 2873 1001 2923 seeundum
1025 2871 1146 2922 Tullium
1168 2885 1283 2936 magnus

140 2935 183 2996 qni
211 2942 291 2984 tenet
320 2935 373 2984 XII
399 2935 488 2986 millia
515 2939 679 3003 quingentos
706 2938 789 2988 LIIlI
817 2953 915 3002 annos,
946 2947 976 2990 ut
1005 2941 1034 2989 in
1057 2939 1218 2989 Hortensio:
1247 2939 1284 2988 Et

140 3003 231 3051 honum
257 3017 388 3052 annorum
411 3019 478 3068 quos
501 3007 529 3055 in
554 3007 636 3056 fastis
658 3006 804 3067 habemus,
828 3023 944 3072 magnus
966 3009 1019 3058 XII
1041 3005 1129 3056 millia
1150 3008 1216 3072 quin
1237 3023 1282 3057 en·

140 3075 181 3118 tos
199 3069 283 3120 LIIII
303 3071 496 3135 amplectitur!
533 3073 645 3123 Servius
663 3075 730 3124 Aen.
749 3074 792 3124 III
810 3073 874 3124 284:
899 3076 1025 3142 ‘Antiqui
1042 3081 1167 3141 tempora
1185 3023 1282 3124 stcleri-
1324 3085 1330 3099 ’

140 3137 187 3186 hus
207 3138 408 3202 computabant
426 3145 455 3189 et
472 3141 600 3190 dixerunt
617 3143 705 3206 primo
728 3142 852 3192 lunarem
875 3159 976 3193 annum
1000 3143 1117 3208 triginta
1140 3157 1281 3193 annorum.
1319 3152 1335 3184 t

139 3205 208 3255 unde
227 3205 370 3256 inuenitur
382 3207 410 3256 iu
423 3206 562 3272 aliquibus
580 3210 640 3258 uita
652 3215 851 3274 nongentorum
870 3226 1000 3262 annorum
1014 3211 1125 3261 seilicet
1137 3210 1282 3260 lunarium.

139 3279 236 3336 postea
260 3273 418 3324 solstitialis
443 3291 530 3326 annus
552 3283 678 3342 repertus
702 3285 744 3328 est
769 3280 814 3343 qni
838 3279 891 3328 XII
915 3281 1041 3328 continet
1062 3293 1179 3328 menses.
1222 3293 1282 3330 moa

139 3342 241 3392 maiore
262 3357 330 3390 cura
347 3357 475 3408 magnum
494 3359 594 3395 annum
613 3361 673 3395 esec
695 3346 851 3408 uoluerunt,
877 3347 1001 3397 omnibus
1025 3347 1146 3412 planetis
1171 3348 1198 3395 in
1218 3358 1299 3415 etur„

138 3407 198 3458 dem
226 3410 433 3460 recurrentibus
459 3411 549 3461 locum
581 3417 609 3462 et
635 3413 680 3462 hio
707 3415 745 3464 sit
772 3419 803 3463 ut
830 3415 1030 3479 supradiximus
1060 3414 1207 3463 secundum
1236 3415 1281 3464 Ci-

139 3477 247 3526 ceronis
275 3475 453 3528 HortensInm
482 3486 544 3544 post
567 3495 653 3532 annos
676 3481 729 3530 XII
757 3481 846 3532 mlllia
869 3483 1053 3548 noningentos
1082 3481 1282 3546 qninquaginta

139 3551 280 3608 quattuor,
306 3544 470 3596 solstitIales
488 3547 617 3598 scilicet!
658 3549 765 3600 Plinius
788 3550 820 3598 N.
843 3551 878 3598 II.
898 3549 922 3599 X
945 3551 975 3600 5:
1002 3550 1082 3600 ‘Cum
1104 3547 1182 3597 huius
1207 3548 1282 3598 alitis

138 3611 297 3674 (Phoenicis)
320 3613 380 3661 uita
402 3615 496 3680 magni
520 3618 727 3666 conuersionem
752 3618 818 3666 anni
841 3617 900 3667 lieri
923 3617 1014 3683 prodit
1038 3617 1109 3666 idem
1133 3615 1279 3677 Mamilius,

138 3678 292 3744 iterumque
311 3679 531 3744 significationes
549 3689 744 3750 tempestatum
770 3691 798 3734 et
822 3685 940 3736 siderum
960 3685 1071 3736 easdem
1089 3684 1205 3745 reuerti,
1229 3684 1281 3734 hon

227 3847 236 3896 Ι
262 3835 378 3914 antiqui
399 3855 539 3913 magnum
559 3849 747 3898 uocauerunt
768 3835 833 3896 BA²
854 3841 923 3912 (nisi
944 3843 1022 3914 qnod
1035 3835 1073 3897 Α2
1093 3842 1282 3914 uocauerun)

138 3915 151 3998 Η
164 3919 247 3980 unde
263 3919 302 3978 de
315 3919 379 3978 XX
391 3923 419 3978 B
432 3921 657 3982 undeuicesimo
678 3925 787 3984 Valent.
805 3933 832 3982 et
847 3925 1015 3984 Molucitorr.
1032 3927 1125 3982 Griuli
1137 3923 1282 3984 uicesimo

137 4009 215 4066 Oret.
241 4007 324 4065 Goth.
352 4007 445 4064 Griali
464 4009 685 4066 sexcentesimo
707 4012 834 4068 Grialr'ns
854 4003 867 4087 Η
887 4017 904 4068 2
926 4029 1020 4068 annos
1039 4004 1076 4065 B¹
1100 4008 1186 4068 annis
1208 4005 1249 4067 B²
1268 4005 1282 4090 Η

136 4092 223 4150 finire
239 4085 304 4150 AB¹
322 4085 334 4168 Η
352 4089 517 4170 adimplere
535 4088 600 4150 AB¹
617 4087 630 4172 Η
647 4093 767 4172 solpias
781 4090 817 4150 B¹
833 4090 991 4170 olipiasB²
1007 4087 1019 4173 Η
1035 4095 1118 4168 uero]
1139 4094 1218 4152 enirn
1237 4105 1284 4154 est

139 4172 191 4256 ΒΗ
206 4185 283 4256 aput
297 4181 323 4234 A
336 4173 350 4257 Η
366 4187 383 4238 3
397 4195 492 4236 annos
507 4175 547 4236 B¹
564 4174 577 4256 Η
593 4175 726 4258 Olimpia
738 4175 816 4236 A¹B¹
834 4179 937 4256 olimpi
958 4175 996 4235 Β2
1011 4173 1024 4260 Η
1040 4187 1058 4239 A
1073 4179 1159 4238 annis
1173 4179 1239 4238 IllI
1258 4183 1283 4238 B

137 4256 151 4339 Η
168 4261 198 4319 in
213 4263 300 4321 cuius
316 4265 343 4319 Β
357 4257 370 4344 Η
384 4263 444 4320 fine
461 4259 501 4318 1³²
515 4257 530 4344 Η
545 4262 687 4321 sortiatur
705 4261 740 4320 Β1
758 4259 771 4345 Η
786 4272 802 4322 5
818 4265 996 4343 quadrienni
1012 4267 1039 4322 B
1054 4259 1067 4344 Η
1084 4273 1113 4322 et
1126 4283 1178 4322 om.
1199 4269 1223 4322 A
1238 4262 1252 4344 Η
1266 4274 1284 4329 6

136 4345 241 4425 trium]
255 4351 340 4466 iraque
352 4367 406 4407 sex
421 4341 436 4428 Η
451 4367 570 4407 orarum
585 4354 609 4405 A
624 4343 637 4429 Η
654 4350 861 4408 consumtione
873 4351 900 4406 B
914 4343 928 4429 Η
943 4349 1115 4429 quatrieuni
1129 4346 1165 4407 Β1
1187 4349 1282 4430 quad·

136 4429 254 4490 nennio
271 4435 298 4489 Β
