3078 5072
617 323 659 364 Da
680 321 769 364 VIRIS
793 321 1007 364 luavsrausvs

758 471 870 532 XVIII

151 573 228 646 25*
328 587 500 636 Laaaalvs
519 571 689 634 mimorum
711 569 850 634 scribtor
870 569 995 634 decimo
1008 593 1120 634 mense
1142 579 1214 656 lt0⁸l
1231 571 1382 636 Caesaris

245 675 410 738 interitum
432 672 577 736 Puteolis
599 674 734 736 moritur
758 679 797 748 (a.
823 681 901 752 711).

750 795 880 854 XVIIII

150 885 226 961 26*
328 911 510 958 uvaassnvs
539 893 782 978 mimographus
814 894 945 957 natione
969 892 1072 978 Syrus
1100 882 1222 956 Rctdae
1251 913 1382 957 scenam

242 1003 332 1060 tenet
355 1003 392 1073 (a.
416 1007 494 1076 711).

327 1187 382 1244 25*
395 1193 578 1256 Hieronymus
591 1192 634 1241 01.
656 1189 718 1253 184,
736 1191 760 1239 2.
775 1191 932 1242 Macrobius
945 1190 1001 1241 Sat.
1022 1190 1049 1240 II
1067 1191 1097 1254 7,
1117 1190 1183 1240 2-s
1203 1189 1231 1257 (e
1244 1191 1382 1256 deperditi

245 1259 368 1311 Gallieni
388 1261 453 1308 VIII
472 1261 537 1310 libri
556 1276 615 1325 cap
638 1258 692 1322 lin:
713 1259 874 1308 ‘Laberium
895 1274 1010 1323 asperae
1029 1259 1170 1308 libertatis
1190 1260 1309 1324 equitem
1329 1261 1383 1309 uo-

244 1345 353 1380 manum
378 1329 483 1378 Caesar
506 1327 664 1392 quingentis
687 1327 798 1376 milibus
822 1327 954 1376 inditauit
977 1331 1008 1377 ut
1029 1327 1150 1392 prodiret
1173 1328 1202 1376 in
1223 1337 1336 1376 scenam
1355 1333 1384 1377 et

243 1398 302 1462 ipse
328 1401 425 1462 ageret
448 1397 542 1445 mirnos
567 1411 632 1459 quos
656 1395 842 1458 scriptitabat.
883 1393 931 1444 sed
959 1399 1084 1460 potestas
1108 1411 1162 1444 non
1185 1395 1271 1444 solnm
1295 1396 1318 1444 si
1342 1395 1383 1444 ia·

244 1467 316 1513 uitet
329 1465 377 1514 sed
391 1464 475 1518 etiam
494 1464 517 1512 si
536 1463 673 1528 supplicet
692 1463 779 1528 cogit:
798 1463 870 1511 unde
888 1477 918 1513 ae
938 1467 965 1512 et
978 1463 1113 1512 Laberius
1133 1479 1149 1511 a
1163 1462 1283 1513 Caesare
1302 1479 1383 1513 coac·

246 1541 302 1581 turn
321 1537 347 1581 in
367 1530 481 1597 prologo
501 1535 618 1580 testetur
635 1531 678 1580 hia
695 1530 834 1580 uersibus:
1435 1533 1450 1540 ”

395 1599 556 1648 Necessitas
575 1599 652 1648 cuius
672 1613 766 1648 cursus
784 1599 933 1648 transuersi
952 1599 1082 1664 impetum
1102 1615 1123 1648 e.
1144 1616 1168 1664 q.
1186 1615 1207 1647 a.

244 1668 274 1716 in
296 1668 357 1733 ipsa
376 1681 481 1732 quoque
501 1666 611 1716 actione
630 1665 743 1716 subinde
763 1680 792 1714 se
811 1681 864 1730 qua
876 1671 985 1732 poterat
997 1666 1186 1716 ulciscebatur
1204 1666 1315 1717 inducto
1334 1666 1383 1716 ha-

244 1735 304 1784 bitu
327 1735 401 1798 Syri,
434 1735 480 1798 qui
502 1734 579 1784 uelut
601 1735 695 1798 flagris
721 1749 818 1784 caesus
841 1734 1075 1800 praeripientique
1105 1750 1134 1784 sc
1163 1734 1262 1784 similis
1290 1733 1384 1804 excla-

244 1803 352 1852 mabat:

396 1871 480 1920 Porro
499 1870 634 1931 Quirites!
652 1869 811 1919 libertatern
829 1870 982 1936 perdimus,

247 1944 275 1988 et
293 1937 376 2004 paulo
394 1943 456 2002 post
475 1937 590 1986 adiecit:
908 1936 929 1959 '¹'

396 1999 517 2055 Necesse
537 2011 579 2055 cst
597 2005 696 2054 multos
714 2005 812 2055 timeat
830 2021 909 2070 quern
928 2006 1006 2054 multi
1024 2007 1129 2056 timent.

245 2090 298 2139 quo
315 2071 389 2122 dicto
407 2073 574 2122 uniuersitas
591 2073 684 2138 populi
703 2072 736 2122 ad
755 2074 841 2123 solum
859 2075 1007 2123 Gaesarem
1026 2073 1119 2123 oculos
1134 2078 1162 2122 et
1174 2089 1222 2122 ora
1234 2074 1382 2136 eonrrertit,

245 2147 374 2191 notantes
399 2141 581 2204 inpotentiam
600 2144 659 2190 eius
678 2141 730 2190 hae
753 2140 905 2191 dicacitate
930 2141 1105 2206 lapidatam*
1141 2141 1217 2190 Idem
1237 2141 1336 2190 ibidem
1356 2138 1384 2190 11

245 2209 273 2268 3,
296 2208 340 2258 tu:
371 2208 492 2258 ‘Deinde
506 2225 566 2258 cum
580 2210 716 2258 Laberius
734 2208 761 2258 in
780 2208 833 2259 line
852 2209 975 2258 ludorum
995 2209 1077 2259 anrrlo
1097 2223 1180 2258 arrreo
1198 2208 1346 2258 honoratus
1366 2224 1383 2258 a

245 2277 367 2328 Caesare
387 2293 401 2326 e
420 2277 540 2340 uestigio
560 2278 587 2326 iu
606 2277 823 2341 qrrattuordecim
843 2277 878 2326 ad
894 2277 1199 2342 spectandumtransiit
1217 2276 1321 2325 uiolata
1340 2293 1382 2324 or-

245 2344 323 2406 dine,
344 2350 372 2393 et
390 2359 451 2393 cum
464 2345 634 2394 (lctreetatus
653 2352 695 2394 est
714 2360 796 2408 eques
810 2346 948 2394 Romanus
967 2352 995 2395 et
1013 2351 1042 2394 ut
1061 2345 1158 2394 mimus
1178 2345 1321 2404 remissus,
1342 2343 1384 2392 ait

245 2412 344 2462 (licere
367 2413 556 2476 praetereunti
578 2413 698 2462 Laberio
724 2419 752 2461 et
776 2412 862 2462 sedile
882 2414 1040 2476 quaerenti:
1078 2412 1254 2478 ltceepisaem
1277 2417 1305 2461 te
1329 2412 1384 2460 nisi

246 2484 363 2545 anguste
387 2479 525 2540 sederem:
548 2480 627 2530 simul
654 2485 681 2530 et
699 2479 774 2529 illum
799 2496 930 2545 respuens
950 2485 978 2530 et
995 2483 1023 2529 in
1042 2495 1141 2530 nouum
1164 2483 1290 2529 senatum
1308 2480 1383 2529 ioca·

245 2554 301 2606 tus,
331 2547 409 2596 cuius
430 2563 570 2598 nanterum
589 2548 693 2597 Caesar
710 2563 792 2612 arrpra
810 2548 854 2597 sas
873 2553 995 2598 auxerat.
1032 2565 1083 2598 nec
1102 2549 1213 2612 inpune.
1243 2547 1385 2611 respondit

246 2616 318 2665 enim
337 2615 486 2665 Laberius:
523 2617 634 2676 Mirum,
654 2616 677 2664 ai
696 2623 812 2680 angrrste
831 2616 925 2676 sodes,
952 2617 997 2680 qui
1020 2616 1093 2666 soles
1112 2615 1217 2664 duabus
1240 2614 1318 2664 sellis
1341 2631 1383 2664 se-

246 2683 323 2743 dere:
352 2684 518 2770 exprobrata
535 2682 652 2733 leuitate
672 2683 829 2741 Ciceronis,
855 2698 908 2748 qua
927 2685 1055 2732 Inmerito
1074 2684 1192 2750 optimus
1217 2683 1288 2732 cinis
1311 2683 1383 2731 male

246 2749 385 2800 audiebat.
428 2748 501 2800 Idem
521 2749 623 2800 ibidem
641 2751 669 2799 ΙΙ
686 2749 715 2811 ὓ,
739 2748 771 2799 o:
808 2750 889 2800 ‘Cum
908 2753 995 2800 iratus
1015 2767 1076 2802 esse
1095 2753 1124 2800 P.
1145 2749 1258 2800 Clodius
1276 2751 1309 2800 l).
1330 2750 1384 2799 La·

245 2817 322 2868 berio
341 2815 492 2880 diceretur,
519 2817 589 2882 quod
615 2819 639 2866 ei
664 2819 773 2867 minium
796 2821 902 2882 petenti
922 2835 975 2868 non
993 2819 1128 2869 dedisset:
1165 2818 1236 2880 Quid
1256 2817 1382 2882 amplius,

244 2885 348 2950 inquit,
368 2885 433 2934 mibi
454 2887 578 2934 tacturus
598 2901 639 2946 es,
660 2886 713 2935 nisi
732 2891 762 2934 ut
781 2886 982 2949 ltyrrbachium
1001 2904 1060 2936 eam
1079 2897 1105 2936 et
1124 2886 1252 2936 redeam?
1287 2884 1384 2936 ludens

246 2953 280 3002 ad
298 2952 442 3004 Ciceronis
461 2952 596 3003 erilium)
1042 2971 1046 2978 ·

328 3016 382 3070 tt*
405 3020 589 3084 Hieronymus
607 3019 649 3068 01.
672 3019 732 3082 181,
758 3021 781 3069 2.
825 3021 931 3072 Plinius
949 3023 981 3072 N.
1002 3023 1036 3071 H.
1056 3023 1157 3072 XXXV
1182 3019 1243 3070 tati:
1281 3021 1337 3071 ‘est
1357 3027 1385 3072 et

246 3087 383 3138 uilissima
402 3087 494 3151 (creta)
519 3104 571 3151 qua
590 3091 691 3138 circam
714 3090 884 3154 praeducere
909 3091 943 3139 ad
967 3091 1103 3140 uictoriae
1127 3095 1220 3138 notam
1244 3087 1383 3153 pedesque

245 3156 385 3206 uenalium
404 3161 481 3205 trans
500 3158 586 3206 maria
605 3155 782 3208 adnectorum
801 3159 932 3208 ‹renotare
953 3159 1132 3208 instituerunt
1151 3159 1268 3206 rnaiores
1287 3156 1384 3206 talem·

246 3238 298 3288 que
329 3223 477 3274 Publilirrm
505 3224 637 3274 Loehium
669 3225 795 3274 mimicae
824 3241 944 3276 sarronae
970 3227 1138 3276 conditorem
1163 3229 1191 3274 et
1214 3224 1383 3290 astrologiae

246 3293 437 3342 corisobrinum
463 3292 522 3341 eius
544 3292 687 3342 Manilium
711 3293 888 3356 Antiochum,
915 3296 980 3344 item
1003 3294 1202 3359 grammaticae
1227 3292 1384 3342 Stalrerium

246 3361 357 3409 Erotem
388 3359 484 3409 eadem
519 3375 588 3409 naue
624 3361 755 3411 arluectos
786 3361 879 3412 uidere
915 3360 1035 3427 procui.¹
1083 3361 1241 3411 Macrobius
1271 3365 1328 3410 dat.
1357 3361 1384 3410 11

246 3427 273 3481 7,
299 3427 366 3476 o-tt
389 3428 465 3488 (item
489 3429 605 3478 fortasse
631 3447 663 3478 ex
692 3429 776 3479 Gellii
801 3429 865 3478 libri
894 3431 961 3478 Vlll
988 3429 1125 3494 deperditi
1154 3444 1214 3494 cap.
1248 3427 1299 3483 lat:
1343 3428 1384 3477 ‘Is

247 3495 382 3544 Publilius
400 3496 511 3546 natione
529 3499 626 3560 Syrus,
651 3513 711 3546 eum
730 3513 797 3562 puer
814 3497 848 3545 ad
867 3505 1009 3562 patronum
1028 3497 1130 3546 domini
1150 3506 1222 3546 esset
1240 3496 1382 3553 adductus,

245 3563 396 3628 promeruit
414 3578 475 3612 eum
494 3580 546 3612 non
565 3565 653 3614 minus
677 3564 782 3614 salibus
802 3571 829 3612 et
848 3565 959 3629 ingenia
983 3581 1062 3629 «priam
1089 3565 1183 3613 t'orrua.
1226 3579 1288 3613 narn
1314 3563 1383 3614 torte

246 3647 306 3680 carn
325 3630 372 3680 ille
392 3645 498 3680 seruum
517 3647 593 3681 aurun
613 3633 790 3697 bpdropieum
809 3633 946 3682 iacentem
967 3633 993 3682 in
1013 3649 1079 3682 area
1099 3633 1214 3680 uidisset
1232 3633 1383 3694 increpuis-

245 3704 354 3762 setque,
387 3699 450 3764 quid
474 3701 502 3748 in
525 3701 582 3750 sole
606 3702 727 3760 faceret,
761 3701 914 3765 respoudit:
951 3703 1054 3765 aquam
1080 3700 1221 3748 errlelaeit.
1269 3699 1384 3748 ioculari

245 3767 344 3815 ‹leinde
363 3781 445 3830 artper
467 3784 536 3817 cena
558 3774 654 3818 exorta
678 3769 854 3834 quaestione,
879 3770 1014 3832 qrroduam
1033 3774 1106 3818 esset
1122 3767 1266 3816 molestum
1288 3769 1383 3828 etiarm,

246 3833 321 3882 aliud
341 3833 396 3883 alio
421 3836 550 3899 opinante
574 3837 621 3886 ille
640 3837 788 3900 Podagrici
812 3837 895 3900 pedes
914 3837 990 3886 dixit.
1033 3837 1067 3886 cb
1086 3836 1156 3884 baec
1176 3839 1203 3884 et
1222 3833 1278 3883 alia
1301 3848 1384 3883 rnanu

245 3903 344 3950 missus
362 3907 390 3950 et
408 3903 510 3952 maiore
529 3919 595 3953 eura
615 3905 749 3967 eruditus,
776 3919 835 3953 eum
854 3906 948 3954 mimos
967 3909 1134 3969 conponeret
1153 3903 1312 3967 ingentique
1337 3901 1384 3951 ad·

245 3983 326 4018 sensu
350 3970 377 4016 in
401 3969 500 4019 ltaliae
524 3972 632 4037 oppidis
656 3989 738 4034 agere
763 3973 912 4036 coepisset,
944 3973 1092 4036 productus
1116 3971 1218 4020 Romae
1242 3987 1291 4035 per
1313 3971 1382 4019 (lae-

245 4037 315 4084 saris
340 4036 418 4085 ludos
442 4053 534 4088 omues
564 4041 609 4104 qui
639 4045 702 4089 tunc
730 4041 834 4104 scripta
860 4046 888 4089 et
911 4055 1009 4104 operas
1037 4054 1102 4089 arras
1120 4039 1149 4087 iu
1173 4053 1285 4088 scenam
1308 4038 1383 4088 loca-

245 4109 345 4153 neraat
366 4108 541 4170 prouocauit,
564 4113 594 4156 ut
617 4108 718 4172 singuli
736 4123 830 4158 seeum
852 4109 944 4173 posita
966 4108 1086 4158 inuicem
1109 4106 1226 4156 matoria
1245 4122 1292 4171 pro
1316 4111 1384 4156 tem-

332 4258 471 4318 Caesaris
494 4265 613 4335 scripsi:
644 4261 677 4322 Ο.
705 4261 845 4320 Caesaris
870 4261 950 4321 ΒΟ.
983 4261 1049 4319 Iulii
1072 4260 1215 4320 Caesaris
1235 4261 1311 4319 Soet.
1332 4251 1385 4341 [13

245 4341 396 4403 Publilius
410 4349 529 4420 scrrpsr‘:
546 4345 673 4404 Publius
693 4349 718 4403 B
735 4349 834 4418 (Saul.)
852 4341 865 4428 ss
879 4347 1075 4424 mimografus
1091 4348 1119 4403 B
