3188 5066
597 409 639 450 ns
662 409 750 452 anuo
772 407 977 451 anausonvsr
1297 391 1354 452 tre

297 571 461 620 reasons
486 577 506 618 a
521 564 610 621 motu
628 555 772 620 siderum
793 565 869 619 sunt
883 555 980 620 diota.
1006 556 1083 619 anui
1103 563 1255 642 quattuor
1275 543 1468 620 ram-122*

210 679 291 744 pora
319 657 566 722 adscribuntur:
611 657 727 723 hiemis
759 657 847 722 ueris
876 657 1010 720 aestatis
1043 655 1150 743 adque
1176 660 1357 742 autumpni.

211 775 280 821 vsu
302 769 432 823 constat
455 781 498 824 ex
520 759 654 824 humore
677 769 710 822 et
725 759 809 843 igni,
831 773 964 822 assuas
988 779 1030 820 ex
1053 757 1120 842 igni
1145 768 1178 820 et
1197 759 1367 840 siccitate‚·

211 929 359 975 annorum
388 913 452 963 irinc
482 915 652 964 acuiternum
683 914 753 978 quod
783 914 885 962 sactum
910 917 952 962 est
975 918 1129 974 aeternarum
1161 913 1230 978 quod
1255 913 1357 965 Graeci

211 975 305 1030 eloim
324 981 350 1031 id
371 983 410 1030 ait
428 982 596 1048 Chrysippus
616 997 675 1031 esse
694 971 741 1031 olel
759 968 801 1030 dv.
839 981 873 1030 ab
894 996 926 1030 eo
945 981 1072 1030 Plautus:

433 1065 486 1100 nou
505 1050 592 1100 omnis
612 1055 690 1098 aetas
710 1049 745 1098 ad
762 1049 972 1114 perdiscendum
991 1053 1033 1098 est
1045 1049 1127 1112 satis,

210 1115 274 1164 hine
293 1121 394 1181 poetae
413 1121 534 1168 aeterna
551 1116 655 1182 templa
674 1115 764 1166 caeli'
906 1111 911 1126 ’

302 1181 370 1236 122⁸
388 1184 509 1236 Isidorus
527 1185 561 1234 de
579 1193 678 1235 natura
697 1199 786 1234 rerum
805 1183 871 1232 VII:
901 1185 952 1232 ‘De
966 1184 1142 1250 temporibus.
1173 1183 1218 1234 Sic
1238 1185 1277 1234 ait
1295 1185 1356 1234 Am·

211 1252 334 1303 brosius:
354 1253 490 1318 Tempora
510 1259 571 1302 suut
590 1253 666 1302 uices
679 1251 866 1309 mutationum,
887 1253 915 1300 in
935 1251 1032 1317 quibus
1051 1251 1091 1301 sol
1111 1258 1189 1302 certa
1207 1267 1301 1302 crrrsus
1314 1253 1356 1300 sui

211 1319 382 1372 dimensione
403 1321 469 1370 anni
487 1321 580 1370 orbern
598 1321 626 1369 iu
652 1320 768 1369 contrusa
791 1319 927 1369 uarietate
947 1319 1098 1384 distinguit.
1135 1325 1289 1386 tempora
1309 1336 1354 1368 arr·
1419 1336 1423 1345 ·

210 1395 265 1435 tem
286 1403 302 1436 a
322 1395 410 1437 motu
429 1388 582 1438 siderum
601 1395 678 1437 sunt
696 1387 804 1446 dicta,
825 1387 895 1437 unde
915 1391 943 1436 et
961 1388 1027 1436 deus
1046 1403 1105 1436 cum
1118 1387 1188 1438 haee
1207 1387 1357 1437 instituerit

211 1453 293 1503 dixit:
320 1457 356 1505 Et
379 1457 434 1505 siut
457 1457 485 1505 in
504 1457 584 1521 sigua
603 1456 675 1504 etin
695 1461 818 1520 tempora
838 1461 865 1504 et
884 1455 911 1504 in
931 1453 990 1504 dics
1010 1455 1082 1504 etin
1102 1469 1201 1516 sunus,
1223 1456 1250 1504 id
1269 1461 1311 1504 est
1328 1456 1356 1504 iu

212 1521 305 1586 aliquo
325 1523 450 1573 mutabili
469 1529 551 1584 motu,
573 1524 650 1573 errius
669 1523 742 1572 aliud
760 1523 834 1595 prius
854 1522 928 1570 aliud
943 1523 1077 1587 posterius
1089 1525 1223 1588 praeterit
1236 1540 1268 1573 eo
1287 1525 1357 1588 quod

211 1589 292 1639 simul
312 1607 374 1641 esse
392 1605 446 1640 unu
464 1592 579 1656 possint.
615 1597 722 1656 tempus
745 1591 820 1638 iuxta
845 1589 988 1639 Hebraeos
1012 1590 1120 1656 integer
1143 1605 1230 1640 annus
1254 1599 1297 1640 eat
1316 1607 1357 1641 se-

211 1658 330 1707 cundum
353 1657 421 1707 illud
444 1658 472 1708 iu
496 1657 628 1708 Daniele:
658 1660 779 1723 'l'empus
804 1663 831 1706 et
853 1661 977 1722 tempora
1006 1663 1033 1706 et
1056 1658 1194 1708 dimidium
1217 1661 1356 1724 temporis,

211 1740 260 1790 per
290 1731 398 1791 tempus
428 1741 527 1774 annum
557 1725 729 1791 significans,
766 1741 816 1790 per
842 1729 966 1789 tempora
994 1726 1061 1774 duos
1090 1731 1118 1776 et
1144 1743 1194 1792 per
1216 1727 1357 1776 dimidium

211 1808 321 1842 menses
335 1809 392 1842 sex.
412 1795 488 1842 iuxta
502 1795 617 1843 Latinos
631 1799 721 1843 autem
734 1794 834 1842 unius
848 1795 928 1842 anui
946 1797 1112 1860 quattuor
1129 1800 1282 1860 tempora
1300 1796 1356 1845 ad·

211 1862 428 1910 scribuntur:
458 1861 583 1911 hiemis
607 1863 700 1911 rreris
725 1860 877 1910 aestatis
900 1861 1008 1926 adque
1028 1864 1212 1927 autumpni.
1243 1863 1357 1928 Hiemps

212 1931 255 1976 est
268 1943 328 1977 cum
342 1928 382 1979 sul
396 1929 555 1978 meridianis
565 1929 688 1994 partibus
701 1930 862 1988 inmoratur3
876 1933 941 1979 tunc
954 1929 1025 1978 enim
1036 1930 1076 1979 sol
1089 1929 1198 1996 longius
1212 1931 1291 1980 abest
1302 1935 1356 1980 ter·

211 2011 297 2060 raque
311 1996 425 2061 rigescit
442 1997 505 2062 gelu
524 1997 611 2061 adque
630 1997 773 2063 stringitur
790 1999 817 2045 et
833 1995 982 2060 prolixiora
994 2003 1058 2046 aunt
1072 2000 1163 2062 spatia
1175 2000 1264 2050 noctis
1277 2013 1357 2064 quam

213 2063 275 2112 diei.
296 2063 361 2113 hinc
375 2079 460 2114 causa
474 2065 560 2113 oritur
571 2071 600 2113 ut
611 2065 733 2114 hibernis
747 2063 856 2113 flatibus
868 2065 954 2114 nimia
972 2065 1014 2114 uis
1032 2066 1133 2114 uiuinm
1151 2065 1357 2131 plumarumque

214 2131 352 2181 fundatur.
378 2131 433 2181 Ver
451 2136 494 2181 est
512 2147 572 2182 curn
590 2132 631 2182 sol
643 2148 675 2181 ex
693 2131 853 2182 meridianis
870 2133 1007 2182 decedens
1024 2132 1149 2197 partibus
1162 2139 1356 2197 superterram
1392 2171 1403 2194 .

212 2199 284 2247 redit
297 2203 325 2248 et
338 2200 427 2249 noctis
441 2215 473 2248 ac
487 2199 543 2248 diei
562 2205 697 2264 exaequat
709 2206 835 2264 tempora
852 2203 880 2248 et
892 2203 1050 2266 temperiem
1066 2201 1137 2249 aeris
1151 2201 1256 2250 reducit
1269 2201 1382 2268 adque,

213 2267 311 2316 fouens
330 2267 422 2316 omnia
444 2267 608 2332 repetendos
627 2267 702 2330 cogit
723 2269 873 2332 inpastus,
893 2273 922 2315 ut
940 2273 1014 2316 terra
1033 2269 1167 2332 germinet
1186 2283 1219 2317 ac
1237 2268 1358 2319 resoluta

212 2333 296 2384 sulcis
320 2335 426 2384 semina
450 2335 618 2384 reuiuiscant
642 2335 730 2400 adque
754 2335 872 2384 omnium
896 2350 1025 2398 generum
1049 2350 1118 2400 quae
1148 2336 1176 2384 iu
1206 2337 1285 2385 terris
1311 2337 1356 2386 uel

215 2403 292 2466 aquis
312 2407 374 2452 sunt
398 2403 496 2452 annuis
514 2402 617 2452 fetibus
640 2403 779 2453 successio
797 2407 971 2468 propagetur.
1009 2405 1107 2452 Aestas
1127 2409 1169 2452 est
1187 2417 1246 2452 crim
1269 2403 1310 2453 sol
1328 2405 1356 2453 in

215 2471 429 2534 septentrionem
443 2485 472 2520 se
483 2469 599 2535 subrigit
618 2475 645 2519 et
663 2472 753 2537 spatia
766 2471 864 2519 dimna
881 2471 1020 2534 producit,
1045 2475 1140 2520 noctes
1158 2485 1223 2520 uero
1248 2477 1357 2522 coartat

216 2545 243 2585 et
256 2537 392 2602 astringit.
423 2538 517 2602 itaque
531 2553 583 2603 qun
601 2539 689 2603 magia
703 2540 743 2588 sol
755 2553 805 2587 usu
819 2537 932 2587 adsiduo
946 2541 1004 2588 aeri
1023 2539 1085 2588 huie
1106 2539 1250 2604 copulatur
1268 2540 1356 2604 adque.

215 2605 353 2660 miscetur.
373 2621 406 2655 eo
425 2605 542 2671 amplius
561 2621 652 2655 aerem
670 2607 757 2672 ipsum
775 2609 893 2671 uaporut
917 2611 943 2655 et
961 2606 1072 2656 humore
1091 2608 1230 2656 exsiccato
1251 2607 1357 2656 fatiscit

215 2673 242 2720 iu
261 2672 401 2737 puluerem
421 2679 449 2722 et
473 2673 631 2723 adolescere
658 2675 726 2723 iacit
749 2675 854 2724 semina
876 2679 904 2721 et
922 2681 1060 2739 tamquam
1084 2689 1163 2724 sucos
1184 2673 1279 2723 uiridis
1298 2691 1355 2725 ma·

215 2747 355 2790 turescere
375 2741 449 2805 cogit
467 2757 548 2805 poma
567 2741 705 2790 siluarum.
743 2749 808 2792 tune
828 2740 891 2805 quia
911 2742 950 2791 sol
965 2744 1078 2792 aestiuis
1091 2743 1191 2807 flagrat
1199 2742 1355 2806 ardoribus,

214 2809 333 2858 minores
351 2809 461 2858 umbras
481 2809 551 2858 iacit
570 2811 597 2858 in
617 2810 768 2860 meridiano
788 2810 916 2874 quoniam
935 2826 967 2859 ex
988 2811 1045 2860 alto
1064 2811 1135 2859 lrunc
1154 2809 1300 2860 inluminat
1319 2812 1357 2860 lo-

216 2891 284 2925 cum.
322 2877 492 2942 autumpnus
512 2883 563 2936 est,
583 2877 645 2926 dum
664 2893 756 2928 rursus
775 2877 815 2928 sol
835 2891 851 2926 a
870 2891 973 2926 summo
987 2879 1059 2929 caeli
1072 2877 1242 2942 ‹lesceudens
1261 2879 1357 2928 infrin-

215 2945 254 3008 git
280 2949 405 2994 aestuum
429 2945 647 3010 magnitudinem
678 2951 705 2994 et
733 2944 876 3011 paulisper
897 2945 1022 2996 relaxato
1050 2961 1083 2996 ac
1107 2946 1234 3012 deposito
1264 2947 1356 2997 calore

215 3017 341 3077 praestat
358 3013 519 3078 temperiem
538 3014 666 3077 sequenti
689 3019 854 3079 tempestate
879 3019 1022 3063 uentorum
1047 3021 1074 3063 et
1093 3015 1203 3064 turbine
1221 3015 1357 3079 procella-

214 3094 272 3128 rum
292 3085 319 3128 et
337 3080 367 3129 ui
385 3079 529 3129 fulminum
548 3082 752 3146 tonitruumque
776 3081 942 3130 sonantium.
979 3082 1114 3144 Quoniam
1139 3083 1223 3132 certis
1241 3081 1357 3132 distinc-

213 3147 336 3196 tionibus
359 3147 567 3197 uicissitudines
586 3153 734 3214 temporum
753 3150 831 3198 iuxta
848 3149 965 3212 priorum
985 3149 1159 3199 definitiones
1178 3151 1356 3215 praestrinxi-
1382 3155 1404 3180 “

214 3229 283 3276 mus,
301 3229 373 3264 nunc
387 3215 507 3280 qualiter
520 3217 615 3264 eadem
636 3222 759 3282 tempora
777 3216 950 3265 naturalibus
964 3217 1075 3268 circulis
1088 3218 1142 3266 sibi
1161 3218 1279 3267 inuicem
1293 3235 1356 3268 cou-

214 3283 337 3348 ligantur
360 3283 543 3348 expediamus.
574 3298 634 3332 uer
652 3288 752 3350 quippe
772 3289 912 3334 constat
986 3285 1060 3334 dies
1079 3285 1255 3334 CCCLXV.
1287 3287 1356 3336 baec

214 3351 308 3414 itaque
338 3351 486 3400 secuudum
517 3351 670 3400 naturalem
701 3352 895 3402 differentiam.
937 3357 1057 3401 ceterum
1089 3353 1165 3402 iuxta
1195 3353 1368 3416 allegoriam

214 3419 321 3483 hiemps
339 3418 499 3484 temporalis
518 3418 691 3484 intellegitur
703 3420 854 3480 tribulatio,
876 3419 983 3482 quando
1001 3425 1180 3485 tempestates
1194 3426 1222 3469 et
1232 3422 1357 3471 turbines

214 3485 319 3535 saeculi
338 3486 508 3536 incumbunt.
545 3491 639 3536 aestas
663 3493 705 3538 est
728 3487 791 3537 fidei
810 3487 980 3553 persecutio,
1005 3488 1113 3552 quaudo
1132 3489 1258 3537 doctriua
1276 3489 1356 3553 perfi-

214 3553 278 3603 diae
303 3553 434 3603 ariditate
453 3555 583 3604 siccatur.
619 3569 668 3604 uer
691 3560 782 3605 autem
808 3555 916 3604 nouitas
941 3560 983 3603 est
1001 3555 1066 3605 tidei
1085 3556 1143 3604 siue
1162 3571 1228 3621 pax,
1249 3557 1356 3620 quando

216 3626 279 3686 post
296 3619 394 3671 hiemis
412 3621 620 3672 tribulationem
638 3623 827 3688 tranquillitas
845 3623 984 3672 ecclesiae
1002 3621 1131 3684 redditur,
1156 3623 1263 3687 quando
1282 3639 1355 3674 men·

218 3690 256 3738 sia
274 3703 404 3739 nouorum
424 3689 450 3738 id
470 3694 513 3739 est
530 3691 634 3755 pascha
654 3692 718 3756 agui
738 3690 902 3751 celebratur,
922 3689 1029 3753 quando
1047 3695 1121 3740 terra
1139 3691 1250 3740 floribus
1269 3691 1295 3740 id
1314 3697 1357 3741 est

217 3757 338 3807 ecclesia
362 3763 518 3807 sanctorum
537 3759 662 3808 coetibus
685 3759 838 3809 decoratur.
881 3772 968 3807 annus
992 3759 1086 3823 itaque
1111 3759 1214 3808 ambitu
1238 3759 1305 3808 eolis
1329 3765 1357 3808 et

214 3827 347 3874 meusium
372 3825 535 3890 explicatur.
572 3830 695 3891 tempora
719 3827 898 3876 mutationum
917 3825 1024 3875 uicibus
1049 3826 1219 3876 euoluuntur.
1255 3829 1357 3878 mensis

214 3892 296 3942 lunae
314 3895 483 3943 incremento
496 3894 626 3958 senioque
645 3893 800 3944 coniicitur.
830 3893 1002 3942 hebdomada
1015 3895 1172 3958 septenario
1190 3895 1294 3944 dierum
1308 3911 1356 3944 uu-

215 3975 289 4009 mero
311 3962 483 4011 terminatur.
511 3961 585 4010 dies
610 3965 637 4010 et
660 3977 713 4011 nox
739 3961 940 4012 recursantium
963 3960 1094 4010 luminum
1119 3977 1151 4011 ac
1180 3963 1356 4012 tenebrarum

218 4026 332 4078 alternis
346 4029 454 4078 uicibus
469 4035 640 4094 reparantur.
672 4029 740 4080 hora
753 4029 871 4079 motibus
886 4029 1047 4095 quibusdam
1061 4035 1090 4079 et
1107 4031 1250 4080 momentis
1264 4032 1355 4096 exple·

206 4189 210 4194 ·
301 4179 312 4230 l
331 4167 422 4226 modu
438 4163 476 4224 ΒΙ
494 4160 508 4248 ΙΙ
524 4167 606 4226 diota
621 4185 673 4224 om.
689 4169 716 4224 B
729 4161 744 4249 ΙΙ
758 4167 825 4226 ΠΙΙ
842 4170 870 4225 Β
882 4161 897 4248 ll
912 4175 929 4228 2
947 4165 1155 4226 asscribuntur
1171 4165 1211 4226 13²
1227 4162 1240 4247 Η
1254 4169 1355 4226 rraeris

216 4254 369 4312 AueruiB
382 4247 396 4333 ΙΙ
411 4260 503 4331 atque
519 4248 559 4309 Β2
575 4247 589 4333 l}
603 4253 738 4310 autumni
752 4248 789 4308 B²
801 4263 975 4311 autumnum
987 4247 1021 4308 Β1
1039 4245 1052 4331 ΙΙ
1067 4261 1084 4316 3
1098 4259 1208 4312 uaerA
1224 4249 1235 4332 ll
1251 4273 1355 4312 uumre

215 4334 396 4482 (rpitlpq'gulqlli
411 4332 424 4417 Η
440 4339 551 4444 exigui
566 4357 618 4394 nm.
635 4334 671 4393 13¹
689 4331 702 4417 ll
718 4333 838 4414 igneB²
854 4333 866 4416 l}
883 4337 923 4412 ot]
942 4357 978 4395 ex
997 4332 1029 4394 li'
1047 4331 1062 4418 ΙΙ
1079 4341 1217 4397 siccitate.
1230 4349 1260 4397 et
1275 4339 1356 4398 eale-
