3138 5100
267 385 328 448 494
678 409 712 451 m
724 409 822 452 mrsu
835 392 985 452 'raasson

264 559 488 618 Et'certissimo
504 557 619 619 indicio
635 562 700 618 veri
716 561 784 640 ipsa
799 561 876 620 haec
890 563 953 620 vita
969 561 1160 622 Terentiana
1184 571 1232 640 est
1253 562 1401 622 inferiore

265 661 297 720 in
314 661 381 720 loco
403 681 434 741 p.
453 671 500 734 32,
520 672 567 736 15,
594 662 646 722 ubi
674 667 777 722 ‘ceteri
796 671 937 722 mortuum
961 681 1021 721 esse
1043 668 1072 720 ia
1095 667 1221 721 Arcadio
1243 667 1405 740 Stymphali

258 766 325 820 ‘mue
350 765 510 822 Leucadiae
531 769 666 822 traduat'
688 766 832 844 scriptum
853 774 899 824 cst
920 766 952 824 in
972 765 1075 837 libris,
1105 785 1143 824 ex
1163 767 1401 846 interpolatione

265 876 365 926 autem
380 866 549 945 inrepsisse
566 867 728 940 Stymphali
741 887 853 926 nomeu
869 867 951 926 infra
974 867 1146 947 apparebit.
1186 867 1235 926 Ibi
1255 868 1349 946 igitur
1368 869 1399 926 in

264 969 537 1048 interpretamento
564 970 688 1028 fortuito
715 978 868 1029 servatam
893 971 1059 1048 legitimam
1086 971 1246 1044 Stymphali
1274 971 1401 1030 formam

263 1070 316 1129 nbi
336 1071 405 1130 huic
419 1071 451 1129 in
469 1092 528 1151 qno
543 1091 700 1132 versamur
721 1072 788 1132 loco
810 1070 1052 1146 reddiderimus,
1074 1073 1161 1130 simul
1183 1081 1297 1146 autem,
1325 1091 1400 1152 quas

265 1171 370 1232 turbas
395 1174 426 1230 in
453 1175 645 1254 antiquorum
671 1181 830 1254 poetarum
856 1173 1011 1232 codicibus
1037 1183 1079 1231 est
1104 1173 1190 1232 verbi
1212 1174 1399 1252 aphaeresis,

266 1275 331 1333 sive
347 1275 571 1354 synaloepham
587 1275 684 1350 dices,
706 1286 859 1356 tamquam
876 1274 915 1334 de
936 1297 1019 1336 more
1044 1277 1206 1348 creaverit,
1228 1275 1400 1335 memineri-

263 1395 344 1449 muS,
363 1375 495 1436 dubitari
511 1380 619 1457 nequit
634 1378 708 1456 quin
724 1379 822 1456 ipsam
833 1378 933 1436 Porcii
950 1399 1072 1436 manum
1087 1379 1145 1435 bac
1161 1375 1280 1435 demum
1297 1396 1399 1435 emen-

264 1476 389 1537 datione
405 1499 635 1558 recuperemus:
658 1481 787 1538 Mortuos
806 1483 995 1553 Stumplmlr'st
1010 1481 1152 1537 Arcadiae
1170 1481 1283 1552 oppido.
1320 1479 1400 1538 Nam

263 1599 304 1638 na
320 1581 387 1660 quis
402 1580 498 1668 hiatui
521 1583 731 1661 patrocinetur
754 1583 786 1640 in
808 1581 909 1642 medio
932 1583 1126 1662 septenario:
1148 1583 1289 1644 Mirtuoat
1308 1581 1399 1655 Stym-

260 1684 344 1754 'pluili
357 1684 501 1741 Arcddiuc
518 1685 636 1756 cippido,
659 1683 863 1763 reputandum
880 1693 926 1743 est
946 1694 1071 1764 praeter
1092 1684 1169 1756 alia,
1194 1685 1306 1742 artiora
1328 1703 1399 1742 con·

263 1786 436 1844 structionis
452 1785 589 1858 vinculo,
618 1805 708 1866 quam
729 1787 771 1845 ita
791 1797 824 1846 ut
846 1786 953 1846 divelli
975 1787 1109 1866 possint,
1131 1789 1274 1844 Arcadiae
1295 1789 1400 1859 oppido

262 1886 358 1945 verba
383 1879 543 1946 contineri.
588 1887 654 1946 Nec
681 1889 845 1947 offensioni
872 1909 939 1947 esse
961 1887 1101 1967 dactylus
1127 1887 1159 1945 in
1186 1897 1293 1966 quarto
1318 1885 1399 1966 pede

264 1987 373 2063 debet,
397 1999 431 2048 ut
446 1991 496 2070 qui
512 1989 585 2048 satis
601 1990 712 2048 veniae
728 2009 794 2048 cum
811 2010 828 2048 a
843 1991 967 2048 nomine
983 1991 1108 2069 proprio
1130 2000 1192 2048 tum
1208 1987 1246 2046 ab
1262 1989 1329 2067 ipsa
1346 1989 1400 2046 eli·

262 2092 350 2151 sione
365 2091 487 2150 habeat.
533 2091 661 2151 Prorsus
682 2101 783 2150 autem
804 2092 990 2172 simplicitati
1012 2090 1271 2152 conlocandorum
1291 2089 1399 2148 verbo·

260 2213 340 2266 rum,
359 2213 419 2274 qua
434 2194 492 2252 boc
506 2213 603 2272 genus
618 2213 759 2254 versuum
775 2195 903 2272 regitur,
920 2191 1040 2252 inludat
1055 2195 1080 2251 si
1097 2193 1148 2272 qui
1164 2193 1294 2250 Mo'rtuds
1306 2193 1399 2265 Stym-

258 2297 344 2370 plo'li
361 2297 530 2354 Arcadioest
544 2299 649 2371 oppido
668 2295 882 2355 commendare
899 2296 1030 2354 animum
1045 2294 1201 2354 induxerit
1208 2290 1250 2371 *).

345 2399 421 2475 Peg.
437 2397 494 2472 28,
513 2399 604 2458 4-7
625 2419 690 2457 cum
707 2399 789 2457 exitu
804 2399 886 2456 tertii
901 2397 982 2456 bene
998 2397 1111 2456 factum
1127 2395 1209 2477 quod
1225 2417 1289 2455 non
1304 2395 1400 2454 semel

262 2500 391 2578 scriptos
406 2499 567 2574 hubcmrm,
591 2501 645 2560 sed
663 2501 741 2559 circa
763 2501 853 2559 finem
869 2499 957 2558 huius
973 2501 1055 2558 vitae
1076 2519 1106 2578 p.
1123 2507 1170 2570 33,
1188 2507 1204 2560 6
1219 2499 1344 2556 iteratos
1367 2497 1398 2554 iu

263 2601 347 2660 libris
363 2603 500 2681 postilla
517 2621 595 2683 quae
615 2612 686 2661 sunt
706 2621 762 2676 quo
784 2607 874 2677 mapis
899 2605 988 2658 miror·
1009 2603 1142 2658 Porciam
1169 2603 1303 2658 scribere.
1337 2599 1399 2657 Ita·

263 2723 323 2783 que
339 2723 398 2783 quo
416 2704 591 2783 expeditior
605 2705 738 2763 conlatio
756 2713 851 2776 esset,
873 2703 1029 2782 utriusque
1046 2703 1104 2760 loci
1121 2701 1301 2773 versiculos,
1326 2719 1400 2780 qua·

261 2835 463 2846 ——nn-—n

346 2919 372 2984 ⁸³)
392 2921 520 2971 Ceterum
539 2939 594 2972 non
612 2923 670 2972 iore
693 2921 767 2972 lectu
786 2923 936 2972 iniucunda
955 2921 1073 2972 arbitror
1091 2935 1161 2986 quac
1185 2919 1218 2970 de
1242 2919 1284 2970 his
1313 2920 1398 2969 versi·

262 3006 312 3056 bus
331 3021 378 3071 per
396 3008 528 3072 prooemii
547 3007 701 3056 academici
719 3008 951 3072 opportunitatem
969 3007 1091 3072 proximo
1110 3021 1181 3054 anno
1200 3020 1217 3054 a
1235 3019 1276 3054 mc
1295 3009 1398 3052 tracta·

261 3093 299 3142 tis
316 3093 347 3140 F.
365 3091 416 3140 Th.
434 3091 598 3141 Welckerus
621 3091 656 3142 ad
679 3107 721 3142 mc
745 3092 934 3156 perscribebat
959 3106 992 3140 ex
1015 3091 1122 3140 itineris
1141 3089 1241 3140 Graeci
1256 3089 1400 3138 ‹memoria

262 3178 395 3242 repetita:
421 3177 493 3226 ‘Das
516 3175 634 3226 Godicbt
657 3177 705 3226 das
723 3177 837 3226 Porcius
856 3175 915 3226 Lic.
940 3176 976 3225 ist
999 3175 1097 3224 hlichst
1121 3175 1289 3224 interessent
1312 3171 1399 3222 durch

262 3261 305 3310 die
324 3261 379 3311 siet
394 3261 538 3326 gehendcn
556 3260 757 3326 Andcutungcn
775 3262 819 3311 ‹lic
838 3277 867 3311 cs
892 3261 965 3310 nach
983 3261 1052 3310 zwci
1071 3259 1166 3310 Scitcn
1185 3259 1245 3320 bin,
1270 3259 1321 3306 wie
1344 3273 1399 3308 von

263 3347 352 3396 cinam
371 3345 459 3396 bohen
478 3345 580 3396 Stands
599 3345 648 3396 der
665 3345 799 3411 Bildung,
825 3347 853 3394 in
872 3345 970 3394 mildcr
987 3345 1042 3394 und
1061 3345 1115 3394 fast
1135 3342 1289 3408 clegischcr
1307 3341 1399 3390 Satira

263 3431 420 3481 ausdriiclrt.
456 3431 545 3481 chn
564 3445 594 3480 cs
617 3430 694 3479 nicht
721 3445 770 3480 aus
794 3431 897 3480 anclcrn
916 3430 1046 3480 Griinden
1069 3425 1337 3478 rrrrwabrscheinlich
1361 3426 1399 3476 ist

261 3516 325 3566 dass
343 3517 391 3566 der
413 3516 507 3582 genial
531 3515 698 3566 anaiebendc
717 3516 848 3578 Lieblinp
869 3515 919 3564 der
941 3515 1060 3564 (lrossan
1083 3513 1142 3563 sich
1166 3514 1194 3562 in
1217 3511 1399 3562 Zorwiiriniss

261 3601 315 3650 und
333 3601 467 3652 Verdrusa
484 3601 608 3652 wirkliclr
626 3602 655 3650 in
673 3601 721 3650 das
739 3601 863 3666 poetisch
881 3599 936 3650 und
954 3598 1085 3665 politisch
1103 3599 1155 3648 den
1174 3599 1293 3646 Rlimern
1311 3595 1398 3646 sclri'rn

261 3685 409 3752 klingenda
428 3686 567 3738 Arkadien
586 3685 812 3750 zuriiclrgezogcn
831 3685 891 3747 hat,
917 3701 947 3734 so
972 3700 1027 3734 avar
1049 3682 1224 3748 Stymphalos
1249 3683 1294 3732 ein
1313 3697 1398 3744 ange-

261 3771 342 3820 nehm
360 3771 510 3836 gelegencr
528 3771 582 3820 und
600 3771 664 3820 kcin
682 3769 790 3819 klciner
802 3769 861 3819 Ort.
898 3769 939 3818 An
958 3769 1006 3818 cler
1024 3769 1088 3818 sehr
1105 3769 1236 3833 gclinden
1253 3766 1308 3814 und
1327 3769 1399 3814 arits—

261 3859 340 3922 sigen
363 3856 490 3920 Anhtilrc,
515 3872 555 3905 wo
574 3855 618 3904 dic
640 3855 705 3903 weit
723 3841 895 3904 s'crstrcutcn
915 3855 1022 3904 liuincn
1040 3853 1093 3902 den
1111 3853 1233 3916 Umlang
1251 3851 1300 3899 der
1317 3851 1400 3899 simu

261 3943 373 4008 zcigen,
393 3943 467 3991 ssllrrt
485 3941 529 3990 ein
549 3939 653 3990 chmels
670 3937 871 3990 vortrctilieber
883 3939 1034 4004 Steinwcg,
1055 3940 1083 3986 in
1096 3937 1194 3986 Stufen
1212 3951 1307 3985 wovon
1326 3935 1399 3984 noch

260 4026 316 4077 viel
335 4027 460 4078 erhalten
478 4028 528 4088 ist,
547 4026 623 4075 canit
641 4025 752 4086 binnut3
770 4023 825 4073 und
842 4029 927 4073 auten
947 4039 989 4072 am
1003 4023 1081 4072 lland
1100 4023 1160 4072 sind
1174 4023 1202 4070 in
1214 4021 1258 4071 die
1272 4019 1399 4084 niedrigc

260 4129 321 4164 anm
338 4112 419 4162 Theil
437 4113 654 4176 einigermassan
672 4111 815 4160 b'ebanene
833 4109 978 4159 Fclswand
996 4109 1061 4158 oclcr
1079 4123 1127 4158 aus
1147 4106 1189 4156 ihr
1206 4105 1307 4156 bernus
1324 4105 1399 4154 Exc-

260 4199 327 4250 dren
346 4197 535 4263 ausgchaucn‚
555 4213 608 4248 von
627 4197 715 4246 denen
734 4211 784 4246 aus
803 4210 867 4245 mun
884 4195 933 4246 das
952 4193 1032 4244 weita
1046 4191 1117 4240 'l'hal
1135 4193 1184 4240 mit
1202 4193 1263 4240 dem
1277 4189 1398 4240 Secund

261 4285 321 4335 dem
339 4285 476 4349 miissigen
493 4283 619 4348 llergzug
637 4281 796 4346 geganiiber
820 4295 890 4342 ganz
915 4277 1084 4344 gemiitblicb
1105 4275 1255 4342 plaudcrnd
1279 4275 1398 4339 bcqucm

261 4369 449 4420 iibcrscbauen
466 4356 590 4418 bonate!
626 4367 668 4416 Gi.
688 4366 778 4416 llossii
792 4365 903 4414 ‘licisen
921 4379 947 4414 u.
963 4359 1152 4413 liciscroutcu'
1173 4379 1199 4426 p.
1212 4361 1243 4410 51
1264 4378 1312 4424 sq.,
1328 4359 1398 4407 (lur-

261 4457 293 4506 til
311 4456 460 4522 l’eloponn.
478 4457 489 4505 l
508 4473 533 4521 p.
551 4454 601 4504 aas
619 4467 658 4516 sq.
