3190 5098
685 339 789 411 enbvr
814 369 825 410 1
1256 351 1318 415 387

183 521 254 580 titit.
270 519 504 580 velutieundem
513 519 644 580 Ennium
652 522 779 582 Tarenti
789 529 969 582 natumesse
980 519 1120 600 perbibet
1129 521 1318 602 (fragm.8*),

183 643 273 702 quem
288 622 442 682 Rudinum
458 623 553 683 fuisse
570 633 699 684 constat.
724 622 775 682 ubi
793 622 944 684 subtiliter
960 624 1011 683 Fr.
1027 623 1163 683 Ritterns
1178 626 1209 684 in
1222 623 1319 685 diario

184 725 397 803 antiquitatum
415 733 482 788 1840
492 747 521 805 p.
535 735 587 789 ato
599 727 772 805 suspicatus
789 733 844 798 est,
859 725 1080 806 Hieronymum
1092 726 1196 786 urbem
1211 727 1319 807 in‘qua

182 835 271 886 natus
299 835 364 886 erat
386 847 454 884 cum
480 847 518 886 ea
543 827 717 887 confudisse
745 827 775 884 in
800 847 861 906 qna
885 827 1032 889 educatus
1057 829 1245 909 Graecisque
1270 829 1319 889 lit-

183 929 256 988 teris
278 929 432 988 institutus
453 938 545 990 esset.
578 949 654 988 unus
678 938 778 988 autem
804 948 888 988 error
906 951 966 990 non
988 931 1253 1028 tamsHieronymi
1273 939 1320 990 ost

182 1051 274 1110 quam
295 1032 404 1091 aetatis
423 1033 488 1092 eius
510 1040 602 1110 atque
624 1029 700 1089 adeo
719 1030 920 1110 antiquiorum
937 1042 1115 1112 temporum.
1150 1053 1219 1092 narn
1236 1033 1319 1115 quod

184 1133 315 1194 Plinium
333 1117 476 1192 maiorem
492 1143 522 1193 et
539 1135 683 1193 minorem
698 1133 830 1193 Plinium
847 1155 907 1194 nun
923 1133 1083 1209 discrevit,
1104 1135 1232 1196 caudam
1248 1157 1316 1196 con·

184 1237 335 1294 fusionem
358 1235 550 1294 commiserat
571 1235 703 1298 Serenus
719 1238 937 1298 Sammonicus.
971 1237 1012 1298 cf.
1037 1238 1241 1315 fragmentum
1255 1239 1319 1297 eius

186 1336 268 1417 apud
291 1335 479 1398 Macrobium
505 1346 562 1398 sat.
588 1338 636 1398 lll
661 1351 700 1402 10.
725 1339 806 1399 idern
823 1341 1031 1418 Hieronymus
1051 1339 1082 1397 in
1105 1341 1319 1400 commentario

184 1439 304 1499 Iesaiae
334 1447 369 1501 54
395 1447 465 1498 tom.
498 1439 566 1499 1111
592 1461 620 1519 p.
646 1449 696 1504 637
727 1441 808 1502 Vall.
841 1442 973 1502 Plinium
1000 1441 1173 1501 Secundum
1200 1443 1319 1501 eundem

185 1550 327 1600 oratorem
354 1549 381 1598 ct
405 1544 605 1615 philosophum
631 1541 776 1603 librorum
800 1541 839 1602 dc
858 1543 989 1602 naturali
1012 1543 1139 1602 historia
1158 1543 1319 1604 XXXVII

185 1650 339 1703 auctorem
359 1643 474 1702 citavit.
507 1643 545 1702 cf.
562 1643 692 1704 Rotbius
707 1643 804 1722 praef.
820 1664 850 1722 p.
867 1641 1083 1706 LXXXVIII.

270 1743 375 1804 Redeo
396 1744 434 1804 ad
455 1744 565 1804 librum
587 1746 625 1806 de
644 1746 760 1824 poetis,
777 1745 857 1805 unde
873 1746 1029 1823 generalis
1051 1746 1104 1805 illa
1124 1749 1263 1826 quaestio
1282 1747 1320 1808 de

183 1847 388 1928 Hieronymo,
416 1867 477 1927 qna
502 1867 606 1908 omnes
630 1849 744 1927 pariter
770 1847 940 1908 inlustrium
967 1849 1098 1908 virorum
1123 1849 1192 1908 libri
1216 1858 1320 1930 partes

185 1946 425 2028 conplectendae
452 1957 554 2019 erant,
581 1969 635 2008 nos
664 1948 841 2010 abduxerat.
881 1959 1004 2028 praeter
1033 1951 1204 2027 fragmenta
1229 1953 1320 2029 igitur

186 2069 265 2130 qnae
277 2051 308 2109 iu
317 2050 457 2110 chronico
470 2069 562 2128 super
574 2059 643 2110 sunt
654 2053 791 2128 integrae
803 2060 959 2130 poetarum
973 2053 1055 2111 vitae
1071 2061 1177 2112 eatam
1192 2073 1209 2110 a
1221 2073 1319 2130 gram-

186 2153 304 2212 maticis
326 2151 501 2231 posterioris
523 2153 649 2222 aetatis,
667 2173 685 2211 a
700 2151 809 2232 quibus
825 2173 863 2212 ex
878 2153 954 2212 libro
968 2155 1094 2214 Suetoui
1112 2153 1319 2234 excerpebau-

177 2263 251 2334 tur,
268 2263 301 2313 ut
320 2254 443 2314 scholiis
456 2254 729 2333 praemitterentur.
755 2274 881 2334 quarum
889 2255 1094 2330 integerrima,
1108 2256 1134 2314 si
1147 2255 1239 2314 fidem
1254 2257 1319 2317 eiua

186 2358 237 2438 qui
249 2357 369 2418 sustulit
381 2366 512 2436 spectas,
524 2355 589 2414 vita
598 2355 724 2416 Terenti
737 2356 857 2433 (fragm.
875 2355 917 2432 ΙΙ)
932 2364 987 2417 est.
1000 2375 1089 2435 quarn
1102 2356 1241 2416 Donatus
1254 2359 1320 2436 ipse

186 2461 218 2518 in
236 2459 457 2539 subscriptione
476 2457 622 2520 Suetonio
638 2456 743 2516 deberi
759 2465 902 2534 testatum
925 2477 987 2538 qua
1009 2478 1042 2517 re
1060 2467 1205 2538 quantum
1219 2469 1320 2520 ancto-

186 2561 285 2620 ritatis
307 2559 388 2639 apud
413 2580 446 2618 se
469 2558 633 2618 Suetonius
654 2557 794 2618 babuerit
814 2558 1004 2620 doctissimus
1026 2560 1240 2637 grammaticus
1262 2581 1321 2621 non

185 2672 305 2743 poterat
325 2663 458 2741 apertius
481 2661 662 2738 significare.
699 2682 770 2720 nam
797 2663 861 2721 eius
888 2669 989 2722 aetate
1016 2663 1202 2742 antiquiores
1230 2665 1322 2724 etiam

187 2767 265 2826 vitas
284 2764 379 2824 veluti
400 2762 493 2822 Probi
513 2763 640 2822 Terenti
660 2763 833 2844 interpretis
860 2764 1038 2842 superstites
1058 2763 1152 2825 fuisse
1177 2784 1245 2824 cum
1267 2787 1322 2846 per

188 2887 221 2926 se
241 2864 400 2946 probabile
421 2866 476 2937 sit,
498 2873 561 2924 turn
587 2865 631 2924 eis
652 2867 788 2943 arguitur
810 2885 890 2946 quae
912 2865 1054 2924 Donatus
1076 2867 1222 2945 epimetro
1240 2869 1322 2929 vitae

188 2968 339 3048 exposuit.
358 2967 485 3028 Terenti
497 2978 596 3028 autem
609 2970 672 3028 vita
687 2988 741 3049 pro
757 2968 895 3049 exemplo
908 2969 980 3027 artis
995 2967 1202 3030 Suetonianae
1217 2971 1324 3032 baberi

189 3069 280 3130 debet
306 3069 418 3148 quippe
442 3089 521 3150 quae
548 3090 567 3128 a
588 3071 710 3130 Donato
731 3090 831 3150 neque
852 3070 1035 3150 interpolata
1061 3091 1162 3152 neque
1185 3071 1324 3134 breviata

189 3170 338 3231 videatur.

272 3272 439 3333 Infeliciori
458 3275 579 3332 fortuna
596 3293 652 3332 usa
666 3283 712 3332 est
726 3275 790 3333 vita
800 3274 907 3332 Horati
926 3273 1048 3351 (fragm.
1064 3271 1121 3350 to).
1149 3275 1210 3333 iarn
1225 3275 1323 3353 ipsum

189 3376 344 3455 scriptoris
361 3395 469 3434 nomen
485 3395 585 3454 neque
603 3375 633 3433 in
649 3373 844 3453 inscriptione
855 3392 956 3453 neque
971 3373 1002 3432 in
1014 3371 1235 3453 subscriptione
1252 3395 1322 3434 eon·

189 3485 284 3557 paret.
313 3475 366 3536 sed
384 3497 450 3535 eam
465 3496 502 3535 ex
516 3477 644 3538 Suetoni
656 3474 733 3534 libro
745 3483 899 3554 receptam
912 3493 980 3534 esse
993 3473 1176 3534 scholiorum
1188 3477 1322 3536 testimo-

192 3581 248 3638 niis
269 3577 479 3657 conprobatur,
498 3578 652 3658 inquibus
670 3578 814 3638 Suetonio
830 3585 953 3636 auctore
968 3577 1122 3636 nominato
1139 3577 1321 3638 earcferun·

192 3690 249 3752 tur,
264 3699 343 3759 qnae
355 3680 385 3738 in
397 3679 455 3739 hae
466 3681 675 3758 vitalegimus.
701 3679 741 3738 ef.
755 3700 785 3757 p.
798 3687 839 3740 46.
858 3679 963 3758 itaque
977 3677 1004 3736 ei
1016 3676 1248 3737 vindicaverunt
1260 3689 1324 3738 sta·

190 3783 335 3862 timprimi
351 3781 484 3840 editores
494 3782 632 3840 Namrins
646 3791 676 3842 et
689 3781 835 3852 Muretus,
849 3781 902 3860 qui
912 3797 951 3838 cx
966 3784 1161 3854 antiquissimo
1169 3782 1324 3839 Blandfm'o

191 3883 305 3964 publici
327 3903 393 3942 eam
411 3884 485 3942 iuris
508 3885 653 3944 fecerunt.
684 3881 861 3958 antiquioris
883 3889 984 3942 autem
1002 3883 1084 3940 vitae
1105 3900 1163 3940 nec
1179 3882 1253 3941 vola
1266 3899 1324 3941 noc

190 3984 353 4062 vestigium
377 4003 470 4064 snper
492 3993 552 4057 est,
575 3984 633 4042 nisi
650 3985 680 4043 in
696 4003 732 4042 eo
752 3981 866 4062 aliquid
886 3983 949 4042 eius
965 3981 1046 4042 modi
1060 3982 1157 4042 latere
1172 3991 1323 4062 putamus,

191 4085 272 4167 quod
286 4085 528 4164 Porphyrionem
543 4085 597 4162 (cf.
610 4084 705 4143 schol.
721 4091 777 4142 sat.
796 4081 812 4140 I
830 4092 856 4160 6,
870 4083 916 4162 41)
939 4085 1050 4143 scimus
1068 4084 1272 4144 narrationem
1286 4083 1324 4142 de

190 4189 255 4248 vita
265 4195 376 4267 poetae
388 4188 563 4266 scripsisse;
578 4185 626 4244 cui
637 4183 794 4263 probabile
807 4193 854 4244 est
870 4193 992 4264 praeter
1003 4185 1096 4244 vitam
1105 4183 1232 4244 Suetoui
1246 4185 1324 4244 anti·

191 4293 328 4372 quiorem
345 4297 467 4369 praesto
484 4287 586 4346 fnisse.
616 4305 685 4344 nam
700 4287 833 4346 relicuae
847 4286 956 4345 Horati
969 4288 1053 4346 vitae
1069 4287 1101 4344 in
1117 4284 1202 4345 libris
1214 4295 1324 4365 poetae

194 4402 223 4452 et
237 4395 323 4471 ipsae
337 4399 478 4470 repertae
490 4397 607 4450 tanturn
620 4385 708 4448 abest
719 4398 753 4448 ut
765 4389 965 4468 antiquiorem
978 4395 1133 4448 auctorem
1144 4387 1280 4447 referant
1293 4395 1326 4446 ut

1061 4487 1125 4550 25·
