3138 5100
301 371 362 432 510
710 397 743 438 ru
756 397 855 440 versu
870 397 1016 438 massan

299 545 424 602 Martias
437 544 557 622 pridem
570 545 759 606 intellectum
775 546 833 626 est)
856 567 955 628 penes
977 555 1131 608 matronas
1155 548 1221 606 sive
1242 553 1378 626 potestas
1400 555 1431 604 et

303 646 466 705 auctoritas
481 646 547 704 sive
563 648 661 724 gratia
677 657 708 708 et
723 648 847 710 libertas
864 658 938 709 erat.
967 733 970 740 .

382 747 458 825 Peg.
474 747 559 821 31,5
580 769 619 808 ex
634 753 658 808 A
676 752 843 830 repositum
857 769 978 828 seroque
996 753 1064 830 ipsa
1079 749 1227 832 loquendi
1243 750 1428 812 cousuetudo

299 849 438 910 Suetonii
454 850 664 924 commendat,
679 853 731 932 qui
745 871 810 911 sero
825 857 940 912 landam
956 854 1048 912 etiam
1063 853 1141 930 Aug.
1157 857 1192 914 94
1206 853 1273 912 init.
1290 852 1380 913 Galb.
1397 861 1431 914 2⁰

296 953 411 1026 iunxit,
428 957 521 1012 serius
538 957 651 1011 landem
667 973 831 1035 nusquam,
847 955 997 1036 nisiquid
1013 975 1060 1014 mc
1076 955 1162 1032 fugit.

381 1055 481 1116 Versu
496 1054 533 1115 12
546 1056 674 1129 fuerint,
691 1050 773 1137 quo'd
788 1057 881 1135 vulgo
898 1067 1071 1136 corruptum
1085 1057 1117 1116 in
1130 1056 1231 1130 suere,
1248 1050 1356 1115 eode'rn
1372 1055 1428 1113 Pa·

299 1157 394 1216 risino
412 1157 503 1232 duce,
526 1158 559 1216 in
576 1177 635 1237 quo
654 1157 726 1232 saei
741 1168 802 1233 est,
826 1160 945 1220 restitui
966 1160 1074 1219 eadem
1097 1159 1225 1219 rationis
1246 1159 1429 1217 necessitate

300 1279 360 1338 qua
375 1281 406 1338 p.
423 1269 473 1332 32,
489 1267 506 1320 2
522 1281 539 1318 e
554 1263 690 1319 dicuntur
704 1261 834 1322 Rothias
849 1265 983 1320 dicantar
1007 1261 1122 1335 offecit,
1145 1259 1197 1320 ubi
1218 1259 1339 1320 soloece
1362 1259 1429 1318 libri

297 1359 467 1421 deteriores
482 1365 655 1420 eicerentur.

379 1465 479 1524 Versu
505 1464 541 1523 13
572 1464 738 1543 diligenter
761 1465 922 1546 pensitatis
949 1483 1029 1544 quae
1050 1465 1171 1544 prolata
1192 1473 1264 1524 sunt
1291 1462 1428 1522 omnibus

295 1585 359 1626 non
374 1567 460 1646 potui
476 1587 539 1626 non
554 1567 634 1624 viam
651 1568 720 1626 olim
741 1567 910 1627 institutam
925 1567 1050 1643 Parerg.
1067 1587 1097 1645 p.
1113 1577 1165 1630 300
1185 1576 1302 1634 tenere.
1338 1564 1428 1644 Quod

295 1669 377 1726 onim
389 1669 603 1728 aMommseno
616 1671 805 1749 propositum
817 1679 863 1728 est
875 1667 958 1750 apud
965 1669 1109 1728 Rotlrium
1120 1690 1151 1750 p.
1161 1677 1210 1731 181
1229 1677 1257 1726 el
1268 1671 1429 1742 quiFloru·

294 1771 367 1827 libus
381 1773 469 1838 ludis,
491 1769 524 1829 id
547 1771 671 1850 quidem
687 1791 747 1851 quo
763 1769 889 1830 tandem
906 1771 997 1830 modo
1019 1769 1075 1830 tibi
1097 1767 1297 1850 persuadebis
1319 1769 1428 1849 depra-

294 1873 361 1930 vari
376 1871 408 1930 in
423 1879 450 1928 el
467 1875 517 1946 qai
529 1876 728 1932 consularibus
752 1876 826 1931 ludis
850 1873 1009 1953 potuisse?
1046 1874 1088 1932 Et
1110 1873 1177 1953 quis
1196 1871 1323 1931 tandem
1344 1875 1429 1930 dolas

296 1993 366 2043 esse¹
377 1975 524 2048 subulas
539 1974 619 2034 ludis
634 1974 808 2034 Floralibus
823 1974 974 2034 tradidit?
1004 1974 1122 2053 Quibus
1139 1983 1221 2034 actos
1238 1993 1306 2034 esse
1321 1975 1427 2034 mimos

293 2073 419 2138 scimus:
440 2077 562 2152 *fabulas
581 2086 682 2136 autem
702 2097 845 2157 amquam
868 2078 966 2137 dictos
986 2078 1092 2136 numos
1112 2077 1294 2156 simpliciter
1306 2077 1428 2154 ignora-

293 2199 368 2239 mus.
398 2181 439 2240 Bt
454 2181 479 2240 si
496 2181 574 2240 forte
590 2181 686 2239 mimis
709 2179 830 2240 fabulae
846 2180 1017 2259 posteriore
1038 2187 1140 2238 aetate
1156 2179 1374 2238 successerint:
1397 2187 1429 2237 at

292 2283 463 2363 posteriore
485 2291 587 2342 aetate
611 2282 733 2343 fabulae
756 2283 846 2342 etiam
868 2280 1046 2341 Cerealibus
1069 2279 1149 2340 ludis
1171 2289 1330 2360 spectatae
1345 2291 1425 2352 sunt,

292 2394 339 2459 ut,
368 2387 420 2466 qui
442 2385 513 2444 hinc
536 2386 740 2445 coniecturam
755 2367 873 2464 'capere
894 2383 933 2443 de
962 2383 1052 2444 simili
1074 2383 1212 2448 instituto
1239 2381 1354 2442 liberae
1381 2383 1426 2441 rei

290 2488 434 2570 publicae
459 2489 549 2562 velit,
579 2488 716 2566 prolecto
745 2488 836 2546 etiam
864 2485 1051 2566 probabilius
1079 2487 1241 2544 Cerealibus
1269 2484 1366 2543 latere
1394 2485 1426 2542 in

292 2593 491 2648 eonnrlaribas
511 2589 569 2650 sibi
591 2587 770 2668 persuaderi
793 2609 811 2646 a
831 2589 910 2648 Ten.
932 2587 1033 2648 Fabro
1054 2587 1196 2666 patiatur.
1233 2586 1345 2666 Itaque
1360 2605 1426 2644 cum

292 2711 350 2750 nec
372 2690 545 2751 comoedias
567 2689 654 2750 datas
677 2690 756 2750 ludis
777 2691 964 2762 Floralibus,
989 2709 1049 2747 nec
1069 2689 1101 2747 in
1122 2688 1169 2748 bis
1192 2688 1355 2768 quicquam
1375 2687 1425 2746 vel

291 2792 344 2851 illa
372 2801 474 2850 aetate
497 2791 549 2850 vel
570 2812 588 2849 a
611 2791 746 2872 Sulpicio
769 2792 860 2853 Gallo
888 2801 1032 2850 novatum
1059 2786 1120 2849 ullo
1150 2790 1325 2849 testimonio
1355 2809 1426 2848 con·

270 2901 366 2964 'stet,
394 2901 500 2952 contra
523 2892 697 2952 testimonio
724 2892 890 2952 certissimo
911 2891 994 2952 idem
1019 2892 1170 2971 Sulpicius
1193 2911 1259 2950 cum
1279 2900 1344 2950 arte
1364 2891 1426 2950 Te·
1512 2960 1518 2970 ι

291 2995 433 3054 rentiaua
458 2994 605 3066 societur,
637 3003 671 3053 ut
702 3013 761 3074 quo
789 2994 915 3052 consule
948 2996 1076 3073 primam
1105 2993 1170 3053 eius
1196 3003 1309 3074 poetae
1339 2991 1425 3052 fabu-

290 3095 392 3154 bulam
407 3094 558 3153 Andriam
574 3104 671 3154 actem
688 3113 756 3154 esse
777 3092 856 3154 ludis
871 3096 1102 3174 Megalensibus
1120 3117 1136 3156 e
1158 3095 1322 3176 deperdita
1342 3115 1427 3154 nuuc

292 3197 462 3257 didascalia
476 3197 618 3272 Donatus
633 3195 821 3275 prodiderit,
844 3218 907 3256 non
929 3199 1068 3259 videmur
1090 3200 1190 3276 egisse
1214 3197 1426 3258 inconsidera-

272 3300 349 3358 ·tius
366 3319 431 3358 cum
447 3279 464 3378 ἆ
479 3302 678 3358 consularibus
699 3308 801 3358 uatum
818 3319 885 3360 esse
908 3295 959 3378 ed
975 3298 1102 3380 consal[e
1117 3295 1336 3378 mepnlens]il›us
1353 3319 1426 3358 eon·

290 3400 444 3460 tendimus
459 3403 526 3462 veri
542 3421 609 3462 esse
625 3402 816 3461 simillimum.
861 3402 950 3462 Neve
967 3405 1033 3484 quis
1050 3403 1129 3462 forte
1148 3405 1231 3460 ludos
1245 3403 1427 3476 Mepalcnses
1449 3426 1453 3433 ·

291 3511 418 3582 expetat
438 3524 494 3583 pro
514 3507 724 3579 Mepalensibus
743 3507 831 3578 ludis,
853 3503 1032 3564 Suetonium
1047 3505 1122 3564 scito
1145 3504 1204 3562 lroe
1224 3504 1292 3582 ipso
1315 3502 1426 3562 verbo·

290 3623 355 3664 rum
371 3605 480 3666 ordine
495 3614 612 3666 tantum
625 3625 693 3698 'nou
715 3625 837 3686 semper
856 3627 941 3666 usum
969 3606 1105 3686 (prorsus
1128 3605 1169 3664 ad
1190 3603 1426 3665 similitudinem

291 3727 393 3767 eorum
417 3727 495 3788 quac
517 3709 557 3767 ad
580 3729 610 3788 p.
631 3717 681 3780 26,
702 3707 928 3784 retractabam:
950 3713 1046 3768 urias
1065 3711 1140 3766 ludis
1160 3706 1230 3767 Tib.
1246 3716 1271 3770 6.
1297 3707 1362 3767 Cal.
1379 3716 1425 3780 ⁴20,

289 3813 482 3868 castrensibus
496 3815 514 3868 l.
530 3809 599 3869 Tib.
615 3818 664 3883 11,
688 3813 863 3868 circensibus
883 3815 900 3868 l.
917 3812 1022 3896 ΝΗ
1031 3855 1038 3884 ,
1061 3813 1226 3869 honorariis
1240 3813 1259 3867 l.
1282 3809 1362 3886 Aug.
1378 3817 1424 3881 32,

288 3914 436 3970 iuuenales
450 3916 594 3971 circenses
607 3915 754 3971 scaenicos
768 3915 787 3970 l.
800 3913 873 3973 Ner.
891 3921 937 3986 11,
953 3930 1072 3987 mauros
1087 3917 1104 3970 1.
1119 3913 1199 3992 Aug.
1216 3921 1265 3985 13,
1286 3915 1428 3985 palatinis

288 4015 308 4070 l.
325 4012 390 4072 Col.
407 4023 454 4086 56,
470 4017 683 4088 pontificalibus
695 4019 712 4072 l.
729 4015 808 4094 Aug.
824 4023 871 4088 41,
893 4019 1091 4074 saecularibus
1105 4017 1123 4072 l.
1147 4017 1226 4092 Aug.
1244 4023 1286 4077 31.
1317 4013 1425 4086 Visa

287 4117 435 4174 scaenicos
455 4119 471 4173 l.
499 4115 565 4176 eal.
583 4124 625 4180 18.
642 4125 685 4180 26.
713 4117 803 4176 Dom.
819 4126 851 4178 4:
879 4138 940 4198 qua
963 4118 1069 4176 relicta
1096 4115 1319 4176 consuetudine
1345 4115 1426 4173 raris

289 4219 437 4296 exemplis
452 4222 534 4276 ludos
547 4224 712 4278 seaculares
731 4218 809 4279 dixit
828 4221 917 4278 Dom.
933 4228 965 4294 4,
988 4223 1121 4278 ludorum
1142 4221 1301 4278 Floralium
1330 4215 1425 4277 Galo.

288 4328 322 4382 6:
337 4324 418 4379 ludos
432 4325 598 4382 saeculares
612 4333 639 4382 el
652 4326 854 4396 compitalieios
873 4321 953 4400 Aug.
970 4333 1018 4396 31,
1034 4321 1085 4380 ubi
1102 4321 1168 4380 aliis
1185 4319 1275 4378 rebus
1292 4320 1426 4399 opponi·

288 4422 488 4485 turbidorum
508 4426 592 4485 notio
614 4425 751 4485 similiter
771 4435 863 4504 atque
885 4425 916 4482 in
938 4425 985 4484 his
1001 4445 1067 4504 cap.
1089 4433 1121 4486 18
1140 4427 1238 4482 urbem
1263 4423 1427 4496 Nicopolim
