3064 5064
510 413 552 460 na
574 413 661 462 vasta
684 413 900 460 ruavsrstsvs
1217 393 1272 458 131

129 577 248 654 postea
262 565 402 631 Romani
423 567 599 644 iusserunt,
622 587 663 629 ne
680 564 853 652 graphium
874 563 1022 628 ferreum.
1034 563 1107 650 quis
1130 561 1276 628 haberet.

117 667 221 752 ‚unde
250 675 284 730 ct
305 667 391 754 apud
415 666 541 732 scribas
571 666 756 731 dicebatur:
793 672 913 729 ‘ceram
943 664 1031 729 ferro
1059 687 1101 729 uc
1126 665 1275 729 caedito?

132 776 252 854 postca
273 768 458 832 institutum
482 777 541 850 est,
564 775 600 831 ut
623 769 655 832 in
678 789 754 832 cera
768 767 896 832 ossibus
913 766 1104 848 scriberent,
1124 767 1210 830 sicut
1228 767 1276 829 in·
1327 797 1331 800 ·

130 870 222 932 dieat
241 869 323 932 Atta
342 871 375 933 in
398 879 510 933 satura
529 869 657 932 dicens:

109 995 123 1034 s
788 969 954 1033 certamus
978 967 1143 1032 numerem

179 1143 188 1158 ‚
262 1071 296 1134 in
320 1073 438 1152 ceram,
457 1091 499 1134 an
520 1091 674 1134 mucrone
697 1071 849 1157 uniquam
872 1091 1001 1133 aremus
1024 1067 1143 1132 osseo?

130 1170 308 1258 graphium
339 1181 447 1236 autem
474 1171 616 1253 Graece,
645 1170 763 1234 Latine
790 1173 995 1260 scriptorium
1025 1169 1152 1234 dicitur.
1201 1191 1275 1232 nam

131 1264 249 1355 γραφὴ
271 1274 434 1359 scriptura
455 1281 514 1336 est.

221 1389 394 1454 Cartarnm
433 1411 527 1453 usum
565 1392 704 1475 primum
744 1391 916 1478 Aegyptus
936 1390 1167 1472 ministrasit,
1207 1409 1277 1454 coe-

95 1500 227 1578 aptum
254 1489 614 1577 apuanemphiticam
642 1491 767 1556 urbem.
812 1494 905 1556 errius
934 1513 1065 1583 genera⁸
1082 1513 1178 1577 qnam
1208 1489 1278 1576 plu-

129 1594 218 1656 rima
252 1601 338 1654 sunt.
393 1591 498 1676 prima
529 1600 561 1655 et
595 1593 771 1678 praecipua
804 1593 980 1678 Augustae
1016 1593 1108 1677 regia
1146 1593 1278 1656 maioris

130 1692 328 1758 formae-in
357 1693 511 1759 honorem
537 1693 710 1758 Octauiani
742 1695 884 1782 Augusti
913 1693 1087 1782 appellata.
1135 1694 1280 1759 secunda
1335 1755 1337 1760 .

131 1933 312 1998 paruulorum
330 1934 466 1982 nutrices:
485 1934 563 1998 ipsae
583 1933 650 1984 dant
668 1935 808 2000 ingenium
833 1937 926 2001 puerIs
950 1935 1098 2000 primordia
1116 1951 1212 1986 seusus
1231 1933 1278 1995 (en

131 2003 264 2050 Dracontt
288 2001 372 2063 sstufi
402 2003 437 2050 ud
461 2001 623 2051 &autharium
652 2005 698 2063 ⁶3)
727 2018 840 2068 quarum
869 2003 1019 2052 studium
1114 2002 1191 2054 est'
1234 2001 1277 2050 10:

132 2069 187 2118 ‘De
202 2068 300 2118 cartis.
330 2068 510 2118 Cartarnrn
575 2070 700 2118 urbem.
723 2070 858 2135 Memphis
872 2072 944 2120 enim
958 2072 1060 2120 ciuitas
1074 2075 1116 2120 cst
1128 2072 1278 2136 Aegyptio·

131 2151 204 2198 nrm,
224 2135 272 2184 ubi
292 2143 385 2184 cartae
405 2151 469 2186 usus
487 2137 603 2200 primum
622 2139 752 2186 inuentus
772 2145 822 2201 est,
841 2139 914 2188 sicut
933 2137 973 2187 ait
990 2139 1134 2187 Lucanus:
1159 2135 1278 2188 Confici-

130 2209 179 2252 tur
201 2202 300 2252 bibula
321 2202 480 2268 Memphitis
508 2209 587 2254 carta
614 2221 726 2270 papyro.
770 2205 891 2254 bibulam
920 2212 1011 2254 autem
1038 2221 1171 2271 papyrum
1199 2205 1278 2264 dixit,

129 2270 207 2336 quod
238 2269 376 2320 humorem
405 2270 484 2319 hibat
507 2271 559 2332 (aa
585 2273 663 2322 schol.
694 2273 790 2321 Leinon.
820 2273 888 2322 IIII
917 2276 969 2322 135
997 2272 1159 2336 deperdito).
1200 2278 1279 2321 carta

129 2345 231 2388 antem
249 2337 325 2386 dicta
344 2337 413 2402 quod
433 2339 548 2402 carptim
568 2341 665 2404 papyri
684 2344 795 2406 tegmen
814 2340 974 2404 decerptum
993 2339 1153 2404 glutinatur.
1182 2339 1279 2388 cuius

129 2420 266 2471 genera
361 2403 503 2456 idonea.’
547 2406 589 2456 Il:
623 2409 677 2456 ‘De
700 2409 884 2472 pergamenis.
930 2406 1197 2470 Pergameni
1224 2421 1276 2454 ox-

129 2475 394 2537 cogitaueruut.
442 2473 512 2522 unde
542 2480 569 2522 ct
598 2489 825 2538 pergamenarum
857 2489 955 2524 nomeu
983 2474 1122 2538 hucusque
1150 2473 1277 2522 tradente

128 2541 188 2590 sibi
213 2541 378 2604 posteritate
403 2546 542 2589 seruatum
566 2549 609 2590 est
632 2540 684 2602 (ear
703 2543 855 2607 Hieronymi
870 2559 911 2606 ep.
936 2543 971 2590 nd
989 2539 1173 2604 Chromatius).
1205 2539 1277 2589 haec

129 2617 161 2658 et
183 2607 382 2657 membrana
406 2607 568 2657 dicuntur
644 2615 814 2659 recreent.
851 2609 1011 2660 membrana
1030 2615 1122 2658 autem
1141 2611 1190 2657 aut
1211 2623 1276 2656 can-

128 2675 203 2724 dida
228 2681 276 2723 aut
298 2675 375 2724 lutea
398 2679 446 2724 aut
468 2690 606 2740 purpurea
629 2683 702 2726 sunt.
744 2677 863 2727 candida
886 2676 1052 2726 naturaliter
1070 2677 1200 2726 existunt.
1236 2673 1276 2722 lu·

127 2753 209 2792 teum
229 2741 414 2790 membranum
434 2742 539 2791 bicolor
557 2749 607 2804 est,
628 2743 698 2808 quod
717 2760 734 2793 a
752 2745 911 2794 coniectore
929 2760 985 2793 unu
1003 2745 1121 2808 tingitur
1138 2747 1228 2808 parte,
1249 2739 1277 2790 id

128 2815 178 2860 est
196 2817 336 2858 crocatur.
365 2809 398 2857 de
423 2824 475 2873 quo
497 2811 623 2860 Persius:
652 2813 712 2860 Iam
735 2811 806 2862 liber
829 2817 857 2861 et
880 2813 978 2877 positis
996 2811 1101 2861 bicolor
1119 2809 1278 2860 membrana

128 2875 258 2942 capillis.
295 2891 432 2940 purpurea
454 2892 520 2926 uero
543 2878 703 2928 inficiuntur
725 2878 817 2930 coloro
836 2894 986 2944 purpureo,
1010 2880 1038 2928 in
1062 2878 1159 2942 quibus
1183 2892 1279 2926 arrnrm

128 2951 161 2994 et
182 2949 330 3008 argentum
350 2944 505 3008 liquescens
523 2951 652 3009 patescat
670 2947 698 2995 in
717 2945 839 2997 litteris)
874 2946 973 2996 ultima
995 2963 1028 2996 cx
1050 2946 1212 3007 Hieronymi
1236 2960 1277 3009 ep.

129 3013 171 3062 ad
191 3011 382 3072 Eustochium,
401 3010 507 3061 relicua
526 3028 560 3062 cx
578 3013 683 3063 scholio
702 3014 780 3064 Persi
798 3015 840 3064 111
862 3012 892 3062 10
914 3013 1068 3078 deperdito.
1089 3039 1123 3049 -
1143 3013 1278 3074 Hierony-

127 3095 195 3130 mus
219 3095 264 3142 ep.
288 3078 340 3128 vlt
359 3077 394 3127 ad
411 3078 598 3129 Chromatium
621 3082 746 3130 Iovinum
765 3087 792 3131 et
810 3081 959 3130 Eusebium
978 3087 1040 3130 tom.
1061 3082 1073 3130 I
1097 3098 1123 3146 p.
1147 3077 1177 3128 18
1190 3077 1278 3128 Valla

128 3147 281 3198 ‘Chartam
308 3145 429 3196 doluisse
457 3163 510 3196 nou
538 3154 604 3212 puto
632 3148 760 3214 Aegypto
783 3149 958 3198 ministrante
988 3149 1161 3198 commercia.
1204 3151 1233 3196 et
1255 3145 1279 3195 si

127 3213 246 3266 alicubi
264 3212 437 3268 Ptolemaeus
455 3215 543 3264 maria
567 3215 727 3276 clausisset,
751 3221 845 3266 tamen
868 3232 916 3266 rex
934 3216 1043 3265 Attalus
1066 3215 1239 3264 membranas
1264 3227 1280 3261 s

126 3285 276 3346 Pergamo
294 3281 413 3340 miserat,
434 3287 463 3330 ut
480 3284 596 3346 penuria
616 3283 729 3333 chartae
749 3283 868 3348 pellibus
886 3291 1063 3348 pensaretur,
1082 3281 1154 3332 unde
1174 3285 1201 3330 et
1218 3295 1279 3344 per·

125 3363 319 3416 gamensrnm
336 3363 436 3398 nornen
454 3348 487 3397 ad
510 3348 582 3399 hunc
601 3365 687 3415 usquo
705 3352 777 3400 diem
798 3351 925 3400 tradente
945 3351 999 3400 sibi
1022 3351 1141 3399 inuicem
1164 3346 1281 3414 posteri·

125 3425 195 3468 tate
216 3423 357 3464 seruatum
375 3414 437 3466 est’
455 3443 488 3451 -
506 3417 614 3466 Plinius
631 3417 664 3467 N.
682 3418 718 3467 H.
734 3419 803 3467 XIII
821 3417 854 3466 68
872 3433 945 3482 sqq.:
976 3417 1069 3467 ‘Prius
1088 3425 1180 3466 tamen
1199 3429 1279 3479 qnam

125 3483 326 3548 digrediamur
344 3484 378 3533 ab
396 3483 523 3548 Aegypto
547 3490 574 3534 ct
592 3487 690 3550 papyri
703 3491 802 3535 natrrra
815 3485 930 3544 dicetur,
949 3499 1009 3549 cunr
1027 3485 1141 3538 ¹cluniae
1160 3497 1211 3532 nsu
1223 3497 1280 3530 ma·

125 3569 217 3604 xume
237 3551 395 3602 hamanitas
407 3552 483 3600 uitae
497 3557 607 3602 constet
631 3559 706 3602 certe
726 3555 865 3602 memoria.
897 3559 925 3602 st
937 3553 1009 3602 hanc
1021 3549 1170 3601 Alexandri
1184 3549 1279 3612 Magni

125 3619 262 3671 motoria
279 3623 416 3683 repertam
435 3625 532 3668 auctor
550 3625 592 3670 cst
609 3621 646 3669 M.
665 3621 759 3682 Varro,
781 3621 892 3676 condita
910 3622 939 3670 in
958 3621 1084 3684 Aegypto
1102 3617 1279 3666 Alexandria.

125 3695 223 3740 antea
242 3701 295 3735 non
315 3686 401 3735 luisse
420 3687 576 3736 chartarum
593 3703 680 3738 usum.
718 3689 746 3737 in
770 3688 921 3754 palmarum
940 3688 1016 3737 foliis
1034 3687 1121 3751 primo
1139 3685 1280 3748 scriptita-

125 3765 204 3817 tum,
223 3755 289 3803 dein
308 3753 476 3818 quarundam
496 3755 622 3804 arborum
640 3756 727 3806 libris.
763 3761 861 3820 postea
879 3755 991 3821 publica
1009 3755 1177 3803 moniurcnta
1194 3751 1281 3816 plum·

227 3989 236 4038 1
256 3975 381 4052 grafium
396 3977 511 4034 Monac.
527 3970 540 4056 Η
556 3987 573 4038 3
592 3986 638 4036 est
654 3997 707 4036 oar.
724 3979 856 4049 Marruca,
879 3979 945 4036 add.
965 3995 1041 4034 marr.
1062 3991 1119 4031 rec.
1136 3967 1149 4054 Η
1165 3973 1285 4030 in'cera

124 4070 236 4140 aalys,
254 4063 306 4118 Gn.
323 4067 354 4118 3:
371 4079 472 4119 caram
487 4063 600 4120 Monac.
621 4065 674 4121 Gu.
694 4069 708 4121 1
723 4083 812 4122 cerae
829 4065 881 4122 Gu.
902 4068 921 4118 -2
935 4055 948 4140 Η
964 4060 1052 4119 sicuti
1068 4061 1120 4116 Ga.
1141 4053 1185 4136 2Η
1200 4067 1217 4118 4
1234 4077 1281 4115 sa·

122 4145 222 4229 tura]
239 4167 264 4205 a.
280 4154 315 4204 12
325 4163 367 4218 sq.
383 4147 515 4204 artarer.
532 4140 545 4228 Η
561 4156 630 4209 fian
645 4167 787 4206 mucrone
800 4167 941 4226 umquam
959 4144 1146 4202 Rihbrclrius:
1166 4161 1281 4200 mucro·

122 4255 239 4318 neque
254 4233 364 4292 Isidori
380 4233 446 4288 libri
460 4227 473 4311 Η
487 4239 505 4292 8
517 4232 612 4308 grafia
633 4233 744 4290 Monac.
761 4226 774 4313 Η
792 4227 851 4310 est]
874 4231 982 4288 dieitur
998 4232 1051 4289 Gu.
1072 4229 1142 4286 2111.
1158 4221 1171 4308 Η
1187 4236 1202 4288 9
1222 4247 1258 4304 pr

123 4343 202 4386 mus
221 4325 277 4382 (ἔτι.
303 4317 347 4399 2Η
367 4330 399 4381 10
417 4316 616 4393 memphicam
639 4319 693 4376 θα.
721 4312 763 4396 2Η
780 4318 827 4376 cui
847 4319 899 4376 Ga.
923 4313 967 4392 ΙΗ
987 4323 1012 4373 11
1038 4309 1145 4387 regina
1167 4311 1273 4370 Monac

124 4440 127 4467 ι
162 4419 198 4470 ct
213 4405 342 4466 maioris
358 4404 474 4460 Monac.
488 4403 630 4458 Arevulus
650 4396 664 4482 Η
683 4410 713 4462 12
734 4397 872 4458 rnrtartiili
888 4402 1000 4456 Monac.

1037 4499 1081 4558 a*
