3138 5100
483 433 511 474 T·
530 431 718 474 elaeonem
735 429 987 474 COMMENTARIVS

524 646 652 712 VITA
684 643 946 712 TERENTII

249 783 440 865 Terentius,
468 783 552 849 Afer
573 805 693 871 genere
716 783 983 870 Kartaginensis,
1010 803 1092 870 puer
1114 791 1227 870 eaptus
1251 792 1302 848 est

165 894 197 954 et
217 907 237 952 a
258 885 400 974 quodam
421 884 574 952 Terentio
595 885 728 952 Luoano
750 893 897 974 emptus!
930 884 1047 950 litteris
1071 885 1198 972 graems
1229 884 1300 950 lati·

163 979 279 1076 nisque
302 989 479 1053 instnrotus
501 1009 574 1053 oum
595 988 752 1054 liberatus
774 995 877 1072 esset,
904 1007 981 1062 mox
1008 995 1142 1075 propter
1170 987 1300 1074 elegan-

162 1093 242 1156 tiam
263 1089 444 1156 studiorum
466 1111 655 1178 morumque
673 1091 708 1154 in
728 1091 906 1154 amicitiam
926 1089 1103 1178 perductus
1118 1098 1168 1155 est
1182 1089 1218 1152 Ρ.
1232 1089 1299 1154 Soi-
1334 1097 1350 1148 ὁ

162 1193 286 1286 pionis,
316 1189 423 1279 Laelii
448 1192 628 1280 Sapientis,
661 1191 755 1256 Furii
782 1191 878 1256 Phili.
933 1213 1071 1280 quorum
1090 1190 1232 1256 'fabulas
1265 1193 1301 1256 in

164 1277 262 1360 scena
284 1294 362 1359 dare
384 1294 476 1360 illum
493 1296 615 1360 inimici
631 1292 859 1360 diffamabant:
881 1296 1022 1358 maxime
1037 1301 1147 1360 autem
1162 1293 1300 1360 Luscius

162 1397 371 1478 Lanuuinus,
392 1398 448 1483 qui
470 1395 616 1462 aemulus
637 1396 707 1461 eius
731 1404 816 1480 erat,
839 1395 923 1460 hano
945 1395 1131 1484 opinionem
1154 1393 1301 1481 diuulga-

161 1498 230 1564 bat.
280 1509 311 1562 et
344 1519 418 1563 oum
446 1499 697 1564 criminarentur
725 1497 858 1586 quidam
884 1497 1091 1582 Terentium,
1121 1519 1186 1562 non
1222 1518 1300 1562 uere

129 1675 133 1682 ¹
162 1623 234 1668 eum
252 1599 452 1666 Graecorum
470 1621 577 1666 mores
599 1599 801 1688 exprimere,
824 1607 875 1664 set
893 1598 1049 1688 pleraque
1068 1600 1171 1666 latina
1190 1597 1300 1666 faeere
1319 1605 1351 1659 ιο

162 1701 412 1785 consuetudine,
441 1711 478 1767 ut
498 1703 649 1767 instituta
671 1701 870 1768 Graecorum
893 1723 1062 1789 moresque
1090 1709 1302 1787 cognosceret
1353 1727 1360 1786 .'

162 1804 310 1870 Athenas
331 1802 497 1892 profectus
518 1813 568 1870 est
589 1804 699 1892 ibique
722 1802 922 1892 aliquamdiu
938 1811 1153 1870 commoratus
1166 1802 1306 1868 Menan·

162 1907 257 1972 drum
290 1907 324 1974 iu
355 1904 493 1971 latinum
521 1927 703 1971 sermonem
737 1906 942 1972 transtulisse
971 1905 1100 1972 dieitur.
1151 1915 1201 1970 set
1226 1926 1301 1970 oum

161 2007 298 2074 Romam
321 2008 516 2095 repetiturus
539 2019 641 2092 esset,
664 2009 810 2073 sarcinas
833 2007 1031 2096 fabulasque
1053 2006 1204 2096 quesibi
1226 2028 1309 2071 oon·

162 2111 338 2198 scripserat
367 2111 402 2174 in
428 2131 546 2174 nauem
573 2111 728 2196 imposuit
755 2132 842 2197 quae
861 2109 990 2176 Malean
1021 2110 1348 2176 oirouituraerat.15

161 2213 231 2298 ipse
259 2213 406 2277 terrestri
436 2212 554 2275 itinere
585 2211 703 2276 Patras
732 2213 899 2298 profectus
926 2219 991 2294 est,
1018 2209 1076 2276 ubi
1103 2231 1222 2276 nauem
1244 2231 1299 2275 ex·

162 2351 366 2362 anu—.—

248 2435 260 2485 1
284 2435 388 2502 Incipit
410 2436 470 2486 uita
492 2435 617 2487 Terentii
640 2435 665 2486 A
734 2435 751 2484 2
774 2436 834 2486 aler
856 2437 984 2500 natione,
1014 2451 1124 2502 genere·
1138 2435 1173 2486 B.
1197 2451 1299 2502 genere

162 2521 270 2587 quidem
293 2521 387 2572 extitit
404 2520 485 2585 Afer,
512 2520 582 2571 ciuis
599 2537 664 2572 uero
682 2523 735 2571 nito
753 2520 836 2572 Onon.
907 2521 1136 2588 Carthaginensis
1159 2521 1192 2572 M
1258 2527 1300 2572 est
1349 2526 1356 2540 ¹

161 2602 200 2673 et]
222 2611 250 2656 et
267 2605 326 2656 libri
376 2605 392 2654 4
415 2605 561 2656 liberarius
579 2605 613 2656 B.
633 2605 764 2656 librarius
782 2605 821 2656 M.
842 2605 918 2656 ¹mox
935 2605 1008 2656 huno
1026 2605 1169 2656 librarium
1183 2603 1298 2658 asciuit’

160 2691 191 2753 Ρ,
224 2695 347 2756 proxima
365 2689 486 2740 collidens
504 2694 582 2742 tolia:
606 2691 651 2756 qui
676 2705 737 2740 oum
760 2690 951 2740 familiaritate
977 2687 1065 2758 [voluit
1089 2707 1149 2742 eum
1173 2693 1201 2742 in
1219 2691 1299 2742 lami-

130 2825 135 2837 ,
160 2773 323 2840 liaritatem]
341 2792 367 2842 p.
382 2775 514 2841 scipionis
533 2791 566 2824 no
583 2775 642 2825 lelii
660 2776 807 2842 perductus
825 2779 923 2841 postea
941 2781 1014 2826 esset
1033 2792 1047 2826 e
1066 2775 1197 2827 libertina
1215 2776 1297 2842 tribu,

159 2861 189 2910 in
206 2861 319 2910 urbanis
331 2859 473 2910 honestum
487 2861 609 2912 ordinem
627 2863 724 2911 tonuit.
756 2875 855 2911 causae
876 2857 958 2928 [immo
972 2859 1139 2926 comoedias]
1157 2863 1216 2928 egit
1233 2878 1298 2912 non·

160 2960 311 3010 nunquam,
337 2947 365 2995 in
384 2945 481 3010 quibus
500 2945 609 3010 quidem
626 2945 717 2996 locum
736 2947 851 3012 primum
869 2945 943 2996 haud
966 2945 1048 2996 dubie
1072 2947 1220 3012 tenuisset,
1244 2949 1300 2998 nis.

160 3031 220 3081 eins
238 3030 452 3093 obtrectatores,
472 3045 534 3121 pum
552 3031 635 3082 etiarn
654 3031 763 3098 publice
783 3032 841 3082 eius
859 3031 998 3082 eomedins
1012 3047 1079 3098 quas
1093 3033 1216 3083 ediderat
1228 3034 1299 3083 uitu-

159 3120 303 3181 perarent‚
336 3115 371 3165 ad
393 3115 549 3166 huiusmodi
572 3116 665 3166 studia
689 3117 829 3167 ardentius
853 3116 1027 3182 impulissent
1050 3113 1137 3184 [immo
1160 3118 1298 3168 obtrecta-

160 3205 234 3250 tores
253 3199 336 3250 etium
353 3182 485 3266 publice.
500 3236 506 3249 .
521 3201 747 3266 ,uituperarentz
767 3217 818 3266 quo
836 3207 929 3251 tamen
948 3217 1009 3252 eum
1028 3201 1064 3251 ad
1082 3201 1235 3252 huiusmodi
1249 3240 1255 3252 .
1270 3239 1297 3254 ..

159 3285 325 3350 impulerunt
343 3283 522 3350 oelsimilr'ler]
591 3285 670 3334 best
687 3301 733 3335 om.
754 3285 806 3334 AB
874 3285 906 3335 P.
925 3301 971 3336 om.
991 3285 1049 3335 ΒΜ
1122 3284 1184 3336 oet
1206 3287 1298 3338 Laelii

160 3371 293 3436 sapientis
313 3375 340 3419 ot
359 3369 388 3418 M
458 3369 512 3418 furi
529 3367 587 3433 puli
605 3367 639 3418 A.
659 3367 751 3434 rupilii
769 3367 835 3418 ΒΜ.
854 3369 930 3418 Furii
948 3369 1040 3419 Publii
1056 3373 1123 3420 vilae
1140 3371 1224 3422 eadee
1242 3376 1296 3438 qui·

159 3457 217 3505 dam
235 3471 252 3504 a
269 3453 473 3504 Lindenbruciu'o
491 3445 694 3503 commemoratus
712 3455 748 3504 ud
759 3455 884 3504 Donatum
901 3455 928 3503 in
946 3454 1053 3519 Adelplt.
1069 3459 1138 3519 prol.
1159 3459 1199 3508 15.
1219 3457 1299 3521 Apud

159 3545 239 3606 ipsum
262 3541 386 3590 Donatum
409 3539 508 3588 furium
531 3538 616 3604 pilum
639 3543 678 3589 est
699 3539 726 3588 in
750 3540 807 3589 eod.
826 3539 940 3590 Danielis
963 3545 989 3590 et
1010 3541 1052 3590 ed.
1074 3542 1172 3607 priua,
1197 3542 1297 3592 surium

159 3626 234 3690 pium
252 3627 276 3676 in
295 3625 434 3686 veteribus,
453 3624 564 3675 Furium
581 3625 709 3675 Publium
724 3629 783 3688 post
800 3627 923 3690 vulnotum
990 3624 1108 3677 isoeno
1126 3627 1151 3676 A
1220 3626 1297 3676 illum

160 3726 207 3762 om.
225 3711 284 3760 libri
353 3714 446 3760 sutem
463 3709 550 3760 lusius
563 3711 596 3760 A.
616 3714 708 3760 autem
726 3708 814 3760 lucius
833 3708 866 3758 B.
886 3709 1026 3760 turtullius
1043 3711 1076 3760 M
1141 3709 1296 3762 Bleniniua

160 3795 219 3846 ΒΜ
299 3795 357 3845 eius
376 3793 499 3845 aemulus
522 3794 555 3844 M
632 3791 795 3860 diuulgabat
817 3810 865 3845 om.
888 3796 913 3846 A
993 3793 1010 3846 9
1033 3793 1072 3862 et]
1095 3795 1143 3846 sed
1166 3797 1225 3846 libri

159 3897 215 3931 non
232 3895 298 3930 uere
318 3876 391 3947 eum]
410 3896 465 3930 non
483 3895 548 3930 uere
567 3879 604 3929 Μ.
625 3881 758 3946 rogauere
777 3880 811 3930 A.
830 3895 884 3930 non
902 3895 982 3931 ueros
1001 3879 1026 3930 B
1096 3879 1127 3930 10
1145 3883 1296 3947 exprimere

160 3963 212 4032 set]
232 3955 397 4030 exprimeret
409 3965 443 4015 A.
463 3965 614 4030 exprimere
633 3963 693 4016 ΒΜ
707 3961 751 4026 (de
765 3964 926 4030 Ptaeetur)⁸
979 3965 1067 4016 latins
1086 3963 1191 4032 lacere]
1209 3967 1237 4017 in
1255 3968 1295 4018 la-

160 4051 220 4101 tina
238 4051 310 4101 torre
329 4051 363 4102 A.
382 4051 412 4100 in
430 4049 519 4100 latina
537 4051 595 4100 loro
613 4049 672 4100 BM
688 4049 732 4114 (de
750 4050 896 4116 Ptneetur)
966 4049 995 4099 ll
1014 4065 1156 4117 moresque
1175 4051 1294 4104 Graeco-

160 4151 217 4186 rum
236 4135 269 4186 M
337 4134 368 4184 12
391 4135 483 4201 ibique
507 4136 531 4184 A
555 4132 631 4201 (Bi).
656 4135 695 4186 ibi
713 4135 770 4186 MP
836 4133 1016 4204 aliquamdiu]
1043 4136 1188 4203 compluris
1208 4153 1294 4188 annos
1320 4129 1327 4144 ⁸

160 4221 186 4270 P
260 4219 437 4270 menandrum
456 4225 484 4270 et
502 4219 682 4286 demophilum
699 4221 729 4270 in
746 4221 771 4270 P
843 4219 874 4272 13
892 4217 946 4287 set]
969 4225 996 4270 et
1018 4222 1077 4271 iibri
1146 4223 1177 4272 14
1194 4226 1293 4290 repeti·

160 4303 246 4370 turus]
265 4305 398 4370 petiturus
416 4305 477 4356 libri
544 4304 575 4356 15
592 4307 684 4356 neurim
702 4307 735 4356 A.
753 4307 855 4356 natril'
933 4307 1120 4370 composuitP
1185 4308 1292 4359 maleon

161 4389 218 4441 BP.
238 4390 360 4442 marioon
378 4391 412 4441 A.
438 4389 586 4441 meliorum
604 4391 692 4440 einum
714 4391 776 4441 dicit
793 4392 959 4450 Polemonos,
983 4391 1070 4442 sinum
1088 4389 1226 4458 lllyrieu'm
1243 4393 1291 4444 Pe·

161 4480 251 4527 iraron
320 4473 352 4526 16
363 4475 701 4542 ipse....oonstituerat
713 4477 798 4530 om.A
868 4475 915 4528 ubi
927 4481 956 4528 et
968 4477 1113 4528 nauemM
