3190 5098
709 429 813 472 carun
837 431 847 472 1
919 417 922 424 ‘
1293 415 1354 479 379

208 579 276 640 dem
294 579 325 640 ni
338 571 431 641 lallor
441 597 482 642 ex
494 579 619 642 scholiis
630 581 819 644 Horatianis.
846 581 925 664 quod
943 581 1094 646 emblema
1107 585 1137 644 in
1151 603 1246 648 causa
1259 585 1354 649 tuisse

182 704 184 713 ⁴
207 683 344 757 videtur,
367 692 401 742 nt
419 683 515 743 verba
529 683 640 766 quibus
663 685 734 744 olim
748 684 830 765 apud
846 683 1025 746 Suetonium
1038 686 1079 746 ad
1095 695 1228 747 saturam
1242 683 1352 751 transi·

206 795 256 846 tus
273 785 360 845 lieret
383 783 612 848 interciderent.
643 785 698 846 sed
716 807 835 850 conexa
848 787 925 848 haec
942 787 1038 849 tuisse
1055 789 1243 850 etiamnunc
1259 789 1352 872 dispi-

207 887 294 946 citur.
324 905 395 948 nam
412 906 479 948 cnm
494 887 613 948 iambus
630 905 752 952 carmen
770 889 953 952 maledicum
971 888 1104 965 dicatur,
1123 895 1353 954 commentario-

206 988 254 1048 lus
272 989 309 1049 de
330 997 432 1050 satura
448 989 493 1052 sic
509 991 631 1070 inobrit:
653 999 756 1052 soture
771 995 877 1052 dicitur
891 1011 1009 1052 carmen
1026 997 1107 1069 epact
1116 995 1262 1054 Romanos
1276 1013 1354 1057 acac

206 1095 320 1166 quidem
342 1093 519 1152 maledicum.
551 1091 635 1176 quod
657 1091 740 1153 haud
763 1093 970 1174 spernendum
992 1105 1039 1155 eet
1062 1095 1351 1158 indiciumsaturue

207 1193 363 1255 historiam
378 1191 587 1256 Suetonianae
603 1195 790 1276 praelationi
805 1195 995 1258 reddendam
1004 1189 1179 1270 esse,'lloet
1193 1200 1258 1260 eius
1269 1219 1352 1260 men·

208 1295 249 1354 tio
269 1296 348 1356 absit
363 1295 402 1356 ab
418 1297 647 1356 enumeratione
663 1299 834 1378 specierum
849 1300 972 1377 saepius
990 1297 1138 1358 adhibite.
1172 1300 1261 1362 aliter
1274 1299 1351 1361 iudi·

208 1396 337 1458 cundum
356 1405 403 1458 eet
419 1397 459 1458 de
475 1397 680 1480 disputatione
696 1400 886 1480 insequenti,
905 1420 965 1484 qua
983 1397 1155 1460 bucolicum
1171 1421 1268 1480 genus
1282 1423 1352 1484 per-

206 1508 363 1562 tractatur.
394 1497 474 1580 quod
496 1519 554 1565 nec
571 1511 818 1562 commemoratur
838 1501 871 1562 in
888 1501 1085 1582 discriptione
1101 1505 1267 1564 communis
1286 1522 1351 1565 car-

206 1603 296 1664 minis
316 1619 375 1662 nec
398 1611 520 1681 poterat
539 1601 632 1664 facile
655 1606 896 1678 commemorari,
917 1623 984 1666 cum
1005 1613 1039 1664 ut
1052 1605 1146 1665 Probi
1162 1605 1265 1666 verbis
1285 1615 1353 1666 utar

208 1706 339 1764 omnium
362 1701 484 1764 illerum
506 1705 676 1785 specierum
693 1705 848 1783 Vergilius
867 1705 989 1788 quidem
1010 1707 1134 1786 eclogas
1161 1707 1192 1766 in
1206 1695 1352 1770 bucolicis

206 1809 352 1886 posuerit.
385 1813 417 1866 ut
432 1807 564 1886 suspicio
586 1805 771 1880 suboriatur,
793 1807 975 1869 Diomedem
997 1807 1074 1868 haee
1099 1827 1138 1869 ex
1158 1811 1258 1870 veteri
1273 1830 1350 1870 com·

206 1910 357 1970 monterio
372 1905 569 1968 Suetonianis
585 1907 752 1970 addidisse.
781 1929 860 1990 quae
879 1911 1072 1972 confirmetur
1092 1908 1135 1971 ite
1151 1911 1352 1972 nt'duhitatio

208 2010 303 2072 omuis
318 2009 443 2070 tollatur
464 2010 508 2070 eis
525 2029 604 2090 quac
623 2011 654 2070 in
670 2013 730 2074 hue
748 2011 906 2090 leguntur:
923 2021 1032 2086 putaret
1052 2023 1145 2072 autem
1167 2019 1282 2088 quictem
1300 2017 1353 2075 hoc

205 2131 297 2190 penus
316 2117 454 2174 carminis
467 2117 596 2187 primum
617 2115 754 2189 Daphnin
771 2119 968 2188 conposuisse,
987 2119 1088 2174 dende
1104 2120 1175 2175 otios
1188 2119 1351 2191 conplures,

206 2222 375 2291 intorques
397 2217 578 2276 Theocritum
600 2217 832 2292 Syracusanam,
854 2234 938 2291 quem
959 2225 1057 2276 noster·
1083 2221 1219 2276 imitetur.
1255 2227 1353 2277 creater

209 2317 364 2396 Vergilius
379 2327 438 2391 est,
461 2319 514 2400 qui
528 2338 589 2378 nou
603 2319 702 2398 potuit
719 2319 764 2378 sic
786 2317 915 2378 indicari
935 2318 996 2378 uisi
1015 2318 1046 2378 in
1063 2317 1204 2394 scholiis,
1225 2317 1278 2380 ubi
1298 2337 1352 2398 pa·

208 2429 289 2482 teret
303 2417 342 2480 ad
359 2439 451 2500 quem
469 2418 545 2479 haec
563 2420 745 2498 significatio
761 2419 924 2480 referenda
938 2429 1031 2480 esset.

294 2522 379 2602 Quas
396 2521 650 2602 interpolationes
665 2539 768 2584 omnes
785 2541 824 2582 ex
838 2521 924 2582 honis
936 2521 1110 2583 auctoribus
1127 2530 1267 2602 receptas
1284 2541 1352 2584 esse

194 2625 346 2707 adparet.
374 2623 501 2685 sednon
517 2625 701 2704 temperavit
711 2624 770 2686 sibi
783 2623 966 2696 Diomedes,
983 2625 1057 2706 quin
1072 2623 1110 2685 de
1121 2643 1175 2684 suo
1188 2623 1351 2686 Suetonio·

207 2746 278 2790 uam
294 2725 530 2808 disputationem
546 2737 687 2808 augeret,
707 2725 805 2786 veluti
820 2727 881 2800 eis,
905 2745 984 2806 quae
1008 2727 1039 2785 in
1060 2724 1121 2788 line
1138 2727 1298 2788 commenti
1313 2727 1352 2790 de

209 2831 311 2909 elegia
324 2851 355 2910 p.
373 2839 405 2894 19
419 2829 569 2907 leguntur.
607 2829 645 2890 ot.
661 2845 740 2910 quas
756 2849 786 2909 p.
805 2839 836 2894 15
855 2849 874 2888 a
886 2829 991 2890 verbis
1009 2826 1138 2890 Suetoni
1155 2829 1279 2892 seclusi.

293 2931 381 2992 Haeo
404 2931 511 2990 hebuit
536 2928 699 2992 Suetonius
718 2951 799 3012 quae
819 2931 1012 3013 praeferetur
1027 2929 1105 2990 libro
1129 2929 1168 2991 de
1184 2933 1298 3011 poetis,
1322 2934 1352 2992 in

209 3035 318 3117 quibus
337 3053 405 3096 eum
419 3033 554 3094 Probum
568 3034 757 3114 potissimum
775 3041 930 3096 auctorem
944 3031 1087 3096 habuisse
1104 3051 1196 3112 supra
1210 3033 1352 3095 vidimus.

208 3154 309 3218 neque
329 3144 433 3198 tamen
454 3135 512 3196 hoc
537 3137 583 3224 sio
604 3137 739 3218 accipias
757 3135 867 3209 velim,
889 3136 978 3216 qnasi
997 3133 1161 3196 Suetonius
1176 3135 1252 3196 nihil
1266 3135 1353 3196 aliud

209 3241 321 3318 egerit,
343 3259 434 3320 quam
455 3247 490 3298 ut
510 3257 549 3300 ex
575 3237 705 3298 dirersis
727 3237 915 3298 diversorum
934 3245 1106 3318 poematum
1129 3239 1353 3298 commentariis

209 3361 301 3402 uuum
321 3341 396 3402 artie
418 3341 559 3420 poeticae
583 3359 690 3418 corpus
714 3339 912 3401 concinnarit.
952 3338 1008 3399 sed
1029 3347 1131 3398 tamen
1154 3356 1215 3419 qua
1235 3341 1352 3398 ratione

209 3445 341 3504 Probum
358 3441 546 3518 adhibuerit,
570 3463 650 3501 nunc
677 3437 800 3522 quidem
821 3449 962 3502 accurate
980 3438 1099 3500 definiri
1120 3441 1236 3520 nequit.
1273 3459 1352 3500 com·
1447 3505 1454 3518 ,

208 3565 315 3608 munes
333 3555 434 3606 autem
449 3545 607 3626 utriusque
624 3551 765 3604 auctores
780 3551 903 3622 praetor
918 3541 1078 3602 Horatium
1094 3539 1132 3601 de
1151 3549 1216 3602 arte
1231 3544 1354 3623 poetica

208 3649 307 3710 Varro
330 3656 360 3707 et
380 3647 613 3726 Theophrastus
633 3646 764 3706 fuerunt.
798 3663 926 3725 qnorum
950 3643 1033 3704 illius
1057 3645 1223 3706 auctoritas
1244 3653 1355 3728 quater

210 3749 347 3812 adfertur
363 3745 410 3830 (p.
426 3758 459 3824 6,
479 3761 504 3812 5.
520 3757 552 3822 7,
570 3755 610 3812 rt.
629 3757 677 3819 te,
696 3757 736 3810 ta.
753 3754 801 3823 21,
817 3743 850 3828 a)
866 3755 895 3807 et
909 3739 1008 3806 altero
1026 3743 1150 3828 quidem
1164 3744 1232 3806 loco
1247 3743 1352 3807 titulos

210 3849 278 3912 libri
296 3849 433 3912 additur:
469 3859 511 3910 eet
532 3859 628 3910 cutem
649 3853 703 3910 too
719 3855 845 3926 positum
865 3854 895 3908 ta
913 3853 1045 3908 secondo
1059 3851 1131 3908 lthro
1156 3837 1353 3924 quaestionum

210 3957 420 4014 Plautinorum.
459 3953 499 4013 ad
521 3951 767 4033 Theophrastum
786 3951 882 4013 semel
902 3949 1024 4032 quidem
1043 3951 1222 4012 nominatim
1243 3968 1353 4031 provo·

212 4065 311 4130 catur,
327 4054 381 4116 sed
398 4056 571 4116 accuratius
586 4075 650 4116 rem
664 4055 841 4138 inspicienti
857 4053 980 4114 duhinm
996 4073 1065 4114 esse
1078 4069 1137 4114 non
1149 4037 1263 4132 potest,
1280 4053 1354 4134 quin

211 4177 413 4239 quaeeunque
432 4157 597 4218 denatura
615 4157 804 4236 singulorum
824 4175 970 4237 generum
994 4153 1135 4216 dicautur
1154 4173 1192 4216 en
1213 4174 1250 4214 eo
1266 4175 1354 4234 repe-

211 4259 305 4320 tonde
329 4259 396 4320 sint.
438 4279 547 4320 nornen
569 4259 649 4320 euim
672 4258 843 4320 definitioni
865 4255 1042 4336 tragoediae
1064 4255 1245 4338 adponitur:
1292 4265 1353 4316 tra·

210 4365 312 4438 poscito
327 4372 370 4422 est
384 4365 518 4422 heroicae
533 4363 672 4436 fortunae
686 4365 717 4420 in
732 4365 867 4420 aduersis
877 4363 1092 4436 conprehensio.
1120 4381 1148 4446 op
1157 4361 1355 4435 theophrosto

210 4469 252 4524 ito
273 4466 391 4541 &finito
409 4473 467 4524 eet:
480 4461 643 4548 ’τραγῳδία
663 4459 746 4523 ἐστὶν
761 4453 896 4544 ἡρωικῆς
910 4455 1003 4542 τύχης
1020 4459 1198 4542 molescere.
1230 4479 1310 4543 quae
1328 4459 1355 4521 si
