3138 5100
531 349 533 354 ’
595 357 607 378 0

505 411 533 450 r.
550 409 729 452 urrsousmr
745 409 988 472 eouunprsnrvs
1123 449 1125 455 ,
1155 475 1159 484 ¹
1196 411 1199 418 ·
1250 393 1306 456 521

173 571 348 635 manarunt,
364 561 483 622 effinxit
503 560 589 620 nihili
604 562 783 643 scripturam
800 566 863 621 ucri
875 565 969 622 dolore
986 583 1021 622 ac
1036 567 1133 624 taedio.
1163 565 1243 626 Nem
1261 535 1307 626 ¹ni·

173 663 216 724 hii
235 673 268 724 ut
288 663 387 724 dicem
410 662 448 722 de
464 663 606 742 ambigue
629 665 839 726 conlocatione
861 670 925 724 ocri
946 665 1104 740 adiectivi‚
1128 666 1210 750 quod
1231 669 1310 729 inter

173 766 308 828 morbum
330 775 361 826 et
376 765 509 826 dolorem
524 766 641 828 incerta
663 768 885 828 constructione
901 776 1039 844 vagatur,
1055 769 1152 847 ipsam
1167 788 1205 829 cx
1217 759 1308 850 prae·
1385 813 1387 818 -

173 869 352 952 positionem
373 869 451 928 haee
465 867 587 949 quidem
610 871 762 930 sententia
780 869 916 949 postulat
933 873 1118 932 necessario.
1146 871 1217 932 Non
1235 893 1309 932 sene

173 991 301 1056 usquam
318 969 495 1044 Suetonius,
520 991 585 1032 cum
604 973 773 1054 quempiam
792 973 948 1054 quippiam
972 973 1075 1033 facere
1098 973 1220 1050 dolore,
1245 983 1308 1036 tue·

174 1077 239 1148 dio,
260 1083 343 1134 metu
365 1072 522 1134 declarare
540 1075 606 1135 vult
627 1074 818 1154 simpliciter,
837 1073 869 1134 id
892 1073 1013 1134 adiecta
1035 1093 1073 1134 err
1094 1076 1215 1136 notione
1236 1076 1310 1137 dicit

174 1175 273 1260 (velut
294 1195 362 1237 cum
383 1176 523 1236 Servium
538 1180 650 1250 pudore
672 1196 707 1236 oc
730 1181 817 1238 taedio
839 1183 983 1236 reomense
1002 1181 1037 1236 ab
1058 1181 1125 1237 urbe
1143 1189 1247 1240 narrat
1270 1179 1309 1240 de

173 1299 298 1359 gramm.
315 1279 362 1356 3):
380 1276 435 1338 sed
449 1277 584 1338 morbum
600 1299 668 1338 eum
683 1278 806 1339 vellete
821 1278 926 1339 dolore
940 1289 1037 1340 ortum
1049 1279 1161 1354 dicere,
1176 1280 1310 1342 debebat

173 1381 311 1460 profecto
327 1383 460 1440 ‘morbum
474 1398 512 1440 eor
525 1383 715 1454 dolore',·nisi
731 1381 835 1441 addito
851 1383 1011 1462 participio
1029 1381 1141 1444 ‘dolore
1158 1383 1307 1457 effectum’

173 1483 280 1544 maliet
294 1483 345 1543 vel
363 1465 512 1546 similiter.
549 1483 640 1562 Quod
660 1482 782 1566 quidem
798 1485 932 1544 sentiens
946 1483 1076 1544 Botbius
1096 1505 1164 1545 cnm
1179 1495 1308 1566 utroque

173 1587 288 1646 secieto
306 1584 455 1646 vocabulo
474 1587 519 1646 sio
534 1587 657 1666 scripsit
676 1589 769 1644 morbo
786 1589 944 1662 implicitum
963 1591 1026 1644 ucri
1041 1604 1080 1646 cc
1094 1590 1189 1647 dolore
1202 1607 1238 1646 ac
1251 1597 1307 1647 tue·

173 1693 225 1760 dio,
243 1709 303 1748 non
318 1688 416 1765 magis
430 1687 542 1766 placet.
565 1688 639 1748 Sive
658 1689 737 1748 enim
755 1708 821 1748 cum
838 1691 932 1748 morbo
947 1689 1012 1750 sive
1028 1709 1095 1748 erun
1111 1693 1205 1748 dolore
1220 1691 1308 1752 strui·

174 1799 222 1851 tur
243 1795 306 1849 ucri
325 1789 525 1864 adieetivum,
553 1789 679 1872 perinde
702 1792 806 1870 inepto
833 1789 969 1870 pondere
996 1793 1177 1852 sententiam
1203 1804 1309 1854 onerat

173 1893 373 1974 postpositum
392 1893 552 1973 participio
574 1913 610 1952 ae
635 1894 854 1972 praepositioni
878 1896 1091 1973 antepositum.
1125 1895 1204 1954 Nolo
1229 1897 1309 1956 enim

175 1997 206 2054 in
222 2015 259 2054 co
275 1992 402 2055 haerere
417 1995 497 2074 quod
516 2013 631 2072 prauum
653 1997 754 2074 potius
768 1993 903 2056 morbum
925 1996 1004 2055 solet
1019 1995 1185 2056 Suetonius
1206 1997 1308 2058 dicere

172 2107 206 2158 ut
227 2096 296 2156 Tib.
318 2083 362 2162 Π.
385 2095 478 2176 Vesp.
501 2107 533 2172 2,
559 2117 621 2156 non
646 2113 740 2157 acrem
765 2106 798 2157 ut
816 2097 945 2158 Plautus
967 2097 1176 2159 Menaechmis
1194 2121 1225 2160 v.
1246 2083 1309 2162 Sit.
1380 2099 1386 2114 ‘

139 2205 149 2214 “
175 2198 294 2278 Quodsi
313 2201 381 2279 quis
403 2197 487 2260 alind
509 2219 615 2260 eruere
638 2199 801 2260 ePerisini
823 2200 968 2259 memoria
989 2201 1122 2260 animum
1143 2199 1307 2274 induxerit,

172 2321 264 2361 unum
283 2301 341 2360 boe
360 2301 500 2362 relictum
523 2313 569 2361 est
591 2310 624 2361 ut
644 2304 738 2361 morbo
753 2305 920 2376 implicatum
933 2319 1008 2376 proc
1022 2305 1116 2362 delore
1135 2301 1244 2380 probet
1263 2301 1309 2380 (ut

175 2403 246 2465 Oth.
265 2401 326 2482 12):
350 2403 431 2486 quod
452 2423 523 2463 num
547 2404 587 2464 sit
603 2402 762 2483 probabile
782 2403 812 2462 in
835 2421 870 2462 uc
890 2420 928 2461 em
945 2412 1118 2484 corruptum
1134 2423 1220 2477 esse,
1241 2403 1308 2483 ipse

175 2505 298 2568 viderit.
605 2504 609 2510 ’
833 2557 841 2570 .

257 2607 333 2686 Peg.
347 2607 401 2680 88,
416 2607 436 2667 2
451 2611 628 2664 sarcinarum
645 2605 736 2666 etiam
752 2607 882 2685 scriptor
896 2607 978 2666 vitae
996 2605 1218 2666 Ambrosieuae
1232 2605 1309 2686 legit

172 2715 301 2770 secunus
319 2712 488 2794 fundusque
508 2707 539 2766 in
560 2727 669 2768 navem
691 2708 846 2788 impositas
870 2727 1055 2768 memorans:
1079 2707 1131 2768 ubi
1151 2713 1309 2768 sarcinulas

119 2857 121 2862 ,
173 2815 320 2874 Petrarca
341 2831 408 2870 cnm
423 2809 594 2872 Polentono
616 2809 738 2872 habent.
775 2811 843 2870 Nec
862 2809 945 2870 aliud
967 2810 1101 2871 voluisse
1120 2807 1309 2890 Stephanum

173 2915 320 2996 suspicor,
335 2911 444 2973 calami
459 2921 574 2974 tentum
590 2913 641 2973 vel
656 2913 837 2994 typothetae
852 2932 954 2973 errore
968 2913 1027 2973 nisi
1043 2912 1135 2972 fallor
1148 2923 1309 2989 suturarum

174 3017 402 3098 exprimentem.

258 3117 376 3178 Ibidem
393 3123 422 3178 r'u
439 3136 539 3178 nauem
561 3117 642 3199 quod
655 3117 785 3178 Rothius
807 3117 925 3198 recepit
940 3137 981 3178 ex
995 3120 1035 3191 A,
1053 3115 1167 3176 factum
1185 3117 1308 3178 nollem.

172 3222 251 3282 Nam
269 3222 301 3280 in
321 3239 431 3281 navem
454 3221 648 3301 praemisisse
671 3221 808 3280 sarcines
830 3222 855 3280 is
874 3229 990 3281 tantum
1011 3227 1095 3280 recte
1117 3217 1227 3278 dicitur
1247 3219 1309 3300 qui,

173 3325 204 3384 in
226 3322 314 3383 litore
340 3332 459 3382 restans
488 3341 668 3401 parumper,
699 3341 767 3382 eam
789 3341 900 3382 navem
921 3324 987 3401 ipse
1005 3340 1225 3382 conscensurus
1245 3331 1307 3382 est:

173 3445 251 3506 quae
276 3424 425 3506 quomodo
451 3424 568 3504 perire,
593 3423 725 3484 nondum
750 3443 873 3502 egresse
898 3433 1001 3502 portu,
1026 3423 1147 3504 potnit?
1182 3423 1309 3484 Rectius

171 3547 237 3588 reru
255 3529 348 3588 menti
361 3547 435 3587 snas
450 3527 579 3606 scriptor
593 3526 676 3586 vitae
692 3525 912 3586 Ambrosianus
928 3524 1126 3599 informabat,
1148 3535 1307 3606 quantum-

172 3631 260 3691 vis‘is
276 3637 510 3690 commentorum
531 3627 627 3688 serax.
646 3661 688 3671 —
712 3629 855 3689 Ceterum
869 3647 943 3688 nuuc
963 3628 1168 3709 potiusquam
1184 3632 1252 3688 nuru
1270 3643 1319 3686 ex·

171 3731 247 3794 naui
262 3731 389 3804 efficias,
405 3740 439 3790 ut
451 3730 509 3791 Iul.
521 3739 564 3794 52.
583 3731 664 3809 Aug.
681 3739 721 3794 n.
737 3729 808 3793 Tib.
826 3741 867 3794 14.
880 3731 943 3791 Tit
959 3743 976 3796 5
991 3738 1023 3790 et
1036 3731 1175 3804 sortasse,
1194 3729 1232 3790 de
1248 3747 1308 3810 quo

172 3855 287 3915 anceps
301 3833 455 3908 iudicium,
470 3833 528 3893 Iul.
543 3841 585 3898 66·
624 3833 727 3894 Semel
741 3841 857 3894 tanturn
873 3834 904 3892 iu
919 3833 1102 3914 Memmiano
1119 3833 1225 3894 codice
1240 3853 1306 3913 pro·
1392 3867 1394 3873 ,

173 3935 269 3997 ditum
283 3943 352 3996 noui
363 3937 484 4016 reperio
499 3935 580 4015 Aug.
596 3943 645 4008 98,
661 3943 824 4014 praeterea
842 3934 881 3995 de
896 3935 973 3996 rhet.
992 3946 1004 3998 l
1023 3943 1100 3994 extr.

257 4039 356 4100 Versu
376 4038 396 4100 b
422 4043 450 4097 iu
472 4043 518 4098 uia
533 4042 624 4113 Appia
643 4039 823 4118 pravissimo
845 4036 981 4097 instituto
997 4037 1203 4111 Burmannus,
1225 4035 1308 4117 quod

172 4141 265 4202 etium
298 4142 393 4218 magis
424 4141 531 4200 mirum
562 4137 811 4220 Oudendorpium
842 4159 993 4200 servasse.
1044 4136 1217 4221 Numquam
1247 4158 1309 4198 non
1421 4129 1425 4148 '

172 4245 284 4304 omissa
309 4242 535 4324 praepositione
559 4241 678 4302 locutus
695 4241 875 4302 Suetonius:
898 4247 945 4300 uio
963 4243 1054 4317 Appii
1070 4238 1179 4302 Claud.
1202 4251 1231 4316 l,
1253 4242 1307 4302 vit.

172 4344 271 4406 Persii
293 4343 389 4422 (cuius
410 4345 561 4404 recentior
583 4342 703 4403 demum
722 4344 872 4423 interpres
896 4341 976 4424 apud
997 4343 1136 4402 Iahnium
1156 4364 1187 4422 p.
1208 4351 1259 4408 239
1279 4347 1307 4402 iu

172 4444 321 4524 addidit),
341 4446 411 4506 item
427 4447 459 4506 in
473 4446 539 4506 vita
552 4445 644 4506 Ennii
660 4444 742 4528 apud
756 4446 993 4526 Hieronymum,
1016 4444 1068 4508 vel
1083 4449 1176 4522 Appru
1191 4444 1305 4526 simpli-
