3174 5068
560 411 604 452 na
627 411 715 452 nuuc
738 409 942 453 aousuouvu
1263 391 1322 454 163

175 579 314 644 corpus,
345 579 387 622 ex
410 557 571 622 Mercurio
593 556 739 642 linguam
762 565 794 622 et
816 556 1026 644 sapientiam,
1050 577 1093 618 ex
1116 553 1244 620 Venere
1267 577 1323 620 uo-

174 659 352 745 luptatem,
373 681 415 722 ex
435 657 539 722 Marte
561 657 735 739 feruorem,
755 681 796 722 ex
819 658 898 722 Ioue
919 658 1176 743 temperantiam,
1199 679 1242 720 ex
1265 655 1322 722 Sa·

175 771 275 824 turno
297 758 495 824 tarditatem.

264 875 389 925 nausis
409 869 461 925 est
474 859 605 924 luminis
625 859 749 924 lunaris
766 861 920 925 circuitus
935 881 974 922 ac
994 857 1229 942 redintegratio
1249 861 1320 922 siue
1334 855 1345 924 l
1359 851 1433 934 18*

151 987 211 1026 su
226 983 314 1026 noua
332 963 372 1026 ad
392 983 522 1026 nouam.
551 963 677 1049 antiqui
692 971 799 1026 autem
818 961 984 1026 mensibus
1007 960 1140 1024 nomina
1162 961 1321 1049 quaedam

175 1063 314 1144 exiliis,
338 1063 496 1150 quaedam
514 1085 555 1126 ex
576 1065 724 1143 causiss,
745 1063 904 1149 quaedam
920 1083 997 1126 uero
1019 1084 1060 1126 ex
1073 1081 1209 1127 numero
1232 1061 1321 1148 inpo-

177 1172 316 1229 suerunt
345 1166 539 1252 incipientes
563 1187 583 1228 a
605 1164 741 1245 Martio,
771 1165 850 1251 quia
875 1187 917 1229 ex
939 1164 1010 1248 ipso
1042 1163 1119 1226 anni
1143 1163 1321 1227 exorientis

175 1265 326 1330 ordinem
343 1275 567 1330 seruauerunt.
604 1267 689 1330 hunc
705 1275 814 1330 autem
836 1283 998 1330 unarlvu
1021 1273 1151 1352 propter
1168 1263 1321 1328 honorem

177 1365 310 1430 Romuli
335 1369 382 1431 sic
403 1367 661 1454 appellauerunt,
682 1369 759 1453 quia
782 1389 854 1431 eum
871 1367 987 1430 Martis
1008 1365 1110 1429 lilium
1126 1385 1198 1430 esse
1220 1365 1323 1429 credi·

140 1497 167 1536 ιο
178 1469 309 1534 derunt.
351 1485 505 1533 arternum
527 1491 605 1534 uero
627 1469 715 1534 nullo
736 1469 868 1532 deorum
891 1470 1021 1532 nomine
1039 1468 1097 1531 sed
1121 1465 1160 1530 de
1182 1489 1216 1530 re
1230 1487 1323 1552 prop·

178 1609 252 1674 poris
271 1608 401 1658 amicitur
419 1623 542 1670 accessu,
561 1609 609 1658 sed
629 1613 656 1658 et
674 1608 797 1672 singulos
816 1612 918 1670 motus,
935 1622 1000 1672 quos
1019 1607 1046 1656 in
1066 1605 1195 1654 exercitio
1214 1610 1257 1654 cst
1274 1605 1325 1690 hm

181 1677 280 1736 tritura,
300 1675 438 1742 producit:
458 1677 487 1726 iu
506 1677 617 1726 Saturni
636 1676 877 1726 ratiocinationem
891 1680 920 1724 et
937 1673 1171 1739 intellegentiam,
1192 1673 1260 1737 quod
1275 1673 1318 1722 lo-

178 1735 307 1808 γιστικὸν
319 1749 346 1792 et
359 1737 537 1809 θεωρητικὸν
549 1751 664 1793 uocant:
679 1744 706 1792 in
719 1743 793 1792 louis
806 1743 861 1793 uim
875 1741 987 1808 agendi,
1001 1741 1070 1806 quod
1083 1753 1241 1804 προσηκον
1254 1741 1321 1789 ‹lici-

179 1819 234 1860 tur:
255 1812 284 1859 in
303 1812 400 1862 diariis
420 1813 603 1861 animositatis
623 1811 760 1871 ardorem,
781 1812 851 1875 quod
870 1803 998 1875 θυμικὸν
1022 1807 1208 1874 nuncupatur:
1234 1809 1261 1858 in
1280 1823 1321 1858 so-

178 1880 213 1929 lis
236 1879 377 1928 sentiendi
400 1878 584 1943 opinandique
608 1884 751 1940 naturam,
781 1879 850 1943 quod
874 1869 1047 1943 αἰσθητικὸν
1076 1883 1103 1926 ot
1128 1870 1323 1941 quaternaria

179 1947 336 2012 appellant:
361 1947 492 1997 desiderii
515 1963 581 1996 uero
603 1951 717 2008 motum,
742 1946 813 2011 qaod
837 1937 1047 2011 ἐπιθυμητικὸν
1065 1951 1193 2006 uocatur,
1219 1945 1246 1992 in
1269 1945 1322 1993 Ve-

178 2016 266 2064 neris:
291 2015 485 2079 pronuntiandi
510 2019 539 2064 et
562 2015 762 2080 interpretandi
787 2029 856 2078 quae
881 2016 999 2075 sentiat,
1024 2013 1093 2078 quod
1119 2003 1323 2077 ἑρμηνευτικὸν

178 2082 291 2143 dicitnr,
310 2083 339 2130 in
356 2083 421 2132 orbe
440 2081 583 2132 Mercurii:
603 2075 724 2147 φυσικὸν
737 2098 810 2145 uero,
829 2083 857 2132 id
873 2088 916 2132 eet
928 2087 1052 2131 naturam
1072 2080 1217 2144 plantandi
1235 2085 1262 2128 et
1276 2095 1322 2128 aa·

178 2149 263 2216 gandi
276 2165 401 2214 corpora,
414 2151 442 2200 iu
455 2151 580 2216 ingressu
594 2150 668 2215 globi
681 2151 785 2199 lunaris
798 2148 928 2200 exercet)
942 2176 970 2184 —-
985 2149 1021 2198 ci.
1034 2153 1180 2214 praeterea
1192 2147 1321 2196 l‘hilastr.

178 2217 212 2266 de
231 2217 308 2266 haer.
324 2233 347 2267 c.
362 2217 478 2280 Lxr111,
499 2220 544 2282 qui
567 2219 741 2282 planetarum
758 2219 868 2267 nomina
888 2218 922 2267 ab
941 2217 1070 2266 licrmcte
1089 2215 1124 2264 ad
1142 2215 1201 2264 dies
1219 2214 1322 2264 lrcbdo-

179 2285 268 2336 madia
285 2285 423 2336 translata
442 2300 502 2335 esse
521 2287 616 2348 refert,
635 2286 757 2336 Lobeck.
777 2283 911 2350 Aglaoph.
931 2302 956 2349 p.
975 2281 1034 2332 1133.

267 2349 338 2406 118*
349 2353 471 2402 Isidorus
484 2353 517 2402 de
530 2360 629 2403 natura
642 2369 730 2403 rerum
745 2354 812 2402 illl:
834 2353 885 2402 ‘lle
904 2351 1053 2401 mensibus.
1073 2350 1202 2399 Mensis
1221 2353 1272 2399 est

178 2437 311 2471 nouam.
348 2422 426 2470 cuiue
444 2421 531 2486 figura
549 2422 707 2487 plerumque
726 2421 806 2470 hunius
829 2422 905 2470 uitae
925 2435 1019 2469 cursus
1042 2418 1227 2482 intellegitur,
1253 2433 1322 2482 quac

178 2490 236 2539 anis
260 2489 436 2540 incrementis
460 2489 539 2553 quasi
562 2490 664 2539 mensis
687 2490 829 2554 peragitur
853 2504 885 2537 ac
910 2485 1143 2538 ‹lemiuutionilurs
1162 2485 1323 2534 certissimis

179 2557 352 2608 terminatur.
381 2571 501 2606 mensem
521 2563 611 2606 autem
625 2557 732 2621 antiqui
745 2555 923 2606 definierunt:
943 2553 1079 2616 Quamdiu
1097 2553 1162 2602 luna
1180 2553 1322 2602 zodiacum

180 2621 1322 2689 circulumperducit.autiquiautemgentilesmensibusncmina...ins-

179 2694 333 2742 tituisse.
354 2691 382 2740 in
401 2691 539 2742 codicibus
558 2699 649 2742 autem
662 2699 818 2742 sanctarum
836 2693 1031 2756 scripturarum
1050 2689 1103 2738 lili
1116 2704 1223 2738 menses
1237 2688 1322 2738 luisse
1419 2729 1423 2739 .

180 2761 247 2810 anni
266 2761 349 2809 etiarn
369 2765 433 2810 ante
452 2758 584 2809 diluuium
603 2760 791 2810 ostenduntur.
827 2762 867 2810 sie
887 2759 960 2810 onim
978 2759 1017 2807 ibi
1035 2757 1148 2822 legitur:
1178 2757 1257 2821 Aqua
1276 2771 1322 2806 aar·

179 2837 235 2877 tem
255 2827 430 2876 minuebatur
447 2842 533 2893 usque
552 2828 586 2877 ad
604 2829 776 2878 undecimum
796 2844 925 2877 mensem.
956 2825 1100 2876 undecimo
1119 2829 1211 2874 alitem
1230 2820 1324 2876 mense

179 2895 332 2962 primydic
353 2895 454 2944 mensis
473 2901 659 2960 apparuerunt
678 2898 823 2946 cacumina
841 2895 980 2945 montium.
1012 2895 1052 2943 sic
1072 2893 1143 2942 euim
1162 2897 1227 2941 tunc
1246 2891 1322 2942 dinu-

180 2965 359 3014 merabantur
377 2979 484 3012 menses
503 2963 575 3013 sicut
595 2969 622 3012 et
640 2979 712 3013 nunc
731 2964 779 3014 sed
798 2980 850 3012 non
870 2978 937 3028 quos
949 2962 1092 3012 Kalendae
1112 2959 1159 3010 sed
1179 2975 1245 3024 quos
1259 2959 1323 3008 luna.

180 3035 281 3096 coepta
300 3039 327 3079 et
346 3030 424 3080 linita
442 3031 588 3081 concludit.
620 3031 797 3081 Kalendas
816 3038 926 3080 autam
999 3029 1226 3094 principium,
1253 3027 1323 3092 aliud

179 3099 326 3148 Hebraeos
340 3103 431 3148 autem
450 3115 483 3148 cx
496 3098 577 3148 lunae
596 3102 738 3150 nascentis
755 3115 877 3150 recursu.
901 3099 988 3164 apud
999 3096 1190 3161 Aegyptios
1210 3103 1323 3146 autem

232 3172 450 3216 memoratum
464 3165 536 3216 est!
550 3167 669 3216 Isidorus
681 3169 769 3232 origg.
780 3165 852 3229 V33,
868 3166 941 3231 leq:
956 3165 1068 3216 ‘Mensis
1081 3179 1178 3213 nomen
1188 3169 1230 3214 est
1244 3179 1323 3228 grae·
1414 3163 1417 3170 '

180 3249 242 3284 cnm
261 3234 295 3284 dc
313 3233 395 3284 lunae
414 3236 522 3283 nomine
542 3239 666 3285 tractum.
697 3236 763 3285 luna
782 3237 853 3286 enirn
872 3229 929 3300 μὴν
947 3249 1048 3298 graeco
1060 3248 1183 3282 sermone
1196 3237 1323 3282 uocatur:

179 3303 252 3352 unde
267 3307 295 3351 et
308 3301 380 3366 apud
393 3301 538 3352 Hebraeos
550 3319 657 3354 meuses
676 3301 793 3368 legitimi
812 3318 865 3352 non
879 3318 911 3352 ex
930 3300 995 3352 solis
1013 3301 1117 3350 circulo
1135 3299 1183 3350 sed
1197 3315 1228 3348 ex
1242 3299 1323 3348 lunae

180 3385 263 3420 cursu
281 3376 488 3432 enumerantur,
514 3371 560 3434 qui
584 3376 625 3420 est
644 3369 676 3420 de
695 3385 767 3420 norm
786 3371 821 3419 ud
839 3385 948 3420 nouam.
983 3369 1115 3434 Aegyptii
1134 3373 1226 3416 autem
1244 3367 1322 3430 primi

179 3443 292 3504 propter
310 3438 392 3487 lunao
412 3437 576 3488 uelociorem
595 3453 701 3487 curruum
721 3446 749 3487 et
767 3454 801 3488 ne
821 3455 895 3488 error
913 3436 1123 3502 eomputationis
1146 3435 1203 3483 eius
1221 3433 1322 3484 uelaui-

91 3493 101 3512 ⁸
179 3513 240 3556 tate
260 3503 401 3556 accideret
420 3521 453 3554 ex
470 3506 535 3556 solis
552 3507 717 3556 crrrsudiem
730 3507 831 3556 mensis
845 3505 1057 3555 adiuueneruut:
1077 3503 1203 3566 quoniam
1221 3501 1324 3551 tardior

179 3572 247 3624 solia
258 3577 347 3624 motas
359 3572 470 3622 facilius
481 3579 590 3638 poterat
603 3572 816 3638 comprehendi.’
830 3599 863 3608 -·
887 3573 1019 3622 Geminus
1031 3572 1072 3620 isa
1095 3607 1101 3618 .
1113 3570 1164 3618 VI:
1184 3561 1255 3634 Μήν
1267 3561 1321 3619 terr

181 3635 284 3708 χρόνος
306 3631 364 3690 οἷπό
384 3633 509 3691 συνόδου
529 3633 575 3691 inl
593 3633 731 3703 σύνοδον,
757 3631 777 3707 ri
794 3633 852 3691 ἀπὸ
869 3631 1049 3704 πανσελήνου
1069 3586 1115 3688 ἐπὶ
1134 3631 1322 3702 πανσέληνον.

183 3711 269 3758 Varro
286 3709 319 3758 L.
340 3711 371 3758 L.
389 3709 427 3758 vi
449 3707 492 3757 10:
513 3709 624 3760 ‘mensis
643 3726 660 3758 a
679 3710 760 3758 lunae
780 3715 854 3759 motu
872 3709 971 3768 dictus,
990 3707 1052 3754 ‹lurn
1069 3705 1103 3755 ab
1122 3705 1179 3755 sole
1197 3705 1324 3771 profecta

182 3793 275 3826 rursus
293 3777 365 3826 redit
383 3777 417 3825 ad
437 3791 497 3826 eum
516 3777 594 3841 luna,
614 3777 685 3842 quod
705 3777 811 3828 Graece
830 3777 892 3827 olim
912 3775 987 3824 dicta
1005 3766 1094 3840 μήνη,
1119 3774 1191 3823 uude
1216 3773 1322 3822 illorum

182 3871 382 3883 ........--...—

271 3927 282 3976 l
299 3910 492 3973 mercorioB¹
510 3908 524 3998 11
539 3916 644 3992 lingua
659 3917 687 3972 Β
701 3913 714 3996 11
731 3911 881 3994 sapientei
894 3935 908 3972 s
921 3910 955 3970 Λ1
973 3911 1173 3991 sapienteiarn
1187 3907 1226 3968 Α2
1240 3904 1254 3991 11
1269 3929 1322 3968 uo·

181 4001 338 4059 lumtatem
355 3996 393 4058 Β1
412 3997 425 4082 11
439 4009 456 4062 t
469 3999 528 4059 hac
544 4003 571 4057 Β
586 3997 599 4082 11
614 4003 690 4060 remi
707 4001 803 4079 gratio
819 4005 857 4073 al.
874 3996 917 4081 115
935 4017 953 4055 a
971 4017 1051 4056 nona
1066 3995 1105 4054 ad
1124 4016 1234 4055 nouam
1258 4015 1320 4054 cur·

182 4106 232 4144 sus
242 4091 315 4144 coni.
328 4089 455 4144 Griuiius
468 4079 480 4166 11
494 4085 693 4144 adnouatioB
707 4083 720 4169 11
735 4087 918 4166 nominaque
933 4087 955 4140 A
971 4078 984 4164 11
999 4091 1016 4145 6
1030 4081 1086 4140 diis
1097 4082 1160 4140 suia
1170 4076 1322 4156 Isidorusll

184 4190 221 4228 ex
246 4172 348 4229 causis
372 4169 559 4230 naturalibus
582 4175 645 4227 olim
668 4173 761 4246 fuisse
782 4188 862 4243 νυνι).
887 4171 918 4227 0.
943 4171 1065 4227 Iahnius
1086 4162 1098 4249 11
1120 4167 1228 4244 lipsii
1248 4161 1282 4223 ,41
1309 4165 1313 4239 1

182 4256 355 4317 exorientes
372 4254 407 4314 A¹
429 4251 443 4337 11
463 4267 481 4316 8
503 4256 610 4314 martio
636 4252 674 4312 ΒΙ
699 4259 748 4338 119
770 4256 876 4314 romeli
898 4251 964 4312 A¹B
977 4249 991 4336 11
1007 4255 1220 4333 apellauerunt
1240 4253 1293 4310 AB
1312 4249 1315 4329 1

182 4359 241 4420 quc
267 4345 291 4397 Α
310 4335 323 4421 11
345 4341 480 4400 fidelium
498 4336 536 4399 A¹
557 4335 571 4421 11
593 4340 787 4401 crediderunt
808 4361 877 4399 esse
900 4343 924 4397 B
944 4337 957 4423 11
982 4351 1013 4404 10
1034 4359 1107 4398 uere
1133 4331 1185 4418 Α11
1200 4337 1324 4396 rilcoum

181 4445 302 4484 suornm
319 4428 448 4486 isidorm
462 4422 477 4509 11
493 4424 549 4485 ede
566 4445 598 4484 re
614 4423 652 4483 ΑΒ
674 4421 687 4510 11
706 4446 770 4486 rem
786 4423 823 4483 Β1

1050 4528 1112 4590 tl*
