3162 5058
276 395 339 459 280
780 408 911 450 sssrvu

362 571 572 622 uousrasas
588 563 620 622 et
635 561 906 638 usnoususaus]
925 563 1143 622 monstramus
1158 553 1269 637 semel,
1288 553 1417 620 demon·

276 667 417 725 strumus
441 661 581 745 saepius.

359 775 557 824 usnsouan
579 768 611 825 et
634 777 781 826 nanuum
801 766 981 843 sensuras]
1004 769 1153 825 matrona
1167 759 1252 824 filios
1267 759 1414 846 ampliat3

274 868 380 926 mater
402 862 543 926 familias
563 883 646 948 quas
670 864 756 948 patri
778 862 924 927 familiae
946 861 1067 948 nupsit.

359 1075 512 1127 Monstrare
532 1081 560 1126 et
578 1075 776 1144 demonstrare]
796 1078 820 1128 G
842 1095 868 1144 p.
887 1075 922 1128 89
939 1093 966 1128 n.
987 1077 1031 1128 14:
1056 1078 1249 1128 ‘Monstramus
1267 1077 1353 1130 semei
1370 1078 1415 1128 de·

275 1149 458 1196 monstramus
477 1145 607 1210 saepius’
644 1147 741 1196 eadem
759 1148 785 1198 H
804 1164 830 1212 p.
851 1145 890 1196 13.

359 1211 514 1264 Matronam
539 1217 566 1263 et
584 1218 699 1264 matrem
723 1211 857 1279 familias]
879 1213 983 1264 Paulus
1001 1213 1079 1263 Festi
1102 1230 1128 1278 p.
1150 1212 1209 1263 1⁴25:
1236 1213 1415 1264 ‘Materiami

275 1278 328 1328 lias
352 1295 407 1329 non
432 1286 496 1332 ante
515 1280 661 1332 dicebatur
679 1297 760 1347 quam
783 1284 826 1332 uir
844 1283 904 1332 eius
922 1280 1126 1347 paterfamilias
1144 1282 1235 1332 dietus
1254 1289 1341 1343 esset;
1364 1297 1416 1332 neo

274 1354 388 1411 possunt
406 1347 458 1398 lroe
477 1351 586 1399 nornine
604 1349 695 1414 plures
715 1352 743 1400 ln
760 1367 815 1400 una
835 1351 942 1400 familia
961 1354 1073 1414 praeter
1091 1365 1172 1398 unam
1192 1349 1336 1414 appellari.
1368 1349 1417 1400 sed

274 1429 325 1463 nee
344 1415 427 1464 uidua
449 1416 501 1466 hoe
524 1417 632 1467 nornine
657 1433 708 1467 nee
733 1435 804 1483 quoe
823 1419 882 1467 sine
906 1417 972 1468 tiliis
991 1423 1033 1466 est
1052 1417 1188 1482 appellari
1205 1415 1315 1482 potest'
1352 1417 1416 1466 Gel-

273 1481 327 1532 lius
346 1483 440 1534 XVIII
458 1483 487 1534 6:
514 1485 622 1536 ‘Aelius
647 1486 775 1536 Melissus
798 1488 827 1535 in
850 1492 944 1536 nostra
968 1485 1099 1534 memoria
1124 1486 1176 1534 fuit
1194 1485 1296 1536 Romae
1320 1487 1418 1536 summi

274 1549 382 1614 quidem
402 1551 455 1600 loei
475 1553 547 1602 iuter
565 1555 760 1618 grammaticos
779 1555 807 1603 id
825 1553 968 1620 temporis,
993 1553 1042 1602 sed
1065 1554 1169 1604 maiore
1192 1554 1220 1602 in
1243 1552 1331 1603 literis
1356 1557 1418 1602 erat

273 1619 411 1668 iactantia
430 1625 458 1668 et
476 1620 625 1686 σοφιστείᾳ
644 1637 724 1687 quam
743 1637 835 1687 opera.
871 1622 895 1670 is
914 1627 1024 1687 praeter
1043 1621 1099 1670 alia
1118 1637 1188 1686 quae
1212 1621 1325 1686 scripsit
1343 1637 1416 1672 eom-

273 1685 353 1749 plura
371 1685 472 1736 librum
491 1691 652 1752 composuit,
673 1695 703 1738 ut
721 1696 777 1739 tum
795 1689 944 1740 uidebatur
962 1704 1023 1740 eorm
1042 1695 1084 1739 est
1102 1689 1193 1738 editus
1211 1689 1355 1738 doetrinae
1374 1691 1415 1738 in·

274 1752 376 1802 olutse.
413 1755 439 1802 ei
458 1753 527 1804 libro
547 1756 643 1806 titulus
662 1761 705 1806 est
723 1758 844 1823 ingentis
864 1757 1006 1808 cuiusdam
1025 1755 1185 1806 inlecebrae
1201 1755 1236 1805 ad
1254 1756 1415 1822 legendum

272 1820 392 1884 scriptus
412 1823 510 1888 quippe
531 1829 585 1872 est:
605 1825 646 1874 ne
666 1823 795 1888 loquendi
813 1825 992 1890 proprietate.
1017 1825 1076 1888 quis
1095 1823 1164 1874 adeo
1184 1824 1323 1874 existimet
1340 1825 1417 1890 loqui

273 1901 302 1936 se
321 1893 398 1938 reete
423 1895 505 1954 utque
529 1892 637 1956 proprie
656 1909 751 1957 posse,
774 1894 828 1942 nisi
846 1893 910 1942 illas
927 1892 1034 1942 Melissi
1057 1893 1242 1958 proprietates
1260 1893 1412 1958 perdidice-

272 1955 326 2002 rit?
355 1971 388 2004 ex
412 1973 444 2006 eo
468 1957 539 2008 libro
562 1959 648 2009 uerba
671 1961 740 2010 haee
762 1966 840 2010 sunt:
870 1961 999 2010 Matrona
1019 1965 1074 2022 est,
1098 1975 1168 2025 qrrse
1192 1960 1277 2010 semel
1295 1963 1415 2026 peperit,

272 2037 343 2088 quae
362 2024 485 2089 saepius,
511 2033 600 2076 mater
623 2028 757 2090 familios;
785 2029 868 2078 sicuti
891 2043 936 2078 sus
960 2045 1030 2092 quae
1049 2027 1133 2078 semel
1153 2027 1259 2093 peperit
1277 2033 1415 2093 porcetra,

273 2105 342 2154 quae
366 2092 477 2158 saepius
501 2096 603 2145 scrofa.
644 2101 733 2146 utrum
758 2103 849 2147 atatem
867 2096 919 2146 hee
938 2096 971 2146 de
995 2101 1121 2146 matrona
1141 2113 1173 2145 ae
1192 2097 1225 2146 de
1244 2097 1414 2146 matrefami-

270 2157 323 2207 lias
341 2159 469 2210 Melissus
492 2163 693 2228 excogitauerit
715 2165 774 2230 ipse
800 2169 827 2213 et
851 2165 1062 2224 coniectauerit,
1087 2181 1121 2214 an
1145 2165 1276 2228 seriptum
1300 2163 1335 2213 sb
1360 2163 1416 2214 alio

272 2240 323 2289 quo
347 2225 460 2291 legerit,
490 2231 583 2280 ariolis
606 2233 731 2296 profecto
756 2237 799 2283 est
826 2248 902 2297 opus.
944 2247 1007 2282 nam
1031 2231 1064 2282 ula
1087 2237 1214 2298 poreetra
1237 2229 1323 2282 habet
1346 2249 1415 2283 sane

271 2297 411 2344 auctorem
434 2297 612 2366 Pomponium
635 2299 664 2350 in
681 2300 822 2350 Atellania
844 2315 915 2364 quae
937 2299 990 2349 hoe
1014 2300 1109 2350 eodem
1128 2299 1262 2349 uocabulo
1280 2299 1416 2366 inscripta

271 2366 325 2422 est,
350 2361 399 2412 sed
424 2370 577 2416 matronam
600 2383 654 2418 non
678 2384 739 2418 esse
764 2367 933 2434 appellatam
956 2367 1009 2417 ruisi
1029 2383 1098 2432 quae
1118 2366 1203 2418 seurel
1221 2367 1342 2434 peperit,
1367 2385 1414 2418 ue·

270 2443 322 2492 que
352 2433 605 2494 matremfamilias,
635 2435 688 2484 nisi
716 2451 786 2500 quae
816 2436 940 2500 saepius,
971 2435 1071 2484 nullius
1099 2441 1224 2484 ueterum
1251 2435 1415 2500 scriptorum

270 2497 482 2550 auetoritatibus
512 2501 665 2553 confirmari
689 2507 788 2569 potest.
830 2503 969 2554 enimuero
993 2503 1059 2552 illud
1083 2503 1220 2568 impendio
1243 2503 1416 2570 probabilius

271 2569 327 2626 ost,
348 2566 418 2630 quod
437 2568 528 2618 idonei
546 2586 645 2620 uocum
663 2573 835 2636 antiquarum
855 2577 1029 2622 enarratores
1043 2567 1235 2629 tradiderunt,
1259 2577 1414 2622 matronam

270 2631 372 2682 dietam
391 2650 452 2684 esse
471 2639 595 2701 proprie,
621 2655 691 2702 quae
714 2640 743 2688 in
763 2639 934 2688 matrimonio
958 2655 1018 2689 eum
1042 2639 1100 2688 uiro
1120 2640 1304 2699 contrenisset,
1323 2641 1415 2703 quoad

269 2699 298 2747 in
318 2716 350 2750 eo
369 2703 541 2754 matrimonio
565 2711 703 2766 maneret,
729 2707 839 2756 etiamsi
861 2707 942 2756 liberi
960 2707 1077 2757 nondum
1096 2707 1154 2756 nati
1174 2707 1277 2767 forent,
1296 2707 1414 2756 dietam-

270 2781 321 2830 quo
341 2767 381 2817 ita
401 2784 461 2819 esse
482 2787 498 2820 a
517 2774 612 2822 matris
630 2775 753 2835 nomine,
778 2790 832 2824 non
857 2775 956 2840 adepto
979 2776 1035 2825 iarn
1058 2773 1105 2824 sed
1130 2790 1190 2823 eum
1209 2789 1257 2840 spe
1277 2781 1304 2824 et
1322 2775 1413 2826 ousiae

269 2849 331 2884 mox
350 2835 536 2900 adipiscendo,
556 2841 627 2890 unde
647 2841 734 2908 ipsum
754 2857 859 2906 quoque
878 2843 1080 2892 matrimonium
1099 2842 1212 2903 dicitur,
1231 2848 1345 2892 matrem
1365 2859 1413 2892 au-

267 2905 324 2980 tern
343 2901 463 2954 familias
483 2906 651 2970 appellatam
676 2925 735 2958 esse
755 2925 816 2958 earn
834 2909 936 2971 solam,
962 2926 1031 2975 quae
1050 2911 1078 2958 in
1096 2910 1189 2959 mariti
1207 2925 1288 2959 manu
1307 2912 1413 2960 manci·

267 2983 367 3048 proque
387 2976 434 3020 aut
451 2972 479 3020 in
498 2974 566 3032 eius,
586 2975 615 3024 in
634 2976 711 3025 euius
729 2978 852 3038 maritus,
872 2993 954 3027 manu
971 2978 1161 3042 mancipioque
1182 2983 1263 3038 esset,
1283 2979 1412 3044 quoniam

267 3049 322 3084 nou
350 3051 378 3084 ιιι
402 3039 602 3092 matrimonium
626 3047 732 3092 tanturn
755 3045 804 3093 sed
824 3046 851 3094 in
875 3044 1011 3095 familiam
1030 3061 1135 3110 quoque
1159 3047 1251 3095 arariti
1276 3051 1303 3094 et
1321 3046 1349 3094 ia
1368 3047 1414 3096 sui

266 3101 378 3182 heredis
402 3105 491 3156 locum
514 3109 663 3160 uenisset'
700 3113 905 3176 exscripserunt
922 3114 1026 3162 Nonius
1049 3131 1075 3180 p.
1100 3113 1148 3162 442
1173 3118 1200 3162 et
1219 3111 1307 3162 1375.
1349 3113 1413 3162 Ser-

267 3171 550 3249 yrusAen.lI147il:
580 3177 735 3244 Matronae]
760 3180 840 3229 ‘urrne
859 3181 989 3230 feminae.
1015 3181 1123 3246 quidam
1145 3197 1213 3230 saue
1233 3181 1412 3244 arbitrantur,

267 3243 339 3317 sutor
358 3247 511 3292 matronam
531 3248 558 3294 et
576 3247 814 3298 matremfamilias
833 3249 883 3298 hoo
901 3249 1050 3307 interesse,
1070 3249 1139 3313 qued
1158 3255 1283 3298 matrona
1302 3249 1412 3300 dicatur

266 3321 355 3370 pruma
374 3311 452 3374 pueri
471 3317 567 3373 mater,
588 3314 800 3364 materfamilias
820 3331 890 3380 quae
909 3317 1000 3382 plures
1019 3317 1135 3382 peperit.
1173 3317 1222 3366 alii
1240 3317 1291 3366 boo
1310 3323 1412 3382 putant

266 3375 382 3434 rectius,
413 3385 565 3429 matronam
589 3381 644 3430 diei
674 3397 743 3446 qrrae
768 3384 795 3432 in
819 3385 1021 3434 matrimonium
1044 3401 1104 3434 eum
1122 3383 1182 3434 ιιίιο
1201 3386 1363 3435 conuenerit
1381 3391 1412 3436 et

265 3442 299 3522 in
314 3459 347 3492 eo
365 3445 539 3497 matrimonio
559 3451 699 3512 manserit,
721 3451 846 3500 etiamsi
865 3451 946 3502 liberi
966 3453 1082 3502 nondum
1097 3453 1211 3502 fueriut:
1231 3451 1332 3502 dietam
1351 3470 1412 3503 rua·

265 3513 315 3560 trrs
333 3513 441 3562 nemius
461 3529 509 3579 spe
529 3521 610 3581 atque
624 3518 721 3577 emine,
741 3519 812 3567 unde
827 3525 854 3568 et
866 3518 1067 3570 matrimonium
1081 3521 1196 3578 otieturm
1215 3525 1329 3570 matrem
1342 3537 1411 3572 uero

265 3577 388 3658 familias
413 3597 473 3631 eam
499 3597 559 3632 esse
584 3599 653 3649 quoe
678 3585 706 3634 in
728 3587 819 3636 mariti
844 3603 925 3636 manu
948 3589 1155 3653 mancipioque,
1175 3593 1222 3636 aut
1240 3589 1268 3638 in
1287 3589 1360 3650 eius,
1380 3589 1411 3640 in

264 3656 341 3725 curus
360 3649 486 3710 maritus,
512 3667 594 3701 manu
617 3654 808 3718 mancipioque
833 3659 920 3716 esset,
945 3656 1071 3720 quoniam
1096 3655 1122 3704 in
1147 3655 1282 3706 familiam
1302 3673 1410 3722 quoque

264 3715 356 3792 rnarrti
381 3721 408 3764 et
431 3718 472 3766 sui
497 3717 607 3769 heredis
630 3719 719 3770 locum
742 3721 876 3771 uenisset.
922 3722 969 3772 alii
993 3729 1132 3773 matronas
1155 3723 1277 3788 uirgines
1300 3725 1411 3777 nobiles

264 3779 372 3842 droant,
396 3787 622 3836 matresfamilias
644 3803 710 3838 uero
734 3788 797 3838 illas
821 3805 891 3855 quae
915 3791 942 3838 in
966 3792 1168 3842 matrimonium
1191 3808 1240 3856 per
1259 3795 1410 3858 coemptio·

262 3862 325 3927 nem
350 3859 544 3903 conuenerunt.
589 3871 652 3904 nam
676 3871 725 3920 per
753 3857 888 3921 quandam
911 3858 978 3908 iuris
1003 3858 1197 3912 solennitatem
1221 3860 1250 3908 in
1274 3860 1411 3912 familiam

263 3923 384 3978 migrant
407 3921 506 3970 mariti.
548 3921 620 3972 inter
643 3929 757 3974 matrem
780 3939 846 3975 uero
871 3931 899 3976 et
921 3933 1035 3978 matrem
1060 3926 1182 3977 familias
1205 3926 1257 3978 hoe
1280 3929 1410 3992 interest,

264 3982 334 4046 quod
353 3991 441 4036 mater
459 3995 510 4048 est,
529 3997 639 4054 praeter
658 3990 733 4040 illam
752 3991 984 4056 significationem
1004 4009 1074 4058 quae
1093 4000 1136 4044 est
1154 3995 1189 4044 ud
1202 3993 1315 4060 aliquid,
1335 4013 1410 4064 quse

263 4055 370 4130 tautum
389 4057 559 4105 eouueuitiu
573 4058 783 4119 mstrIrnouium,
803 4061 873 4122 quod
887 4061 934 4111 alii
948 4062 1166 4123 matrifamilias,
1185 4063 1257 4114 sieut
1275 4063 1326 4114 hoe
1345 4065 1410 4118 loeo

263 4117 366 4167 dretrrm
386 4126 442 4178 est,
468 4123 691 4188 applieauerunt;
715 4129 928 4179 materfamilias
946 4145 1026 4188 uero,
1052 4145 1121 4194 quae
1146 4133 1275 4182 contrenit
1298 4138 1327 4182 ut
1351 4135 1409 4185 iam

262 4184 388 4303 {llrtxrgirg'sn
397 4191 683 4306 ¹³1⁰i,⁰2⁸mpti⁰n⁰m'’
720 4194 756 4243 ef.
777 4193 888 4246 Servius
906 4197 975 4247 Aen.
994 4197 1033 4247 XI
1052 4196 1110 4246 sul.
1141 4197 1266 4249 Servium
1286 4203 1411 4268 exscrip-

260 4353 465 4368 “-“--

346 4415 364 4468 t
382 4409 470 4468 matri
484 4411 519 4468 M
530 4405 544 4492 [l
558 4431 619 4491 qus
635 4413 667 4472 M
