3078 5072
638 421 680 461 DE
704 419 820 462 ROETIB

154 583 241 636 trem
262 592 358 634 suum
381 571 447 634 ruri
473 589 571 653 agere
598 565 789 652 longissime
810 566 1018 650 cognouisset
1038 588 1108 630 ess
1130 574 1301 630 reuocatus

155 673 298 738 Athenis
322 693 342 736 a
368 669 497 734 Nerone
520 668 708 754 cohortique
731 669 907 732 suricorum
930 666 1061 730 additus
1083 676 1180 753 atquc
1202 669 1300 732 etiam

156 784 335 864 quaestura
356 773 544 836 honoratus.
590 791 655 833 non
677 777 784 832 tamen
804 769 984 856 permansit
1000 769 1033 832 in
1055 771 1177 853 gratia:
1201 769 1299 854 siqui*

156 878 231 942 dem
255 897 353 962 aegre
376 873 501 955 serens,
532 871 634 960 (quod
656 870 743 935 Nero
767 871 815 956 sc)
840 872 997 934 recitante
1020 870 1128 936 subito
1151 891 1190 935 ac
1211 869 1302 934 nulla

130 980 222 1052 amisi
245 974 465 1060 refrigerandi
488 975 539 1038 sui
561 994 661 1038 causa
689 973 812 1037 indicto
838 981 954 1035 senatu
981 971 1169 1053 necessust,
1197 993 1301 1057 neque

156 1079 270 1144 uerbis
290 1077 449 1140 aduersus
473 1076 652 1162 principem
674 1095 779 1160 neque
799 1073 894 1137 factis
917 1072 1105 1138 extantibus
1127 1074 1302 1159 posthaec

155 1179 369 1268 temperauit,
404 1177 486 1241 adeo
521 1186 557 1240 ut
584 1175 746 1263 quondam
779 1177 812 1238 in
838 1175 965 1240 latrinis
995 1173 1137 1260 publicis
1164 1173 1301 1238 clariore

156 1305 233 1346 cum
263 1283 390 1368 crepitu
412 1279 537 1342 uentris
566 1277 806 1342 hemistichium
829 1275 968 1340 Neronis
990 1297 1110 1362 taragna
1134 1297 1302 1342 consesso-

156 1407 230 1448 rum
255 1383 336 1466 fuga
357 1381 593 1467 pronuntiarit:
672 1368 688 1385 '¹

124 1509 149 1548 ro
466 1481 526 1545 sub
549 1481 647 1545 terris
669 1481 815 1545 tonuisse
836 1489 943 1566 putes.

158 1585 218 1650 sed
242 1594 276 1649 et
298 1585 423 1648 sanioso
444 1583 586 1647 carmine
608 1604 681 1646 cum
709 1582 814 1667 ipsum
833 1591 900 1645 tum
918 1583 1160 1669 potentissimos
1183 1582 1302 1647 amieo·
1347 1615 1350 1628 ·

156 1710 232 1752 rum
258 1686 455 1772 grauissime
482 1683 649 1771 proscidit.
695 1683 736 1747 ad
760 1693 941 1748 extremum
963 1706 1065 1771 paene
1089 1685 1226 1770 signifer
1249 1683 1302 1748 Pi·
1331 1688 1334 1694 ’

157 1790 318 1853 souianac
340 1787 572 1851 coniurationia
595 1786 720 1866 extitit,
750 1785 870 1849 multus
895 1787 930 1849 in
951 1785 1056 1870 gloria
1081 1787 1302 1873 tyrannicida-

157 1913 231 1956 rum
248 1887 357 1976 palam
376 1887 598 1974 praedicanda
619 1909 657 1950 ac
679 1885 794 1974 plenus
813 1889 990 1971 minarum,
1009 1909 1113 1975 usque
1133 1911 1171 1952 eo
1188 1889 1302 1952 intem·
1331 1899 1333 1902 '

125 2010 281 2080 operans
308 2001 343 2054 ut
371 1990 525 2054 Caesaris
553 1998 653 2076 caput
678 1989 826 2075 proximo
855 1990 972 2075 cuique
1000 1991 1145 2054 iactaret.
1189 2011 1301 2054 uerum

158 2095 292 2158 detecta
324 2092 550 2157 coniuratione
582 2111 786 2178 nequaquam
814 2112 925 2178 parem
959 2091 1058 2155 animi
1087 2095 1301 2170 constantiam

157 2195 341 2282 praestitit3
384 2189 481 2256 facile
504 2193 590 2256 enim
611 2193 781 2257 confessus
804 2200 836 2256 et
857 2193 898 2256 ad
917 2192 1113 2257 humillimas
1130 2193 1302 2258 deuolutus

157 2319 274 2385 preces
295 2305 432 2360 matrem
451 2315 579 2381 quoque
601 2296 769 2360 innoxiam
791 2296 876 2359 inter
898 2293 1003 2360 socios
1025 2295 1207 2360 nominauit
1232 2319 1302 2384 spe·

158 2421 239 2462 rans
262 2398 463 2483 impietatem
485 2395 546 2460 sihi
568 2396 657 2484 apud
676 2397 872 2484 parricidam
893 2397 1072 2484 principem
1086 2397 1303 2482 profuturam.

123 2503 336 2586 e·irrrpetrato
363 2507 471 2563 autem
494 2501 608 2563 mortis
631 2497 766 2564 arbitrio
788 2497 891 2564 libero
918 2498 1085 2564 codicillos
1107 2497 1150 2562 ad
1177 2508 1301 2587 patrem

246 2673 333 2737 quq.
358 2673 474 2722 Tacitus
494 2689 556 2722 arur.
576 2673 625 2722 XV
643 2672 689 2721 tu:
721 2673 875 2724 ‘tuscanum
895 2673 1022 2738 propriae
1040 2687 1143 2723 causae
1167 2672 1302 2722 accende-

159 2743 243 2800 bant,
263 2741 336 2805 qnod
348 2741 451 2790 sarnam
468 2741 618 2789 carminum
638 2741 696 2790 eins
709 2741 853 2806 premebat
869 2743 942 2790 Nero
960 2740 1192 2806 prohibueratque
1211 2747 1302 2790 osten·

158 2823 221 2858 aare
241 2823 331 2858 uanus
350 2806 594 2857 adsirnulatione.’

249 2875 280 2926 lss
297 2893 356 2940 sqq.
387 2877 503 2926 'tacitns
522 2891 585 2924 narr.
605 2877 653 2926 ΧΥ
672 2875 718 2926 aa
755 2877 798 2927 ‘ex
817 2878 914 2942 quibus
932 2879 1061 2928 Lucanus
1080 2878 1302 2942 Quintianusque

160 2955 189 2995 et
207 2945 328 2994 Senecio
346 2945 394 2994 dia
412 2945 548 2994 claruere:
566 2951 628 3010 post
647 2947 781 3009 prarnIssa
794 2947 948 3011 inpunitate
967 2946 1097 3010 corrupti,
1117 2962 1169 3010 qno
1188 2947 1303 2996 tardita-

159 3023 216 3062 tem
242 3017 422 3068 excusarent,
446 3013 576 3061 ereanus
599 3013 713 3062 Atilium
737 3019 852 3064 snutrein
875 3029 966 3072 stram,
996 3015 1164 3075 Quintianus
1188 3015 1303 3064 Glitium

159 3081 271 3131 Gallum
290 3081 409 3130 &eutecio
421 3081 538 3129 Annirnn
557 3080 711 3130 Pollionem
729 3083 878 3132 amicorum
896 3083 1060 3148 praecipuos
1078 3081 1276 3134 nonrinauere)

245 3148 279 3198 20
297 3165 356 3212 sqq.
376 3149 397 3197 T
402 3149 491 3197 arcitus
511 3163 573 3196 arrn.
593 3149 642 3198 Xl'
660 3150 705 3198 to:
731 3151 817 3200 ‘Exin
834 3151 942 3200 Annaei
959 3151 1067 3200 ercani
1086 3151 1200 3201 eaedem
1219 3152 1303 3215 impc-

160 3227 214 3268 rat.
240 3219 265 3266 is
285 3218 437 3282 profluente
456 3217 591 3280 sarrguinc
609 3217 656 3266 ubi
676 3219 827 3282 frigescere
847 3219 931 3283 perles
949 3233 1099 3283 manusque
1124 3223 1151 3268 et
1169 3218 1303 3284 paulatim

162 3321 367 3330 -————-·

249 3385 261 3436 l
281 3374 343 3432 ruri
366 3373 393 3428 P
407 3367 460 3444 riri
476 3373 535 3428 ΜΒ
551 3365 565 3452 Η
577 3381 642 3444 post
661 3374 854 3448 cognouissct
875 3377 1008 3432 lacunam
1024 3377 1146 3448 siquavit
1167 3375 1304 3431 Weberas

161 3457 174 3542 Η
191 3469 208 3520 ’2
228 3457 350 3518 additur
366 3446 393 3514 Β
414 3449 427 3538 Η
449 3464 590 3533 turgere
608 3457 671 3530 (sie)
689 3459 722 3513 M
735 3453 748 3540 ΗΗ
764 3457 845 3538 quod
866 3459 949 3517 Nero
966 3479 998 3517 se
1017 3462 1116 3517 addidi
1128 3453 1141 3539 Η
1156 3459 1303 3516 recitante

160 3567 195 3604 se
212 3547 355 3603 Caeteros
371 3538 384 3622 Η
399 3545 567 3603 accussaP
580 3537 592 3624 Η
609 3543 783 3601 recessiss&
796 3545 855 3600 MP
867 3545 1031 3602 recessisse
1045 3547 1071 3600 Β
1086 3544 1239 3602 Neronem
1255 3562 1302 3600 re·

161 3631 292 3690 cessisse
312 3631 454 3686 Centoras
469 3647 535 3686 cam
555 3628 733 3686 recessisset
751 3631 922 3686 Ornarhonus
937 3623 950 3710 Η
965 3638 981 3691 6
996 3627 1184 3688 exstantibus
1203 3630 1237 3684 M
1254 3647 1304 3685 ex·

161 3713 327 3774 citantihas
343 3718 414 3771 corti.
432 3715 553 3770 Iahnius
568 3708 581 3796 Η
596 3721 665 3791 post
679 3711 737 3771 hac
752 3716 779 3770 P
790 3709 802 3794 Η
819 3724 835 3774 8
851 3716 967 3792 crepitu
979 3713 1123 3792 Ptrepitu
1136 3715 1168 3770 M
1178 3713 1305 3790 strepitu

163 3805 189 3858 Β
208 3804 288 3875 salae
306 3795 319 3878 Η
339 3799 440 3856 emissi
458 3799 659 3868 emistichium
675 3799 734 3855 ΜΡ
755 3799 858 3858 emissi
873 3799 1094 3858 hemistichium
1111 3801 1139 3855 Β
1157 3799 1258 3856 emissi
1276 3806 1306 3853 nt

159 3887 385 3960 dittoqrophr'am
400 3887 491 3942 deleat
504 3877 517 3964 Η
534 3887 782 3943 consessorumB
797 3903 864 3942 cum
879 3904 1030 3943 sessorum
1043 3885 1103 3941 MP
1143 3893 1306 3962 9pronun·
1370 3903 1376 3910 ·

160 3974 257 4030 cieret
275 3971 301 4026 P
314 3965 327 4050 Η
344 3977 376 4031 Γ.)
388 3967 600 4048 granirlissime
614 3971 640 4026 B
656 3965 669 4050 Η
683 3989 781 4050 poene
797 3971 830 4025 M
839 3989 937 4048 poene
948 3973 976 4027 Β
987 3989 1065 4049 peno
1078 3971 1104 4026 P
1149 3979 1179 4030 13
1191 3968 1306 4026 exstitit

160 4059 192 4115 M
206 4052 219 4138 Η
236 4055 349 4113 multus
369 4057 557 4113 Orram'hoaus:
582 4057 684 4114 multis
701 4059 768 4114 libri
787 4049 800 4135 Η
819 4055 1067 4114 tirannicidararn
1088 4057 1115 4112 Β
1137 4047 1149 4136 Η
1173 4064 1203 4114 lt
1220 4072 1305 4130 prae

159 4139 294 4200 dicanda
328 4159 384 4197 eoa
413 4133 486 4198 tutu
513 4144 580 4198 riori
603 4146 790 4208 reseratius-ea,
833 4133 1310 4218 cinara-us:'praeliando‚BP

244 4233 249 4260 l
284 4234 295 4259 ί·
1062 4233 1064 4237 “

158 4275 257 4358 presel
278 4274 358 4334 enda
378 4278 410 4334 M
423 4271 437 4358 Η
452 4278 657 4356 intemperans
675 4281 714 4346 Β,
737 4281 811 4333 uter
833 4280 881 4334 lin.
904 4285 966 4334 tem
986 4295 1021 4332 m.
1041 4293 1098 4332 sec.
1121 4268 1133 4355 Η
1158 4281 1186 4336 tt
1209 4270 1251 4351 et]
1276 4253 1332 4330 ut'

159 4365 221 4421 MP
233 4383 288 4421 aar.
307 4364 331 4418 Β
345 4359 359 4442 Η
374 4362 515 4421 humillas
528 4361 656 4421 deuotus
672 4365 699 4419 P
711 4357 723 4443 Η
743 4371 773 4420 ra
789 4381 914 4439 praeces
927 4365 954 4419 P
964 4354 1037 4442 pecs
1049 4361 1083 4417 M
1094 4354 1107 4442 Η
1128 4371 1157 4422 ta
1171 4359 1309 4437 impieta·

157 4444 234 4528 tem]
248 4448 308 4506 iam
320 4447 465 4526 pietatem
477 4451 503 4505 P
513 4445 525 4528 Η
540 4448 705 4526 paricidam
715 4449 741 4503 P
754 4441 766 4528 Η
782 4456 816 4507 ‘20
831 4447 980 4526 imperato
991 4447 1019 4504 P
1031 4441 1044 4527 Η
1059 4453 1154 4504 morta
1166 4443 1265 4503 moltis
1278 4443 1313 4500 M

1050 4549 1102 4608 42
