3158 5072
249 399 311 462 424
585 415 810 466 ovassrrorres
835 381 1061 458 svarosrarsc

250 569 416 630 Suetonius
438 567 606 628 adnotavit.
649 565 751 628 eidem
777 566 856 627 libro
883 565 1074 628 restituenda
1101 573 1186 640 sunt,
1214 583 1295 646 quae
1317 562 1391 624 Gel-

251 672 309 732 lius
330 671 393 732 XV
414 679 463 745 28,
485 679 503 732 4
523 691 593 732 eum
622 669 702 730 salso
734 668 774 730 de
800 671 867 730 vita
889 668 1048 730 Ciceronis
1075 669 1236 747 scripsisse
1257 666 1393 726 Asconio

249 773 387 834 Pediano
410 781 534 833 auctore
555 773 678 832 monuit.
721 771 780 832 boc
804 790 880 832 vero
902 770 1080 832 Gallianum
1108 779 1201 850 eaput
1227 777 1394 848 propterea

210 891 218 909 ⁹
250 873 447 938 memorabile
471 882 532 947 est,
554 871 635 953 qnod
657 893 693 934 eo
715 893 787 953 pars
805 873 1012 934 Suetonienee
1032 872 1191 934 Ciceronis
1212 873 1297 932 vites
1318 889 1392 950 quo·

251 977 321 1038 dam
332 976 421 1038 modo
432 976 676 1038 reconcinnetur.
691 975 788 1036 refert
796 976 875 1036 euim
887 975 1018 1055 Nepotis
1029 974 1265 1036 ethnestellse
1274 991 1395 1034 errores

251 1079 290 1140 de
305 1099 385 1140 auno
400 1079 526 1151 aetatis,
544 1095 603 1158 quo
620 1076 729 1140 Cicero
743 1079 872 1157 primam
892 1076 999 1136 iudicii
1013 1076 1130 1157 publici
1147 1095 1268 1136 causam
1285 1075 1393 1153 egerit.

251 1184 312 1242 iam
329 1179 510 1254 Suetonius,
532 1189 566 1240 ut
586 1179 748 1258 conligitur
764 1199 804 1240 ex
825 1179 979 1259 excerptis
1000 1178 1250 1258 Hieronymiauis
1271 1177 1395 1257 (lrngm.

250 1284 308 1346 51*
322 1281 416 1361 52*)p
433 1302 501 1342 curn
516 1281 646 1342 Pediani
663 1283 777 1342 Ascani
797 1280 910 1342 iudicio
932 1282 1102 1361 conspirat,
1125 1281 1179 1361 qui
1199 1279 1321 1340 illorum
1347 1297 1395 1338 er·

249 1405 334 1448 rores
355 1394 433 1446 teste
453 1382 556 1444 Gellio
577 1385 793 1462 castigaverat.
832 1391 866 1443 ut
886 1384 1021 1464 suspicio
1044 1381 1230 1467 suborietur,
1259 1379 1396 1442 Gellium

250 1489 331 1550 benc
345 1487 484 1550 notitiam
499 1505 539 1546 ex
557 1485 621 1545 vita
631 1483 820 1546 Suetouiaua
834 1487 864 1546 in
878 1485 979 1546 electa
991 1504 1048 1545 sua
1057 1485 1297 1563 transcripsisse.
1314 1501 1396 1564 quae

163 1581 166 1592 ’
252 1611 289 1652 eo
305 1590 512 1662 confirmatur,
537 1587 618 1668 quod
641 1587 722 1647 idem
737 1587 857 1650 Gellius
877 1589 909 1648 in
930 1586 1090 1667 deperdito
1109 1595 1217 1648 octavo
1234 1584 1313 1646 libro
1328 1586 1395 1664 ple·

251 1693 392 1752 nissimes
409 1691 599 1750 narrationes
615 1687 654 1750 de
669 1688 801 1750 Laberio
816 1699 847 1750 ct
866 1689 1000 1750 Publilio
1020 1688 1237 1768 mimograpbis
1256 1685 1396 1762 dederet,

252 1814 329 1876 quas
344 1791 519 1854 Macrobius
534 1799 700 1872 perpetuus
717 1786 932 1852 Gelliunamm
953 1792 1107 1872 copiarum
1129 1790 1283 1871 expilator
1306 1787 1395 1848 uobis

251 1896 395 1956 servavit
422 1895 473 1956 eui
484 1914 557 1954 vero
568 1894 685 1954 auctori
701 1892 779 1954 baec
791 1893 982 1954 restituenda
996 1895 1071 1964 sint,
1087 1913 1148 1954 uon
1163 1889 1329 1954 admodum
1339 1887 1395 1950 du·

251 1996 333 2058 bium
350 2016 419 2058 esse
434 2004 522 2076 puto,
540 1994 663 2056 cum-de
679 2015 784 2056 eorum
799 1997 863 2056 vite
877 1997 1056 2058 Suetonium
1073 1996 1232 2075 scripsisse
1247 2002 1396 2074 excerpta

251 2083 491 2180 Hieronpmiaua
511 2097 628 2177 (fragm.
646 2098 705 2161 *lo*
724 2093 797 2177 26³³)
818 2096 910 2158 fidem
931 2100 1056 2160 faciant.
1095 2097 1150 2160 sed
1172 2105 1274 2158 umen
1298 2096 1394 2156 satius

251 2200 359 2275 hebui,
376 2221 444 2262 eum
459 2220 520 2260 nou
535 2203 633 2260 ornuis
648 2199 797 2260 dubitatio
813 2200 940 2262 exclusa
954 2202 1007 2274 sit,
1035 2210 1066 2261 et
1081 2201 1159 2262 haee
1172 2207 1206 2259 et
1224 2199 1280 2259 illa
1295 2199 1325 2260 iu
1341 2196 1394 2258 ad·

251 2305 406 2366 notatione
423 2301 572 2383 superiori
585 2302 770 2377 conlocasse,
786 2303 873 2364 cuius
889 2322 957 2364 eam
968 2321 1090 2384 quoque
1105 2301 1206 2364 dotem
1221 2321 1289 2362 esse
1299 2300 1393 2374 volui,

251 2417 285 2467 ut
306 2407 471 2485 conpositis
492 2406 683 2486 antiquorum
705 2403 885 2466 testimoniis
906 2413 1014 2466 tenues
1029 2405 1284 2466 Suetouianorum
1303 2401 1391 2463 libro·

251 2529 316 2568 rum
332 2508 480 2589 reliquiae
496 2507 700 2568 resarciantur
715 2515 746 2566 et
762 2507 894 2586 pleniori
909 2507 955 2566 illi
971 2508 1149 2582 memoriae,
1175 2508 1205 2568 iu
1221 2507 1307 2566 cuius
1323 2526 1391 2566 con-

251 2611 420 2672 tinuatione
436 2609 506 2669 olim
522 2609 624 2671 lectae
641 2610 767 2684 fuerint,
786 2609 871 2670 facili
886 2610 1009 2687 negotio
1023 2607 1273 2686 restituantur.¹⁸)

334 2713 400 2772 Iam
422 2731 496 2772 vero
515 2711 568 2771 ubi
590 2721 729 2772 auctores
751 2712 802 2791 qui
821 2710 858 2772 de
879 2710 985 2772 eodem
1008 2719 1186 2790 argumento
1207 2711 1303 2772 libros
1321 2731 1392 2772 cou-

251 2815 438 2895 scripserunt
452 2814 630 2875 Suetonium
651 2813 850 2888 deficiebant,
873 2812 1008 2874 adducor
1023 2814 1089 2874 lere
1104 2823 1138 2873 ut
1155 2812 1291 2887 medam,
1313 2813 1391 2873 vitas

252 2917 318 2976 eius
329 2936 390 2976 nou
406 2915 466 2976 ism
483 2915 578 2976 fuisse
588 2916 671 2976 lecta
683 2915 737 2975 illa
750 2914 928 2976 eruditionis
940 2916 1030 2996 copia
1044 2917 1194 2994 insignes,
1205 2935 1296 2997 qnam
1311 2919 1343 2976 iu
1354 2935 1389 2975 eo

251 3017 323 3078 alibi
335 3016 525 3078 admiramur.
544 3017 660 3090 seilicet
670 3019 701 3076 iu
714 3037 815 3078 eorum
831 3016 996 3078 (laesarum
1006 3019 1071 3078 vita
1082 3019 1134 3098 qui
1145 3019 1270 3099 propius
1285 3017 1325 3078 ad
1340 3037 1391 3078 ae·

251 3129 344 3180 tatem
356 3121 483 3182 Suetoni
496 3119 647 3182 accedunt
658 3119 791 3182 fontibus
803 3119 892 3182 simul
904 3130 935 3182 et
945 3140 1045 3182 rerum
1058 3120 1148 3202 copia
1160 3120 1321 3182 destitutus
1334 3120 1391 3180 ari·

252 3222 320 3284 dius
346 3231 377 3282 et
400 3223 535 3284 sterilius
560 3223 704 3285 historiae
730 3222 970 3284 conscribendae
995 3243 1093 3302 genus
1118 3231 1240 3286 secutus
1267 3232 1328 3298 est,
1357 3231 1392 3282 ut

251 3323 438 3387 Niebubrius
463 3326 620 3388 verissime
641 3323 864 3386 animadvertit.
906 3326 987 3406 quod
1009 3324 1132 3405 quidem
1157 3327 1200 3388 ita
1219 3325 1318 3406 accipi
1337 3345 1390 3386 no·

250 3427 313 3502 lim,
328 3429 415 3508 quasi
429 3427 626 3508 Tranquillus
640 3447 702 3488 nou
717 3427 784 3507 ipse
800 3427 899 3490 denuo
919 3429 1014 3490 iures
1028 3427 1235 3508 inquisiverit,
1256 3436 1290 3488 ut
1303 3445 1390 3507 pree·

250 3531 419 3591 termissam
439 3519 476 3592 ab
500 3531 569 3592 aliis
590 3530 628 3591 da
655 3530 853 3611 scriptoribus
881 3532 1054 3596 memoriam
1077 3530 1245 3609 indagaret.
1282 3528 1336 3590 sed
1357 3539 1390 3588 ut

250 3653 332 3693 nuuc
348 3653 398 3693 res
415 3653 449 3694 se
464 3631 593 3708 babent,
618 3653 686 3694 cum
705 3633 849 3714 autiquae
872 3635 955 3694 vitae
974 3654 1034 3693 nou
1055 3651 1147 3712 super
1168 3633 1243 3708 siut,
1263 3651 1389 3714 quarum

251 3737 467 3815 conparatione
483 3735 522 3796 de
540 3735 713 3816 Tranquilli
729 3755 822 3816 opera
839 3735 983 3798 iudicium
1003 3737 1071 3812 ilat,
1084 3753 1141 3796 nos
1158 3736 1278 3796 nescire
1292 3736 1389 3796 laten·

251 3843 454 3856 -ι--ι--ι

317 3883 340 3952 *)
359 3887 465 3939 Ibidem
489 3889 572 3938 eliam
596 3887 654 3939 aliu
675 3889 768 3954 posui,
794 3903 864 3954 ques
889 3890 917 3938 iu
940 3891 1018 3956 ipsas
1041 3887 1175 3953 reliquias
1193 3887 1318 3954 recipere
1336 3903 1389 3939 uon

251 3985 334 4023 ausus
352 3987 425 4037 som;
461 3971 548 4024 voluti
566 3973 670 4023 Domiti
688 3974 774 4024 Marsi
798 3973 949 4038 querellam
968 3975 1002 4024 ds
1027 3977 1112 4024 morte
1135 3972 1253 4037 Tibulli,
1279 3972 1312 4024 de
1337 3987 1390 4038 qua

249 4073 333 4125 supra
351 4075 377 4124 p.
397 4057 447 4109 380
465 4073 553 4108 sonno
573 4057 639 4120 fuit,
660 4059 782 4110 eiusdem
801 4059 874 4112 Gelli
892 4059 1079 4112 narrationem
1097 4057 1130 4108 de
1149 4058 1274 4109 Pacuvio
1292 4063 1321 4107 et
1337 4059 1388 4108 Ac·

250 4145 294 4196 cio
311 4145 406 4194 xl112
425 4145 463 4197 cr'.
481 4145 581 4210 fragm.
603 4142 666 4208 13*‚
686 4144 766 4196 Cassi
777 4145 877 4196 Diouis
895 4145 929 4196 de
942 4145 1036 4196 Asinio
1049 4143 1130 4196 Gallo
1149 4144 1335 4194 narrationem
1352 4142 1388 4193 cl.

249 4229 349 4296 fragm.
360 4227 423 4293 08³⁸,
436 4229 679 4294 Hieronymiauem
689 4230 838 4280 Hateriani
850 4231 945 4296 ingeni
958 4229 1171 4295 descriptionem
1185 4228 1220 4278 ad
1229 4227 1387 4278 Pammacb.

254 4311 281 4362 12
295 4325 360 4364 tom.
375 4314 402 4364 11
414 4330 440 4380 p.
455 4313 505 4364 llo
518 4313 588 4364 Vall.
608 4315 654 4364 ubi
672 4311 743 4366 idem
756 4315 860 4366 dictum
873 4315 989 4382 Augusti
1001 4315 1102 4374 refert,
1121 4314 1199 4364 cuius
1212 4313 1321 4364 Seneca
1330 4310 1389 4364 rbe-

250 4402 292 4446 tor
310 4397 445 4463 meminit,
465 4397 589 4450 scholion
608 4399 725 4465 denique
744 4399 777 4451 de
795 4401 862 4451 Vari
875 4399 996 4466 Thyeste
1016 4415 1033 4450 a
1050 4397 1229 4463 Quicberatio
1247 4397 1276 4448 in
1294 4395 1389 4448 codice

249 4481 337 4536 Poris.
355 4483 423 4536 7530
440 4489 586 4550 repertum.
683 4487 702 4520 Ν
