3162 5058
260 361 322 428 300
467 375 585 420 carran
608 377 784 420 ranaoavu
806 375 963 420 venereus
987 375 1191 418 consessura

323 523 433 589 sidera
453 525 650 612 praecipitas
673 522 806 610 pelago,
830 525 1023 610 intempeste
1044 521 1239 588 Nouember.

365 634 401 692 tu
423 625 583 714 genialem
607 625 743 692 hiemem
766 623 850 692 feste
868 623 1051 712 December
1073 624 1153 710 egis.

797 828 872 882 1192

659 935 828 970 ΟΟΙΡΟΒΙΤΙΟ
848 934 1005 970 Honououn

324 1017 414 1099 Quos
437 1040 551 1082 cursus
570 1017 648 1082 solis
670 1019 809 1102 iungant
832 1041 891 1082 sua
912 1027 1058 1105 tempora
1080 1037 1225 1097 menses,
1250 1097 1251 1100 Ἴ

323 1120 466 1184 carmine
489 1141 592 1202 nunc,
617 1120 733 1199 lcctor,
757 1123 885 1206 paucis,
907 1120 1057 1201 aduerte,
1081 1117 1214 1182 docebo.

322 1223 420 1285 ianua
441 1243 527 1286 nunc
550 1223 628 1285 anni
651 1230 701 1284 est
724 1221 840 1303 lanus,
866 1219 1005 1310 finisque
1028 1211 1223 1284 December:

323 1322 381 1386 hos
401 1345 529 1387 menses
548 1321 683 1410 peribus
702 1323 780 1387 solis
803 1333 888 1386 rotat
910 1321 1016 1386 orbita
1035 1323 1177 1408 punctis.

322 1445 405 1510 quae
426 1423 531 1487 uoluit
553 1423 717 1489 Februum
739 1423 944 1488 undecimum
967 1425 1052 1508 regit
1078 1423 1150 1508 ipsa
1170 1419 1430 1484 Nouembrem

322 1525 458 1590 Martius
478 1525 651 1590 Octobrem
676 1526 780 1612 spatio
804 1527 945 1590 conectit
965 1524 1089 1588 eodem.

254 1643 257 1650 ’
322 1639 390 1690 tum
416 1625 606 1713 Septembre
628 1628 690 1692 tibi
711 1629 744 1690 in
768 1627 1123 1718 sphaeram'concurrit
1144 1621 1279 1710 Aprilis.

321 1727 508 1812 Augustum
529 1725 636 1792 Maius
656 1738 767 1794 centro
789 1737 976 1814 prospectat
997 1727 1038 1800 sb
1061 1727 1144 1812 ipso.

321 1828 417 1892 Iunia
440 1827 618 1908 Quintilem
641 1831 802 1894 scandens
823 1830 924 1893 trahit
948 1829 1053 1893 orbita
1073 1847 1227 1892 mensem.

285 1979 288 1986 ,
322 1952 404 2017 quas
430 1929 525 1994 horus
549 1930 612 1993 sibi
636 1933 837 2017 coniungant
859 1933 891 1994 in
914 1931 1037 2013 fronte,
1063 1929 1172 1992 uideto

323 2032 423 2097 lector
446 2041 478 2094 et
499 2032 533 2094 in
555 2034 680 2096 eunctis
704 2055 806 2120 aequo
829 2032 1004 2097 obseruare
1029 2039 1199 2095 memento.

322 2157 433 2199 mense
453 2134 540 2199 omni
559 2137 665 2220 prima
685 2135 878 2199 undecimae
901 2135 1108 2219 coniungitur
1131 2133 1244 2196 horae:

321 2235 398 2300 hinc
420 2236 543 2299 umbris
567 2235 725 2300 decimam
748 2238 848 2300 nectit
871 2257 1035 2322 cursuque
1059 2233 1211 2298 secunda.

321 2339 418 2402 tertia
440 2359 517 2402 mox
539 2359 656 2402 nonam
681 2339 809 2426 punctis
834 2337 1061 2422 complectitur
1082 2335 1197 2400 isdem.

322 2451 457 2504 octauae
478 2441 600 2525 pariter
620 2439 819 2524 praecedens
842 2448 959 2524 quarta
980 2437 1141 2504 cohaeret

322 2542 469 2628 quintam
490 2541 700 2628 subsequitur
721 2563 854 2606 numero
878 2549 951 2627 post
972 2541 1110 2626 septima
1132 2539 1228 2602 iusto.

323 2641 392 2706 sola
413 2663 488 2706 suas
512 2651 636 2706 tantum
659 2665 834 2708 mensuras.
849 2651 942 2706 sextu
965 2649 1116 2704 retentat.

257 2747 459 2758 -ιιιε-ι-η--Ι-

265 2786 353 2852 Voss.,
372 2785 454 2853 Put.‚
474 2785 598 2844 Clarum.
616 2783 741 2844 octuber
758 2789 906 2858 antiquiss.
924 2787 1034 2842 Aesoni
1049 2787 1127 2852 eod„
1148 2784 1225 2842 Voss.
1245 2779 1404 2841 octumber

259 2869 395 2926 Pithoeus
414 2863 428 2948 ΙΙ
451 2879 481 2930 lt
499 2869 699 2948 intempestae
721 2875 869 2944 antiquiss.
885 2873 995 2928 Ausoni
1012 2872 1071 2927 cod.
1096 2871 1189 2938 Voss,
1211 2868 1335 2927 Clarum.
1356 2866 1404 2924 in·

258 2961 409 3028 tempesta
424 2957 506 3026 culpo
521 2949 534 3030 ΙΙ
553 2963 583 3014 12
602 2963 634 3013 tu
651 2955 802 3032 genialem
818 2947 948 3014 hiemem
965 2957 1044 3013 leste
1060 2952 1234 3012 December·
1250 2953 1316 3027 sgis
1331 2955 1402 3010 edit.

258 3041 381 3106 Ausonii,
412 3041 542 3110 Scatiper
562 3039 698 3098 imbrifer
723 3037 883 3118 (ymbrifer
907 3039 1046 3112 t'tarom)
1067 3051 1116 3096 est
1138 3037 1251 3096 mensis
1275 3045 1404 3114 tumque

257 3120 432 3182 December
459 3121 547 3180 adest
575 3124 724 3196 Pithoeus,
753 3127 875 3184 Claram.
905 3122 1041 3182 imbrifer
1065 3132 1114 3182 ast
1135 3123 1248 3181 mensis
1275 3131 1404 3201 tumque

257 3205 431 3266 December
451 3205 539 3266 adest
560 3213 691 3268 nonnulii
711 3214 773 3268 cod.
796 3207 809 3290 ΙΙ
833 3212 1098 3282 119aAnthotopia
1119 3211 1209 3268 latinu
1230 3209 1274 3266 ed.
1296 3209 1403 3264 Burin.

265 3294 291 3348 V
311 3297 365 3350 11⁶
388 3296 432 3350 ed.
454 3293 563 3366 Meyer.
590 3299 654 3352 389.
675 3327 717 3338 —-
741 3297 819 3354 ‘Sub
831 3299 912 3354 tituto
933 3311 1040 3352 sanan
1068 3309 1266 3352 courosraro
1296 3309 1404 3350 uaso·

258 3393 350 3436 noun
368 3380 455 3436 edidit
475 3379 611 3438 Pithoeus
631 3399 659 3451 p.
684 3385 743 3438 488
764 3385 809 3440 ed.
833 3381 930 3438 Paris.
963 3395 1086 3438 versvs
1107 3395 1213 3436 nouus
1232 3395 1338 3436 ususs
1355 3393 1402 3434 nn

259 3479 506 3522 courousnnvn
525 3480 740 3524 nosocomum
758 3468 926 3524 inscribitur
942 3468 971 3522 in
988 3468 1050 3522 ead.
1068 3465 1096 3520 S.
1118 3466 1262 3521 Germani.
1295 3461 1401 3520 “aete-

258 3551 299 3604 ris
314 3557 415 3618 poetae
427 3551 509 3620 apud
524 3549 659 3606 Beaam'’
678 3554 785 3610 notovit
801 3552 929 3624 Scatiper
941 3554 969 3606 in
984 3553 1148 3621 exemplari
1161 3551 1224 3606 biht.
1245 3549 1403 3605 Vindoban.

259 3633 356 3690 Betae
372 3641 472 3714 tarneq
484 3636 582 3692 tribuit
596 3640 681 3692 etiam
694 3636 854 3694 Salmasius
866 3637 906 3690 ud
921 3635 1046 3693 Setinum
1066 3635 1086 3692 I
1092 3653 1124 3706 p.
1139 3637 1222 3692 toth
1237 3633 1285 3690 ubi
1300 3635 1334 3690 tie
1348 3633 1402 3688 hc·
1470 3661 1475 3672 ·

257 3718 373 3790 rotopiis
385 3721 567 3790 antiquorum
582 3723 727 3778 disserens
743 3723 837 3778 addit:
853 3719 992 3776 “Extant
1007 3737 1107 3777 uersus
1121 3721 1220 3776 Betae
1238 3721 1273 3774 de
1289 3720 1404 3774 ruinae

257 3805 445 3873 componendi
458 3804 598 3877 heretopii
605 3849 612 3872 ‚
637 3807 739 3878 quibus
754 3809 853 3864 eadem
871 3807 1019 3862 methodus
1035 3807 1152 3862 umbrae
1168 3821 1224 3875 per
1239 3805 1326 3874 peries
1342 3817 1403 3858 me-

257 3889 374 3942 tiundue
391 3890 572 3959 explicatur,
596 3897 628 3946 ut
645 3909 662 3946 a
680 3891 811 3947 Palladio
831 3891 967 3948 inlibate
990 3906 1023 3946 re
1038 3892 1147 3947 rustica
1163 3889 1308 3959 descripta
1322 3885 1404 3944 est.’'

256 3973 308 4028 sed
321 3975 459 4028 carminis
479 3973 564 4030 huius
580 3983 725 4032 erectorem
747 3989 808 4031 esse
831 3977 1065 4032 Wandatbertnnr
1085 3975 1283 4032 Prumiensem
1303 3974 1404 4028 aiaco-

257 4073 325 4112 num
341 4059 424 4114 aocet
438 4057 590 4124 Erebi-icius
604 4059 667 4115 hihi.
683 4062 755 4116 med.
770 4067 798 4114 et
811 4059 863 4131 inf.
880 4062 928 4116 tut.
944 4060 1001 4130 Ιρ.
1012 4066 1078 4128 521,
1093 4067 1125 4115 ut
1139 4079 1156 4114 a
1168 4059 1331 4114 Mabittonio
1342 4059 1403 4112 iam

257 4139 406 4196 notatum!
423 4142 612 4200 Burmannus
626 4137 639 4222 ll
654 4130 970 4204 6subnectitPithoeas
981 4147 1010 4200 in
1022 4163 1076 4217 nup.
1093 4147 1217 4215 exempl.
1228 4143 1293 4198 bibl.
1301 4141 1402 4198 Paris.

258 4217 273 4302 ΙΙ
289 4229 304 4284 7
318 4232 379 4282 tum
393 4223 446 4282 tibi
462 4225 634 4302 septembre
645 4229 782 4286 Pithoeus
795 4231 824 4284 in
840 4247 893 4302 mp.
909 4219 923 4309 ll
940 4227 1026 4286 lunis
1038 4229 1224 4286 Casauhonus
1237 4229 1267 4284 in
1277 4229 1345 4284 h'bri
1353 4231 1405 4282 sui

258 4326 311 4382 mp.
329 4327 376 4381 ap.
394 4311 559 4368 Fabricium
574 4314 593 4368 t.
609 4330 653 4370 e.:
687 4313 779 4370 ienae
798 4313 932 4370 Pithoeus
948 4307 961 4393 ll
978 4323 1010 4372 ιο
1026 4313 1117 4372 horas
1133 4313 1269 4371 Iitirocus
1283 4313 1311 4368 in
1326 4329 1404 4384 mn..-

258 4409 326 4462 orss
343 4396 425 4468 culpo
445 4388 459 4474 l}
479 4414 538 4473 quo
557 4395 684 4471 iungant
700 4397 836 4454 Pithoeus
850 4401 879 4454 in
895 4415 950 4472 my.
973 4393 986 4478 ll
1010 4409 1037 4460 ΙΙ
1055 4397 1133 4456 boec
1147 4399 1281 4456 Pithoeus
1295 4399 1323 4454 in
1343 4413 1402 4469 my.
