3078 5072
245 375 285 434 46
621 393 663 434 on
686 393 773 436 vnus
792 393 1010 476 anvsreravs

245 542 334 605 iocos
356 541 564 627 purissimum
592 562 708 625 penem
737 549 769 604 et
790 539 1038 612 homuncionem
1065 541 1301 628 lepidissimum
1326 567 1382 632 ap-

245 641 360 729 pellat,
400 662 527 728 unaque
559 648 590 704 ct
621 640 725 704 altera
758 639 954 705 liberalitate
990 640 1210 729 locupleteuit.
1261 648 1382 732 scripta

246 743 377 828 quidem
401 743 470 805 cius
493 743 701 829 usqueadeo
724 739 876 830 probauit
898 763 1115 830 mansuraque
1138 755 1294 832 perpetuo
1314 747 1382 833 opi·

245 853 342 908 natue
377 851 439 924 cst,
481 851 518 907 ut
549 865 612 908 noo
652 843 746 906 modo
781 841 933 908 Seculare
968 865 1097 910 carmen
1136 837 1382 932 conponendam

210 961 213 974 ·
246 934 444 1009 iniunxerit‘
464 944 520 1008 sed
554 953 586 1008 et
619 942 826 1008 Vindelicum
857 945 1028 1021 uictoriam
1057 946 1182 1011 Tiberii
1216 933 1404 1036 Drusiquec

244 1046 470 1133 priuignorum
509 1067 640 1110 suorum
674 1066 810 1132 eumque
842 1048 985 1130 coegerit
1015 1059 1147 1134 propter
1183 1047 1243 1112 hoc
1276 1048 1382 1114 tribus
1406 1045 1424 1098 ὲ

245 1149 425 1212 carminum
454 1146 553 1212 libris
572 1169 614 1210 ex
633 1145 729 1229 longo
756 1145 929 1210 interuallo
957 1157 1107 1234 quartum
1130 1148 1267 1231 addere3
1308 1158 1382 1235 post

245 1270 410 1314 sermones
438 1269 515 1312 uero
543 1246 699 1334 quosdam
726 1246 825 1312 lectos
853 1246 975 1328 nullam
1000 1250 1050 1314 sui
1075 1252 1271 1314 mentionem
1291 1249 1382 1316 liabi-

230 1356 310 1413 'tam
332 1351 379 1414 ita
405 1351 448 1414 sit
469 1359 620 1436 questus:
658 1348 772 1411 ‘irasci
789 1369 841 1410 me
862 1350 923 1413 tibi
945 1352 1041 1432 scito,
1066 1351 1153 1438 quod
1174 1371 1238 1415 non
1260 1352 1294 1414 in
1315 1350 1383 1437 ple·

245 1453 355 1538 risque
383 1451 452 1514 eius
481 1449 567 1514 modi
596 1450 725 1535 scriptis
752 1470 877 1513 mecum
905 1453 1107 1537 potissimum
1137 1451 1297 1538 loquaris,
1339 1473 1382 1516 an
1393 1469 1417 1508 ¹⁰

245 1552 370 1616 uereris
394 1574 435 1616 ne
463 1551 547 1637 apud
576 1559 721 1634 posteros
750 1549 871 1614 infame
898 1551 958 1616 tibi
978 1555 1035 1635 sit,
1066 1553 1152 1640 quod
1171 1552 1316 1618 uideatis
1335 1554 1382 1617 la·

245 1631 382 1717 miliario
406 1653 499 1718 uobis
528 1649 640 1732 essei'
674 1654 936 1739 expresseritque
961 1653 1108 1739 eclogam
1132 1653 1174 1718 ad
1198 1675 1248 1736 se,
1288 1655 1381 1718 cuius

245 1746 372 1817 initium
396 1763 460 1818 est:

329 1943 345 1992 5
364 1958 421 2008 sqq.
447 1943 595 1992 Commeat.
616 1942 696 2006 Gruq.
712 1944 738 1990 in
753 1943 817 1992 Hor.
837 1943 972 1994 carnaeIV
986 1943 1014 2007 l,
1036 1943 1061 1994 l:
1082 1943 1234 1994 ‘Statuerat
1245 1945 1379 1995 Horatius

246 2009 280 2058 acl
298 2011 409 2060 tertium
426 2026 512 2074 usquc
531 2011 627 2059 librum
646 2009 781 2074 complere
801 2026 867 2075 opus
887 2012 1049 2061 carminum:
1084 2027 1178 2061 uerum
1197 2013 1283 2062 tribus
1302 2013 1380 2061 libris

246 2079 299 2126 iam
319 2079 415 2139 editis,
435 2095 468 2127 cx
488 2079 603 2127 maximo
622 2076 769 2126 interuallo
787 2078 858 2127 hunc
882 2085 1006 2143 quartuor
1025 2081 1146 2130 scribere
1165 2079 1319 2145 compulsus
1339 2085 1380 2129 cst

245 2147 279 2194 ab
299 2147 434 2210 Augusto,
453 2151 484 2195 ut
502 2147 587 2196 rclcrt
600 2146 745 2208 Suetonius
763 2145 791 2194 in
809 2147 869 2194 nita
882 2147 1006 2206 Horatii,
1026 2149 1053 2196 in
1071 2147 1180 2198 laudem
1198 2149 1318 2214 priuigni
1337 2149 1380 2198 sui

243 2211 327 2261 Drusi
340 2214 469 2274 Neronis,
490 2215 535 2278 qui
548 2214 637 2263 uictor
654 2213 687 2261 de
706 2213 802 2262 Raetis
817 2215 971 2264 Vindelicis
990 2216 1081 2264 fuerat
1099 2213 1245 2265 reuersus’
1276 2215 1379 2265 Eadem

244 2282 301 2330 fere
315 2285 405 2330 Acron
424 2282 458 2330 ud
476 2281 503 2329 lr.
518 2281 534 2330 l.
554 2282 606 2330 nisi
619 2275 688 2346 quod
699 2281 858 2330 Suetonium
871 2297 924 2331 non
938 2284 1068 2332 nominat.
1089 2283 1240 2348 l'orplrp'rio
1253 2285 1282 2332 in
1299 2284 1325 2332 h.
1346 2283 1379 2332 l.:

245 2349 325 2398 ‘l‘ost
344 2353 544 2399 consummatos
569 2349 709 2412 editosque
733 2353 788 2398 tres
813 2351 963 2398 carminum
987 2350 1070 2400 libros
1090 2352 1207 2401 niaximo
1231 2351 1379 2401 interuallo

242 2415 315 2465 hunc
340 2425 464 2481 qrrartum
489 2417 607 2466 scribere
631 2415 784 2480 compulsus
809 2432 869 2466 esse
893 2417 994 2466 (licitur
1018 2419 1052 2468 ab
1076 2421 1198 2482 Augusto
1216 2423 1245 2469 ut
1263 2419 1380 2469 Neronis

243 2485 363 2549 priuigni
383 2486 441 2534 cius
459 2487 603 2534 uictoriam
622 2485 655 2534 dc
674 2484 788 2533 lllractis
806 2485 970 2534 Vindeliciis
989 2488 1141 2551 quaesitam
1160 2485 1336 2537 illustraret'

327 2552 413 2616 isqq.
432 2553 583 2618 Porphyrio
596 2553 624 2600 in
642 2553 706 2600 Hor.
727 2553 806 2616 epist.
827 2553 855 2601 Il
874 2552 901 2616 l,
923 2553 949 2602 l:
975 2555 1110 2619 ‘Apparct
1128 2555 1199 2604 laune
1218 2555 1330 2616 librum,
1350 2559 1380 2604 ut

243 2620 473 2684 supradiximus,
497 2621 607 2670 hortatu
626 2619 754 2668 Caesaris
771 2621 903 2684 scriptum
922 2637 996 2684 esse,
1021 2623 1097 2671 cuius
1121 2624 1160 2671 rei
1181 2624 1264 2672 ctiam
1283 2623 1379 2672 Sueto-

243 2688 304 2736 nius
323 2691 418 2736 auctor
437 2691 486 2736 est.
524 2703 586 2736 nam
605 2687 675 2750 apud
693 2701 751 2736 cum
771 2688 889 2752 epistola
907 2689 1047 2738 inuenitur
1074 2691 1190 2754 Augusti
1208 2691 1379 2756 increpantis

243 2755 401 2816 Horatium,
426 2755 496 2819 quod
518 2770 572 2803 non
591 2755 626 2803 ad
648 2769 800 2819 aequoque
825 2757 940 2820 plurima
964 2757 1076 2806 scribat.
1119 2773 1184 2822 ergo
1208 2759 1259 2807 hoc
1278 2759 1380 2824 princi·

243 2823 316 2886 pium
335 2839 396 2871 cum
409 2822 490 2872 laurle
508 2823 679 2887 imperatoris
699 2827 726 2871 ct
744 2824 778 2872 ab
798 2826 990 2886 excusatione,
1010 2825 1080 2890 quod
1098 2825 1174 2874 illum
1192 2826 1280 2876 uoluit
1299 2827 1379 2889 (imario

242 2889 545 2955 uolucritloccupotum
559 2891 624 2940 inre
636 2889 747 2955 publica
761 2890 817 2940 suis
830 2893 960 2957 impedire
978 2891 1169 2943 sermonibus.³
1187 2894 1338 2959 l'orplryrio
1351 2895 1380 2942 in

243 2957 307 3005 lior.
322 2974 363 3022 cp.
384 2956 462 3008 120:
482 2957 567 3007 ‘Sane
588 2974 619 3006 cx
638 2958 679 3006 lris
694 2959 822 3008 uersibus
841 2961 914 3008 etin
932 2961 1068 3026 principio
1087 2964 1226 3026 sequentis
1245 2962 1379 3026 libri-ap·

242 3029 321 3088 purct
333 3024 478 3074 Horatium
489 3025 540 3074 lroc
552 3025 675 3075 uolumen
688 3027 765 3090 qrrasi
778 3028 954 3076 nouissimum
965 3030 1050 3078 totius
1061 3032 1152 3094 operis
1164 3029 1301 3079 imbuisse.
1316 3045 1379 3080 nam

243 3091 391 3142 aimundum
411 3091 586 3156 epistolarum
606 3099 717 3143 coactus
737 3093 859 3144 adiecit)
897 3095 1046 3146 Comment.
1067 3099 1148 3162 Cruq.
1167 3097 1195 3146 in
1215 3098 1239 3146 lr.
1260 3098 1292 3146 l:
1311 3099 1379 3148 ‘Au

242 3167 321 3223 gusto
345 3161 502 3224 increpanti
524 3161 668 3211 Horatium
691 3162 761 3225 quod
784 3179 837 3212 non
863 3165 949 3214 orl-se
969 3181 1074 3229 quoquc
1098 3165 1216 3230 plurima
1234 3166 1378 3228 scriberet,

242 3233 272 3276 ut
290 3227 436 3278 Suetonius
455 3233 551 3278 auctor
569 3233 623 3287 est,
643 3231 671 3278 in
688 3230 783 3294 primis
802 3246 863 3280 cum
875 3231 956 3280 laude
970 3235 1099 3282 Caesaris
1117 3249 1177 3282 sose
1197 3239 1325 3294 exerceat,
1344 3249 1378 3283 no

242 3298 330 3360 ipsum
351 3296 378 3344 in
396 3295 540 3360 republica
558 3303 720 3361 occupatum
739 3299 796 3346 suis
818 3299 929 3364 scriptis
948 3299 1108 3350 detineret'
1145 3303 1235 3351 ,toron
1253 3303 1281 3350 in
1299 3301 1325 3350 lt.
1346 3302 1379 3350 l.:

240 3487 293 3542 μεν
312 3471 444 3526 Nunnius
460 3457 766 3544 ἆνθιπερφρονοῦμεν
781 3472 913 3528 lliurctas
927 3465 941 3552 Η
956 3479 1097 3549 preterea
1115 3477 1142 3530 Ε
1156 3471 1169 3555 Η
1184 3493 1260 3552 sepe
1273 3475 1322 3531 ΟΕ
1333 3470 1347 3556 Η
1366 3488 1376 3539 1

239 3554 426 3630 putissimum
442 3555 595 3610 Lambinus
609 3549 621 3634 Η
637 3573 745 3633 penem
763 3557 909 3613 iliarctus:
936 3575 1015 3634 ponc
1032 3559 1105 3614 ΑΕΒ
1127 3579 1205 3638 pene
1222 3562 1251 3614 E
1261 3579 1379 3636 poenae

241 3641 372 3695 Nunnius
387 3636 399 3720 Η
415 3639 638 3707 homuntionem
654 3641 759 3696 ACDE
771 3636 784 3721 Η
801 3641 916 3718 apellat
927 3643 1001 3698 aul)
1016 3636 1029 3722 Η
1045 3624 1260 3723 3eiusi1sque]
1276 3644 1377 3726 eiusq3

241 3716 289 3802 (Ill
303 3733 450 3803 perpetuo
462 3726 606 3793 Notarius,
627 3727 774 3784 Muretus:
789 3735 937 3803 perpetua
952 3730 1055 3784 ACDE
1067 3728 1080 3807 Η
1096 3730 1235 3808 opinatus
1257 3737 1303 3788 est
1325 3751 1377 3788 em.

241 3811 267 3864 B
289 3801 301 3884 (
305 3853 642 3868 ................
663 3809 818 3887 Cruquias)
841 3805 853 3890 Η
874 3811 990 3871 amodo
1010 3831 1087 3871 corr.
1104 3831 1119 3870 c
1136 3814 1248 3873 mundo
1265 3835 1300 3871 m.
1314 3821 1377 3874 ead.

238 3899 266 3950 in
279 3895 301 3948 (i
315 3890 326 3970 Η
342 3893 571 3973 conponentium
582 3895 853 3974 Ccomponendum
865 3899 974 3954 ABDE
988 3891 1000 3978 Η
1015 3907 1110 3958 Snero
1123 3899 1270 3978 quosdam
1282 3900 1378 3960 lectos

239 3980 343 4035 Acria
356 3998 429 4038 uero
447 3979 543 4037 lectos
563 3981 711 4057 quosdam
729 3982 872 4054 Craquius
887 4001 960 4041 uero
983 3983 1079 4042 lectos
1101 3985 1235 4042 lllurctrrs
1256 4005 1378 4065 quoque

153 4059 162 4072 ’
238 4061 333 4122 lectos
350 4065 481 4122 Narmius
496 4059 509 4146 Η
523 4066 697 4122 memoriam
709 4069 736 4122 Ε
749 4069 836 4136 (corr.
855 4085 890 4124 m.
909 4070 935 4142 i)
954 4062 966 4148 Η
985 4079 1011 4130 lt
1030 4071 1141 4127 ueteris
1154 4071 1241 4142 (corr.
1259 4091 1293 4128 m.
1314 4079 1339 4146 i)
1359 4073 1382 4129 G

240 4143 252 4222 Η
278 4157 309 4207 ta
329 4147 417 4206 nobis
440 4153 525 4206 intrim
549 4153 702 4208 recentiori
724 4171 798 4209 marr.
818 4156 848 4208 ic
870 4155 896 4208 Ε
913 4171 1063 4226 suprascr.
1091 4148 1104 4234 Η
1133 4158 1378 4236 expresseritque

236 4235 354 4302 scripsi,
371 4237 442 4289 idem
460 4238 589 4291 correcti
607 4237 809 4294 nortmannus
823 4241 851 4293 in
868 4255 921 4311 rap.
938 4241 981 4296 cci.
1005 4241 1089 4313 Wolf.
1106 4259 1190 4312 priam
1207 4243 1380 4300 Ritscitelius

237 4319 307 4374 milri
330 4323 534 4394 commoratam
560 4321 770 4399 expressitque
785 4325 852 4379 libri
870 4317 883 4401 Η
906 4323 1043 4400 eclogam
1065 4327 1213 4384 lllrrrctus:
1238 4327 1378 4404 eglogom

237 4401 341 4460 Acon
353 4401 484 4478 elogium
505 4405 638 4462 Nunnius
658 4399 671 4485 Η
691 4405 730 4463 ad
748 4427 780 4466 sc
800 4425 852 4464 om.
867 4411 894 4465 B
909 4403 922 4488 Η
939 4419 972 4471 13
991 4411 1114 4470 inicium
1137 4411 1159 4467 0
1245 4463 1252 4478 ,

278 4557 299 4590 “
681 4531 695 4560 0
