3064 5064
648 409 689 450 ne
711 408 828 452 scaris
1188 450 1191 460 ,
1267 391 1307 455 73

162 557 307 623 moriens
335 577 495 622 annorum
521 555 591 622 fere
617 577 687 622 sex.
735 556 855 622 Fuluia
882 557 1033 625 Sisennia
1060 562 1173 651 nupsit
1194 569 1310 650 postea

162 662 286 726 Fuscio
308 660 412 748 equiti
440 657 586 724 Romano
615 667 648 723 et
677 680 750 724 eum
781 682 910 748 quoque
934 661 1052 729 extulit
1079 663 1165 728 intra
1186 685 1307 752 paucos

161 783 278 832 annos.
328 759 456 848 studrfit
481 759 620 825 Flaccus
648 783 752 848 usqne
780 761 823 826 ad
853 783 974 826 annum
997 764 1067 828 XII
1090 767 1205 830 aetatis
1229 787 1308 830 snae

160 863 363 946 Volaterris,
381 863 458 928 inde
476 863 598 930 Bautae
620 862 707 951 apud
722 866 970 948 grammaticum
993 867 1176 932 Remmium
1194 865 1308 932 Palae·

138 987 292 1030 amonem
316 975 349 1030 et
363 965 451 1054 apud
470 964 631 1030 rhetorem
649 964 843 1052 Verginium
866 965 1016 1032 Flauum.
1051 989 1124 1033 cum
1147 976 1233 1032 esset
1252 991 1308 1032 an-

159 1091 280 1134 norum
301 1066 402 1149 XVI,
426 1067 570 1148 amicitia
591 1068 698 1154 coepit
718 1068 765 1130 nti
784 1068 914 1136 Annaei
935 1067 1087 1152 Cornuti,
1110 1070 1158 1137 ita
1179 1080 1217 1134 ut
1233 1071 1307 1134 nu's-

160 1191 262 1257 quam
280 1169 322 1234 ab
340 1191 378 1234 eo
400 1167 599 1252 discederet,
630 1167 782 1234 inductus
801 1169 1006 1256 aliquatenus
1022 1172 1056 1234 in
1072 1169 1308 1256 philosophiam

160 1281 224 1336 est.
269 1273 392 1337 amicos
422 1271 537 1350 hahuit
564 1292 584 1334 a
612 1273 719 1358 prima
740 1269 965 1344 adulescentia
992 1269 1144 1336 Caesiuln
1170 1272 1308 1338 Bassum

159 1383 294 1460 poetam
317 1383 350 1438 et
375 1371 588 1459 Calpurnium
604 1371 784 1455 Statorem,
808 1373 863 1458 qni
886 1373 962 1437 uiuo
986 1395 1024 1438 co
1047 1373 1175 1438 iuuenis
1198 1373 1308 1438 daces-

125 1478 217 1540 rnsit.
270 1474 372 1539 coluit
400 1483 436 1538 nt
467 1482 591 1561 patrem
620 1473 796 1539 Seruilium
821 1472 1046 1548 Nonianum
1064 1476 1218 1560 cognonit
1250 1497 1308 1562 per

160 1577 348 1642 Cornutum
370 1577 468 1640 etiam
495 1577 666 1642 Annaeum
686 1573 861 1640 Lucanum
888 1597 1092 1663 aequaeuam
1123 1577 1306 1642 auditorem

160 1674 315 1742 Cornmi'.
339 1677 427 1762 [nam
447 1677 610 1744 Cornutus
626 1676 682 1741 illo
696 1685 840 1764 tempore
855 1679 1001 1763 tragicus
1022 1678 1086 1740 tuit
1104 1687 1212 1742 sectae
1233 1683 1307 1764 poe·

158 1781 265 1862 ticae,
280 1779 337 1865 qui
348 1778 449 1846 libros
463 1778 688 1880 philosophiae
702 1777 844 1866 reliquit.
867 1777 935 1866 scd]
949 1778 1104 1844 Lucanus
1119 1779 1199 1846 adeo
1211 1781 1308 1857 mira·

160 1881 262 1946 batur
280 1881 404 1968 scripta
419 1879 546 1962 Flacci,
569 1889 605 1944 ut
623 1881 682 1944 nia
697 1881 853 1945 retineret
870 1902 904 1943 sc
921 1881 1077 1945 recitante
1101 1902 1138 1945 eo
1155 1901 1227 1946 cnm
1243 1881 1307 1945 cla-

127 1999 150 2040 15
158 2004 264 2064 more,
277 1983 356 2070 quin
367 1979 425 2066 illa
436 2003 507 2047 erse
518 2003 597 2046 nera
608 1991 758 2068 poemata
769 1981 975 2062 diceretesua
985 1983 1055 2068 ipse
1066 1961 1306 2077 ludoslaoerat.

158 2105 236 2150 sero
253 2084 410 2168 cognouit
424 2092 456 2148 et
474 2083 650 2166 Senecam,
673 2083 731 2148 sed
753 2105 817 2150 non
833 2093 870 2148 nt
886 2091 1057 2170 caperetur
1077 2083 1148 2148 einh
1163 2083 1305 2169 ingenio.

250 2273 264 2323 1
283 2273 374 2324 Schol.
394 2275 470 2324 Pars.
489 2273 528 2324 VI
546 2271 575 2324 o:
596 2273 634 2324 ‘so
654 2274 741 2340 ipsum
759 2275 871 2324 Persius
888 2271 1029 2340 signitieat
1047 2275 1196 2326 secessisse
1214 2278 1242 2326 in
1260 2277 1307 2326 Li·

160 2343 259 2404 pariae
278 2341 362 2404 fines,
387 2341 519 2392 uidelicet
541 2347 652 2406 propter
676 2341 802 2392 Fuluiam
821 2341 976 2392 Sisenniam
998 2347 1114 2391 matrem
1136 2356 1211 2393 auam
1236 2359 1306 2408 quae

161 2415 225 2476 post
244 2417 360 2460 mortem
378 2410 477 2474 prioris
495 2410 548 2458 uiri
567 2410 606 2458 ibi
625 2415 710 2474 nupta
730 2409 814 2460 erat’
1022 2465 1024 2470 ,

246 2477 264 2526 8
283 2477 375 2528 Schol.
400 2479 477 2528 Pers.
495 2477 535 2528 vt
554 2475 582 2526 l:
623 2477 708 2528 ‘hanc
727 2479 841 2527 satiram
864 2477 962 2528 scribit
984 2477 1095 2528 Persius
1109 2477 1154 2527 ad
1178 2477 1307 2530 Caesium

161 2547 278 2595 Bassum
294 2551 404 2610 poetam
417 2545 541 2609 lyricum,
561 2560 639 2609 quern
653 2545 728 2594 lama
747 2551 789 2595 cst
807 2546 835 2594 iu
848 2545 969 2610 praediis
988 2545 1044 2594 suis
1062 2545 1178 2610 positum
1193 2547 1306 2597 ardente

160 2613 284 2663 Vesunio
303 2617 393 2703 rponte
413 2613 582 2678 Campaniae
602 2619 630 2662 et
647 2612 704 2663 late
723 2613 834 2678 ignibus
853 2611 1011 2662 abundante
1030 2627 1090 2662 enm
1109 2613 1177 2662 nilla
1195 2629 1245 2663 sua
1264 2630 1306 2664 us·

160 2691 219 2730 tum
238 2697 310 2731 esse.

249 2749 280 2798 10
298 2747 389 2800 Schol.
409 2749 486 2798 Pers.
506 2748 533 2798 11
555 2747 580 2797 l:
601 2747 760 2813 ‘alloquitur
771 2748 923 2798 Macrinum
936 2747 1074 2798 hominem
1085 2765 1152 2799 sano
1172 2749 1308 2800 eruditum

160 2825 188 2866 et
208 2823 325 2882 paterno
343 2831 373 2865 se
392 2815 494 2866 affectu
511 2815 687 2882 diligentem,
711 2817 757 2880 qni
775 2816 803 2864 in
827 2817 905 2866 domo
924 2817 1035 2866 Seruilii
1053 2817 1198 2880 didicerat,
1219 2833 1236 2867 a
1254 2833 1306 2884 quo

159 2884 283 2950 agellum
302 2889 515 2950 comparauernt
531 2883 637 2934 indulto
656 2885 709 2934 sihi
728 2884 817 2949 pretio
836 2882 1003 2950 aliquante’

247 3081 261 3134 l
286 3072 471 3132 SisenniaG
494 3073 629 3130 Pithoeus
655 3068 788 3131 Sisenna
809 3076 832 3130 L
857 3069 994 3132 Sinenna
1016 3073 1044 3128 P
1069 3075 1221 3130 mater'r'u
1236 3078 1306 3132 edt-

158 3161 286 3217 tr'onr'hus
303 3161 421 3216 additur
436 3152 450 3238 Η
465 3165 482 3217 2
496 3157 607 3215 Fascio
629 3159 656 3212 P
667 3157 779 3216 Fusico
797 3160 820 3215 L
835 3158 927 3216 Fusio
946 3159 968 3214 G
983 3147 997 3236 Η
1013 3156 1122 3215 extulit
1144 3155 1174 3214 id
1190 3167 1237 3214 est
1252 3178 1305 3216 nn·

158 3245 245 3302 trinit
262 3253 293 3302 et
309 3241 385 3300 aluit
402 3245 430 3300 P
442 3237 487 3324 Ηὸ
505 3241 615 3300 aetatis
633 3260 708 3300 snae
724 3242 776 3300 oni.
794 3245 821 3300 P
834 3237 847 3323 Η
862 3252 879 3304 4
894 3242 932 3299 R.
948 3239 1165 3300 Palaemonem
1182 3244 1204 3300 G
1221 3237 1233 3321 Η
1249 3243 1306 3302 Pa-

158 3329 311 3388 lemonem
327 3329 350 3384 L
365 3321 378 3409 Η
394 3339 410 3389 5
427 3326 579 3388 rethorem
601 3329 625 3384 L
644 3327 796 3386 hretorem
816 3331 839 3385 G
868 3323 873 3406 Η
895 3323 1064 3401 Virginium
1081 3345 1172 3398 supra
1187 3331 1234 3385 lta.
1255 3323 1302 3406 Gi,

157 3415 292 3472 Planum
305 3413 332 3470 P
344 3407 357 3492 Η
373 3411 573 3474 eamiciciaL
588 3407 601 3491 Η
616 3411 710 3470 Annii
722 3413 746 3468 L
756 3412 795 3472 A.
811 3415 833 3470 G
850 3409 853 3491 Η
877 3421 891 3475 7
908 3431 926 3468 a
939 3429 998 3489 quo
1012 3409 1151 3468 inductus
1163 3415 1225 3468 cdd.
1240 3420 1304 3469 vett.

159 3509 189 3558 ct
202 3499 480 3558 indoctus-Iahnius
492 3500 520 3553 in
531 3500 577 3557 ed.
590 3501 655 3554 min.
672 3491 685 3576 Η
700 3496 893 3574 philosophia
905 3499 932 3552 P
944 3495 956 3575 Η
972 3495 1120 3555 SCcsium
1133 3497 1155 3550 L
1167 3495 1305 3554 (lessium

159 3587 186 3642 P
196 3585 231 3643 C.
248 3587 273 3642 G
288 3579 302 3663 Η
317 3579 458 3641 Bassium
473 3583 522 3638 LG
534 3581 675 3638 hassiam
688 3585 715 3638 P
733 3575 745 3661 Η
766 3591 782 3644 9
797 3581 830 3641 C.
846 3584 868 3639 G
887 3579 1103 3660 Oalphurnium
1115 3582 1138 3636 L
1153 3573 1165 3660 Η
1183 3582 1306 3639 Statura

157 3673 186 3727 P
204 3667 314 3726 Suram
330 3671 403 3726 conr'.
420 3667 605 3724 Carantonus
622 3661 634 3748 Η
651 3676 683 3726 10
698 3675 729 3724 nt
741 3686 794 3724 om.
810 3669 858 3725 LG
874 3661 887 3745 Η
902 3663 1083 3724 Nomianum
1097 3667 1120 3722 L
1135 3663 1306 3722 Numanum

157 3757 186 3812 P
204 3747 218 3834 Η
303 3753 368 3810 cuit
390 3745 445 3832 ΡΗ
468 3761 495 3814 ll
516 3749 679 3809 Cornutum
698 3754 720 3808 L
741 3745 754 3831 Η
778 3753 934 3810 Annaeum
950 3751 1041 3810 etiam
1059 3752 1088 3808 P
1100 3743 1113 3830 Η
1127 3749 1307 3808 AnnenmL

157 3841 198 3897 A.
223 3841 245 3897 G
272 3831 278 3918 Η
298 3832 502 3917 aequaeuam]
527 3837 661 3913 equitnm
681 3825 707 3892 't
721 3828 734 3916 Η
753 3844 784 3896 ta
806 3855 875 3894 nam
890 3835 1002 3894 -sed
1024 3838 1129 3894 seclusi
1147 3845 1306 3907 praeeunte

51 3921 55 3926 ’
159 3925 288 3998 Berptn'o
302 3915 316 4002 Η
332 3923 447 3980 traions
460 3923 707 3996 Pgrammations
717 3922 872 3979 Morttm'us
882 3923 917 3979 de
931 3921 1054 3978 Cornuto
1061 3939 1093 3992 p.
1107 3927 1145 3978 50
1159 3913 1172 4000 Η
1191 3929 1222 3982 13
1232 3939 1305 3998 poe·

156 4003 254 4086 ricae]
269 4007 384 4066 stoicae
395 4007 530 4064 Pithoeus
544 4001 557 4082 Η
573 4005 704 4084 reliquid
717 4007 740 4062 L
755 4001 769 4085 Η
786 4015 817 4066 tr
828 4003 1112 4064 mirabaturadeoL
1125 3996 1139 4085 Η
1156 4005 1306 4081 scrIptura

163 4097 191 4150 P
204 4089 218 4168 Η
236 4113 270 4150 se
283 4092 431 4150 retineret
447 4086 497 4171 ΕΗ
513 4093 662 4150 recitante
680 4109 715 4148 eo
732 4109 799 4150 cnm
816 4093 954 4148 latratus:
971 4089 1149 4148 recitantem
1164 4093 1230 4148 tihrr'
1244 4085 1256 4168 Η
1275 4101 1304 4150 to

155 4179 233 4258 quin
248 4176 304 4234 illa
322 4195 390 4234 essa
411 4195 485 4235 nora
502 4183 643 4255 poemata
660 4175 790 4245 diceret,
813 4195 869 4234 sua
885 4175 949 4252 ipse
968 4173 1054 4234 ludos
1070 4175 1186 4234 Iaceret
1202 4178 1307 4248 scripsi

150 4264 366 4337 praeeuntibus
385 4263 513 4320 thettero
528 4271 555 4319 et
579 4263 607 4320 O.
630 4263 663 4318 F.
681 4262 865 4318 Hermonem
890 4279 968 4338 qnae
987 4257 1123 4318 illaesae
1142 4279 1216 4317 uera
1238 4259 1305 4338 ipsa

154 4355 299 4427 poemata
319 4345 386 4424 ipse
407 4344 470 4404 luto
493 4346 597 4405 Iacere
615 4349 637 4404 L
653 4363 731 4424 qnae
751 4343 805 4403 illa
824 4345 891 4422 ipsa
907 4363 982 4402 uera
1004 4363 1074 4402 csse
1084 4354 1227 4512 poemata
1249 4364 1304 4402 suo

153 4429 230 4491 Indo
250 4431 405 4490 IaceretG
422 4431 496 4512 quin
506 4431 559 4490 illa
569 4449 637 4490 csse
660 4449 735 4490 nera
754 4439 895 4509 poemata
913 4427 1030 4490 diceret
1045 4432 1072 4485 P
1114 4437 1147 4492 to
1165 4439 1195 4488 ct
1209 4447 1262 4490 om.
1281 4431 1307 4488 P
