3138 5100
480 381 508 420 n.
526 361 714 422 RJT‘scttnmt
731 381 982 442 uonnnnrsstvs
1238 365 1294 426 531

166 531 274 604 europae
295 529 431 604 Vupellr'ua
454 547 531 590 mena
552 536 579 590 in
602 537 646 591 illo
664 538 755 593 inclito
773 540 897 593 carmine
918 538 958 593 ‘n‘
976 537 1128 592 cadurtium
1144 535 1196 593 est’
1216 539 1302 612 mosot
1322 529 1328 543 '

166 629 255 700 ‘mitt
271 634 375 689 ecoelo
389 635 519 692 occiduae
532 639 640 692 uelim.’
677 635 813 714 Quorum
831 645 967 696 extrema
991 641 1095 696 ceneto
1110 641 1238 696 condisse
1251 653 1300 694 ae-

164 733 210 788 lim
227 729 279 810 qui
294 730 334 790 ad
354 731 524 794 hexametri
545 737 725 817 principium
744 738 874 812 referat,
895 759 956 798 non
977 759 1068 820 posse
1090 759 1150 798 non
1172 738 1300 799 haerere

152 833 196 911 ‘in
215 835 261 893 oia
278 853 358 914 quae
372 837 562 916 praecedunt
577 859 702 899 ntrmcro
724 840 877 921 dactylico
894 851 999 921 aperta
1019 841 1215 919 refragantia.
1247 843 1298 904 Li·

163 933 266 996 berino
287 937 378 1018 igitur
398 947 510 1019 poetae
532 939 634 1002 verbis
651 943 801 1002 Senecam
821 963 907 1004 usum
925 943 1016 1004 talem
1036 945 1136 1025 potius
1153 947 1184 1006 in
1198 951 1298 1005 monte

162 1036 305 1099 habuisse
321 1042 473 1101 senarium
488 1042 599 1102 videri:
848 1105 856 1124 ,

364 1139 478 1202 Si'mr'lu'
489 1149 641 1204 cudendum
658 1157 710 1218 est,
725 1149 855 1206 cecidisse
869 1167 885 1206 e
899 1149 975 1207 coeld
989 1151 1077 1208 uelim.

162 1239 305 1306 Senarios
321 1256 421 1306 autem
443 1265 511 1306 cnm
528 1247 618 1306 ctiam
634 1249 748 1308 Donati
768 1250 936 1310 versiculos
953 1249 1133 1323 habeamus,
1154 1249 1229 1310 nihil
1244 1250 1296 1311 ob·

160 1356 242 1407 atara
257 1349 416 1429 quominus
433 1358 464 1409 et
475 1369 567 1409 unum
579 1349 771 1433 eundemque
786 1353 942 1432 utriusque
957 1351 1111 1430 scriptoris
1124 1352 1297 1431 Vagallium

161 1445 320 1511 credamus
339 1460 369 1510 et
383 1453 512 1512 fortasse
531 1454 623 1512 etiam
643 1442 790 1512 ‘inclitum
808 1455 939 1514 carmen'
962 1453 1037 1513 illud
1052 1473 1110 1514 non
1127 1454 1211 1514 aliud
1228 1475 1296 1516 essa

159 1554 217 1611 nisi
233 1552 412 1613 ‘Actionem'
429 1554 626 1634 suspicemur.
663 1555 751 1634 Quas
767 1557 793 1616 si
809 1565 893 1616 certa
907 1577 968 1616 non
983 1564 1067 1628 aunt,
1085 1565 1117 1616 at
1132 1559 1213 1618 veris
1227 1575 1295 1638 pro·

157 1653 273 1735 pinque
287 1655 394 1716 haberi
409 1666 560 1736 poterunt.
588 1656 649 1717 Sed
667 1656 705 1717 de
723 1660 855 1718 carmine
872 1677 1061 1740 quocumque
1079 1658 1167 1718 modo
1179 1659 1294 1720 iudica·

158 1755 252 1832 bitur,
278 1759 391 1833 Vopellir'
406 1759 528 1840 quidem
548 1779 657 1820 nomen
674 1753 848 1822 coniectura
863 1769 1015 1842 repertum
1031 1779 1098 1820 esna
1118 1760 1296 1822 felicissima

158 1859 292 1935 confido,
311 1879 494 1942 quamquam
509 1883 569 1922 non
585 1864 707 1942 ignarus
724 1861 763 1922 ad
780 1863 879 1922 omnia
896 1863 957 1922 alia
973 1861 1064 1941 ct‘(ut
1081 1863 1174 1946 solet)
1194 1864 1295 1925 aliena

157 1961 196 2020 de
212 1961 350 2022 Senecae
372 1963 476 2024 vertis
493 1965 692 2025 coniectando
709 1965 837 2026 eundem
854 1965 939 2024 illum
955 1967 1111 2043 Vngerum
1130 1985 1226 2047 nuper
1242 1967 1293 2027 de·

76 2139 79 2146 ²
156 2063 275 2144 lapsum
296 2085 364 2125 esse
382 2059 423 2124 ¹in
448 2086 485 2126 ea
511 2068 764 2130 commentatione
787 2087 878 2149 quarn
904 2067 941 2126 da
964 2067 1082 2126 Lucani
1105 2069 1243 2128 Heliacis
1267 2089 1292 2128 a.

156 2175 226 2230 laea
240 2166 343 2226 edidit.
379 2167 529 2228 Nimirum
546 2168 666 2229 blandis
682 2169 844 2230 verborum
862 2168 1021 2228 lenociniis
1042 2187 1188 2229 summam
1205 2170 1293 2230 nobis

154 2267 312 2330 lenitatem
333 2270 404 2330 talia
427 2271 659 2352 permutationis
680 2272 848 2332 litterarum
868 2271 1056 2350 persuadere
1074 2271 1175 2330 studet
1197 2291 1292 2354 quaa

153 2375 287 2446 repellite
303 2371 358 2432 fiat
374 2391 441 2432 uero
456 2391 581 2434 annaeus
595 2379 720 2433 lucanas.
1109 2449 1113 2458 .

237 2474 313 2552 Pag.
326 2474 365 2536 85
375 2489 518 2536 veranum
530 2475 614 2536 6-8
623 2476 702 2535 haec
715 2483 762 2535 est
775 2476 807 2534 in
820 2483 925 2535 vetere
934 2474 1073 2534 Parisino
1089 2475 1222 2553 species:
1239 2477 1294 2536 toa

152 2593 225 2652 quaa
239 2587 376 2636 uocantur
390 2579 507 2652 subulae
520 2582 600 2637 cuiae
612 2587 688 2636 sunt.
728 2595 783 2636 nora
797 2579 850 2636 tao
869 2582 918 2652 qui
935 2581 999 2635 iura
1014 2581 1127 2652 populis
1146 2581 1292 2638 retentione

152 2679 236 2736 dotat
254 2696 358 2736 sturmo
377 2681 481 2738 tonora
498 2683 617 2755 affectus
633 2681 701 2755 fecit
718 2681 837 2754 fabulas.
876 2679 945 2738 Nec
963 2679 1089 2738 multum
1111 2681 1204 2739 ceteri
1220 2679 1289 2740 libri

153 2771 408 2860 discrepantium
425 2781 506 2862 quod
521 2801 575 2863 pro
588 2783 735 2841 rotantibus
749 2783 778 2841 in
793 2781 949 2862 plerisque
965 2785 1167 2840 recenseantur
1180 2773 1288 2856 anstai,

151 2887 351 2942 recentioribus
366 2903 404 2944 ex
420 2883 499 2944 Italo
514 2883 644 2965 quodam
665 2883 772 2944 codice
787 2885 1025 2944 ‘vetustissimo’
1041 2883 1166 2943 affertur
1182 2902 1200 2944 a
1214 2885 1289 2946 Bar·

122 2981 126 2989 ’
150 2985 214 3044 thio
230 2984 397 3046 Adversas.
415 2999 459 3060 vt,
476 2997 519 3052 26.
553 2987 590 3046 In
604 2987 651 3047 his
666 2996 767 3048 autem
784 2985 984 3068 expediendis
1000 2984 1059 3046 dici
1073 2987 1180 3066 nequit
1194 3009 1289 3070 quan·

151 3095 215 3146 tum
231 3107 264 3146 se
279 3087 370 3166 longo
386 3107 425 3148 ex
440 3101 575 3170 tempore
595 3087 676 3149 docti
692 3089 830 3150 homines
846 3089 1002 3150 torserint:
1026 3087 1174 3168 Iosephus
1191 3087 1287 3149 Scali-

151 3210 204 3270 ger
219 3189 380 3251 Animadv.
397 3193 427 3252 in
442 3190 567 3251 Eusebii
583 3190 726 3251 Ohronol.
743 3213 774 3272 p.
792 3201 842 3255 144
857 3191 904 3252 cd.
923 3191 986 3267 alt,
1001 3191 1094 3250 Ianus
1106 3191 1287 3277 Rutgersins

150 3291 222 3352 Var.
242 3293 312 3354 lect.
330 3305 357 3366 1,
377 3303 403 3369 7,
418 3296 484 3374 ipsc
501 3293 644 3354 Barthius
658 3293 679 3352 l.
696 3313 720 3353 s.
736 3314 780 3366 s.‚
796 3303 902 3353 nostra
917 3265 1018 3352 audam
1033 3292 1177 3352 memoria
1195 3291 1286 3352 Caro-

150 3393 198 3454 lus
213 3396 340 3455 Beierus
355 3397 385 3455 in
401 3394 467 3456 (lic.
481 3394 568 3455 Laa'l.
585 3415 616 3476 p.
635 3404 682 3459 141
692 3391 731 3472 *),
749 3393 892 3473 Vngerus
911 3393 949 3454 de
961 3395 1065 3472 Valgii
1079 3393 1149 3454 Ruti
1163 3413 1286 3506 popam·

212 3562 244 3630 ⁸)
273 3565 368 3616 Beiari
390 3565 489 3628 verba,
513 3565 611 3631 quibus
636 3563 899 3630 disputatiunculam
922 3577 1000 3614 snam
1024 3561 1175 3624 conclusit,
1200 3563 1285 3613 animi
1383 3589 1386 3594 ·

149 3665 249 3702 caussa
268 3651 417 3718 adscripsi:
437 3649 631 3715 ‘fragmentum
650 3649 721 3700 enim
740 3654 895 3714 corruptum
913 3663 974 3698 essa
993 3653 1076 3713 atque
1094 3647 1284 3699 emendatione

148 3734 239 3786 adhuc
258 3751 354 3804 agere,
379 3737 471 3787 sobria
490 3736 597 3802 ingenii
615 3733 739 3786 sollertia
757 3733 864 3783 iudicat
882 3733 963 3798 longe
982 3733 1163 3799 peritissimus
1182 3733 1286 3783 arbiter

146 3821 218 3887 Aug.
236 3821 412 3878 Weicbertus
435 3822 463 3872 in
485 3820 643 3887 pererudita
665 3821 871 3870 commentatione
895 3819 926 3868 de
952 3817 977 3869 C.
1005 3820 1095 3884 Vulpio
1118 3818 1184 3881 liufo
1205 3823 1290 3882 poeta

147 3905 272 3971 (Grimae
292 3923 324 3957 er
343 3907 416 3958 offic.
431 3905 604 3957 Goeschenia
625 3903 698 3954 1827.
717 3903 754 3968 4.)
773 3903 871 3970 fragm.
885 3901 965 3976 1an
995 3903 1128 3953 Nimirum
1146 3902 1228 3968 plane
1241 3903 1283 3952 aui

146 3993 248 4044 similis
265 3993 440 4044 Waichertus
465 3991 558 4042 extitit
575 3992 654 4040 Poet.
672 3989 722 4040 lat.
742 3987 822 4053 reliq.
841 4005 866 4053 p.
886 3985 936 4038 ²39
950 4003 1011 4056 vsq„
1034 4003 1124 4038 rerum
1146 3987 1286 4038 inutilium

146 4083 222 4130 sune
240 4077 381 4143 molestus,
399 4077 485 4128 hebes
502 4077 614 4127 indicio.
635 4101 666 4110 —-
685 4075 813 4125 Ceterum
825 4087 860 4123 ne
874 4074 937 4138 quid
949 4073 1160 4134 desideraretur,
1179 4073 1281 4123 iniruo

144 4169 228 4216 taoaa
246 4164 409 4216 emendandi
427 4165 574 4214 conanime
591 4161 702 4212 duorum
720 4173 846 4210 veranum
864 4157 982 4224 priorum
999 4159 1073 4208 inira
1086 4159 1192 4223 scripsi.
1222 4159 1282 4208 Hae

146 4265 212 4319 puae
225 4257 349 4302 uocantur
357 4249 461 4314 fabulae
478 4247 597 4310 Terentii,
612 4247 670 4296 Non
682 4245 728 4294 lna
740 4245 782 4309 qui
793 4245 851 4292 tura
863 4243 965 4294 Pollius
977 4244 1092 4309 pentibus
1104 4243 1181 4292 datar
1194 4241 1280 4292 Scali-

145 4351 205 4402 ger.
241 4338 301 4388 Hac
320 4352 384 4404 quoe
402 4339 525 4385 uocantur
540 4333 644 4398 (abulae
663 4331 748 4388 tuias,
773 4331 846 4380 nona'
866 4344 911 4378 eus
935 4327 982 4388 Qui
998 4331 1056 4378 iuro
1075 4330 1189 4392 populna,
1214 4329 1281 4389 lepra

144 4419 260 4487 pentilus
278 4419 355 4471 dabat
373 4420 545 4486 Rntgersins.
580 4417 749 4469 turemtaooe
767 4413 833 4480 qnuc'
849 4421 974 4465 uocantur
988 4415 1092 4479 sabratae
1110 4413 1181 4463 cuioc'
1197 4413 1281 4462 dent?

1012 4499 1077 4561 34*

123 4660 194 4695 r*
