3138 5100
521 373 549 414 r.
565 333 999 414 mr’sonnmnoounnsraarvs
1261 355 1322 418 519

184 525 276 584 niano
306 523 469 584 abhorrere
499 522 532 583 in
555 523 614 582 hoe
640 541 753 601 genere
781 526 845 582 dicit
867 523 1050 604 perspicitur
1076 544 1092 584 e
1118 524 1183 586 vita
1207 523 1236 584 d.
1261 523 1320 586 Iul.

183 637 217 690 55
234 633 310 686 extr.

269 725 345 805 Peg.
359 725 410 798 82,
426 725 464 787 14
478 709 584 786 mirum
602 734 649 788 est
661 735 723 786 mm
738 725 789 786 diu
808 727 955 808 concoqui
969 728 1105 814 potuisse
1120 725 1201 809 quod
1217 729 1322 808 vulga·

183 838 231 890 tur
252 847 313 890 cum
332 837 438 888 caruem
452 838 480 887 ei
492 838 551 889 ecio
570 831 674 904 sabaia
687 833 830 888 conuersas
851 829 1056 889 aManaadro:
1077 849 1136 912 quo
1158 831 1235 890 nihil
1252 851 1320 892 nar-

182 932 243 992 rari
259 930 430 1004 absurdius,
441 931 517 990 nihil
531 931 628 1008 magis
643 929 803 990 ridiculum
814 931 923 1010 potuit.
945 930 1028 1010 Quid
1041 931 1141 994 euim?
1158 933 1242 994 cuius
1259 934 1319 994 for·

183 1044 265 1096 tasse
292 1053 354 1094 non
378 1033 483 1114 plures
508 1052 598 1114 quam
624 1033 758 1113 quinque
785 1041 816 1094 et
844 1041 965 1094 centum
991 1033 1114 1094 tabulae
1140 1036 1322 1097 exstiterunt

183 1129 326 1212 omninoj
342 1135 375 1196 id
395 1133 475 1216 quod
491 1133 697 1213 Apollodorus
717 1142 847 1216 testatus
868 1143 915 1195 cst
937 1133 1018 1216 apud
1035 1133 1169 1196 Gellium
1184 1149 1273 1211 xvii,
1293 1148 1320 1212 4,

183 1239 358 1300 eiusdemne
373 1235 534 1298 Menandri
547 1245 582 1296 nt
597 1245 666 1296 octo
681 1255 773 1316 supra
789 1246 910 1298 eentum
924 1237 1052 1298 Latinus
1066 1246 1159 1318 poeta
1171 1237 1319 1298 verterit?

183 1349 214 1423 et
233 1342 259 1400 si
280 1340 331 1400 vel
350 1357 429 1400 evin
446 1339 497 1398 vel
513 1357 567 1398 cix
587 1339 700 1398 fuerint
720 1339 887 1400 secundum
906 1339 982 1399 alios
1000 1349 1141 1400 auctores
1158 1339 1196 1400 ab
1213 1338 1320 1400 eodem

183 1442 284 1504 Gellio
306 1448 502 1516 memoratos,
524 1439 702 1520 quibuscum
728 1441 839 1502 Suidas
865 1441 955 1516 facit,
983 1461 1035 1502 eas
1060 1451 1095 1502 ut
1116 1443 1204 1504 unius
1225 1443 1321 1502 ferme

182 1547 254 1606 anni
275 1547 375 1625 spatio
399 1540 452 1624 (ab
474 1551 579 1628 apelii
601 1541 641 1602 ad
665 1542 731 1622 595)
757 1563 861 1610 omnes
879 1541 1071 1604 banetulerit
1090 1546 1121 1604 h.
1144 1563 1170 1608 e.
1192 1543 1320 1622 singulis

181 1645 336 1708 mensibus
353 1644 474 1706 circiter
491 1644 653 1706 novenas?
675 1645 751 1704 nihil
765 1654 798 1705 ut
820 1643 859 1706 de
880 1653 1021 1726 quattuor
1042 1645 1093 1706 vel
1110 1647 1244 1726 quinque
1260 1645 1321 1706 illis

182 1747 281 1812 dicam
302 1766 379 1830 quas
397 1767 436 1808 ex
452 1745 561 1808 eodem
574 1766 698 1808 numero
715 1747 840 1808 Latinae
861 1749 921 1807 iam
936 1748 1053 1808 Romae
1069 1749 1198 1808 fecerat.
1242 1747 1320 1806 Tam

181 1851 275 1928 igitur
289 1849 494 1930 prodigiosam
514 1851 688 1910 memoriam
709 1849 858 1929 proditam
877 1869 895 1908 a
917 1857 1021 1910 vetere
1042 1851 1190 1930 scriptore
1208 1847 1320 1909 Cosco-

181 1953 233 2012 nio
250 1951 445 2032 putabimus?
469 1959 500 2011 et
515 1952 541 2010 si
556 1951 643 2012 modo
659 1951 781 2032 prodita
799 1952 906 2026 fuerit,
929 1931 1081 2012 mentione
1102 1951 1225 2030 dignam
1243 1950 1320 2012 Sue·

182 2056 265 2114 tonio
280 2053 398 2114 visam?
423 2062 453 2114 et
474 2053 500 2112 si
519 2052 612 2130 digna
632 2054 716 2124 visa,
734 2055 800 2114 sine
816 2054 879 2116 ullo
894 2053 1093 2116 dubitationis
1109 2052 1220 2143 indicio
1241 2053 1320 2113 rela-

181 2155 266 2218 tam?
294 2157 404 2238 Apage
422 2165 485 2214 tam
501 2154 708 2216 incredibilia:
731 2156 913 2237 praesertim
932 2175 999 2215 cum
1021 2156 1089 2216 fons
1110 2155 1220 2214 erroris
1234 2155 1275 2214 sit
1290 2155 1321 2214 in

181 2259 353 2340 propatulo.
388 2257 465 2337 Quis
487 2257 568 2318 enim
590 2257 685 2340 semel
707 2259 838 2318 monitus
862 2256 1041 2318 diffitebitur
1060 2265 1175 2318 temere
1191 2258 1320 2316 iteratae

183 2379 255 2422 cum
270 2361 488 2440 praepositioni
503 2379 660 2419 numerum
682 2359 765 2422 illum
785 2378 902 2420 omnem
921 2377 1001 2420 cern
1017 2357 1146 2419 deberi?
1182 2357 1319 2438 Eiusque

183 2462 308 2542 originis
324 2463 383 2542 ipsi
397 2461 475 2522 adeo
492 2462 561 2522 libri
576 2481 630 2522 ms.
647 2459 822 2522 obscuriora
836 2461 968 2540 vestigia
983 2459 1192 2538 servarunt.*)

179 2611 383 2624 *ua—n

247 2711 271 2780 *)
291 2713 465 2766 Contrarium
484 2715 635 2781 exemplum
655 2715 683 2766 in
701 2714 864 2767 vocabulum
882 2715 980 2765 mutati
992 2715 1096 2766 numeri
1110 2713 1197 2766 habes
1209 2713 1238 2764 in
1251 2713 1318 2764 Sua·
1340 2726 1342 2739 ¹

181 2800 314 2851 seriarum
331 2799 402 2850 libre
421 2799 545 2850 Senecae
563 2817 589 2865 p.
611 2799 653 2856 11.
672 2801 705 2850 24
724 2799 766 2850 ed.
785 2799 881 2863 Bura,
900 2801 948 2850 ubi
967 2801 1124 2852 Laconibus
1144 2801 1214 2850 haec
1232 2799 1320 2850 verba

180 2887 350 2936 tribuuntur:
380 2887 437 2936 ideo
455 2884 497 2948 (h.
518 2901 541 2936 e.
560 2891 591 2936 ut
609 2901 668 2936 curn
688 2885 805 2952 Spartae
823 2886 959 2937 dedecore
978 2885 1132 2952 fugiamus)
1150 2887 1215 2936 dane
1233 2885 1319 2936 Euro-

179 2979 221 3022 ias
238 2971 488 3034 muneremunere,
508 2974 551 3037 qm·
566 2975 701 3036 pueritiam
719 2972 822 3022 indurat
845 2972 881 3021 ed
898 2971 1005 3035 saturae
1027 2974 1130 3022 miiitiae
1149 2973 1320 3038 patientiae?

179 3059 237 3107 ideo
259 3055 368 3120 ibypeti
384 3057 492 3106 nemoris
510 3055 627 3119 difficilia
645 3060 694 3106 nisi
710 3056 855 3106 Laconibus
872 3058 951 3121 iupa?
974 3057 1031 3106 ideo
1051 3057 1163 3106 Hercule
1180 3059 1320 3120 ploriamur

180 3142 212 3191 dc
230 3141 350 3205 operibus
367 3144 461 3189 coelum
479 3143 587 3188 merito?
615 3141 672 3190 ideo
695 3143 762 3189 muri
779 3145 862 3191 nostri
879 3157 951 3190 arna
967 3143 1042 3190 suni?
1076 3139 1131 3190 Vbi
1153 3140 1235 3190 nihili
1258 3155 1317 3190 oeae

182 3230 211 3276 ct
228 3241 245 3274 a
262 3225 403 3275 latinitate
422 3239 532 3290 prorsus
545 3223 696 3275 abhorrens
715 3227 752 3276 de
769 3225 890 3290 operibus
906 3227 1001 3274 eaelum
1019 3227 1108 3275 merito
1126 3225 1264 3274 neminem
1276 3225 1318 3274 iu·

180 3310 230 3376 git
266 3309 332 3358 Fuit
349 3311 434 3374 igitur
452 3311 496 3359 eui
515 3311 572 3360 deo
590 3309 710 3373 operibus
727 3311 823 3360 eaelum
839 3311 930 3360 merito
947 3309 977 3360 in
994 3313 1113 3360 mentem
1130 3309 1247 3358 veniret·
1283 3307 1320 3360 At

179 3393 252 3444 inter
270 3395 336 3446 deos
354 3409 408 3444 non
427 3399 470 3444 est
488 3395 614 3459 prolecto
632 3394 699 3443 deus
718 3398 858 3458 receptus¹
879 3395 928 3444 sad
945 3393 1025 3444 homo
1044 3393 1182 3444 mortalis:
1199 3394 1319 3459 operibus

181 3483 273 3530 autem
291 3485 347 3530 tam
365 3479 436 3530 nude
455 3479 575 3546 positum
594 3478 708 3529 mirifice
729 3479 823 3544 friget.
859 3478 931 3540 Quid
949 3478 1053 3529 multa?
1078 3484 1171 3530 natum
1190 3484 1233 3528 est
1250 3477 1318 3529 illud

180 3579 215 3616 ne
234 3581 266 3614 cx
284 3579 335 3628 nc,
359 3565 544 3630 scriptumque
568 3579 585 3613 a
602 3565 710 3615 Seneca
732 3567 901 3624 sexcentis
918 3563 1037 3628 operibns
1054 3567 1148 3614 eaelren
1165 3565 1263 3614 merito.
1285 3589 1318 3598 -

179 3649 261 3699 illiud
279 3649 333 3699 hae
352 3651 499 3700 occasione
514 3649 636 3700 eiusdem
651 3649 791 3714 scriptoris
804 3647 929 3698 mondum
942 3651 1080 3714 corrigere
1093 3648 1170 3712 libet,
1183 3663 1265 3698 unum
1284 3664 1318 3699 ex

179 3735 338 3785 incredibili
355 3733 530 3786 multitudine
544 3750 636 3786 eornm
650 3749 720 3800 quae
732 3734 883 3785 Bursianus
896 3733 960 3783 aliis
973 3734 1098 3784 sananda
1110 3733 1221 3798 reliquit
1233 3749 1318 3800 prope

179 3820 266 3869 nimia
284 3819 464 3871 liberalitate.
500 3821 533 3870 In
546 3819 799 3886 Connoversiarum
819 3820 890 3869 enim
908 3819 925 3869 1.
944 3833 986 3868 vn
1005 3835 1031 3884 p.
1045 3817 1102 3880 184,
1124 3817 1167 3868 lu:
1186 3819 1318 3884 adlapsa?

179 3907 205 3954 in
221 3904 410 3969 padernacuio?
433 3907 532 3955 nulium
550 3912 598 3955 esi.
634 3911 658 3955 iu
676 3907 798 3970 rernipr'o?
821 3919 857 3954 ne
880 3905 937 3954 boe
960 3904 1060 3970 quddem
1077 3909 1125 3953 ert.
1161 3905 1186 3952 in
1209 3907 1317 3954 comite?

180 4004 250 4040 nemo
268 3996 387 4052 reperim
405 3995 443 4039 eat
461 3990 584 4054 naufrapi
600 4005 690 4042 eunies,
726 3994 752 4040 in
770 3991 843 4040 uelo?
867 3992 892 4038 in
916 3991 993 4038 arte?
1016 3991 1099 4039 omnia
1121 4003 1205 4054 paene
1222 3989 1316 4038 instru—

179 4079 262 4124 menta
279 4075 426 4123 cirmumciaa
443 4080 500 4124 suni
519 4101 558 4132 -,
578 4074 642 4139 quid
660 4073 714 4124 sibi
733 4071 803 4124 velle
822 4075 847 4123 in
859 4079 916 4123 arie
934 4073 1018 4132 dices,
1037 4073 1084 4123 ubi
1102 4074 1135 4124 de
1154 4074 1317 4124 instrumen-

180 4159 217 4208 tis
240 4146 345 4207 sermb?
375 4157 532 4224 Scripserat
550 4157 657 4208 Seneca
675 4161 700 4208 in
722 4161 796 4209 uelo?
819 4161 845 4208 in
864 4161 1045 4208 artemone?
1068 4161 1151 4210 omnia
1170 4183 1211 4211 —.
1246 4159 1316 4210 Nam

180 4241 290 4292 differre
310 4257 327 4291 a
345 4240 407 4293 velo
426 4247 595 4292 artemonem
614 4246 730 4293 constat.
765 4243 803 4292 iit
820 4245 845 4292 in
868 4248 925 4293 arie
949 4245 974 4293 in
996 4248 1079 4294 omnia
1101 4243 1204 4295 habere
1228 4243 1316 4294 codex

178 4326 368 4378 Bruxellensis
379 4326 497 4378 videtur.
526 4326 633 4378 Eadem
650 4342 735 4393 opera
752 4326 858 4380 leviora
876 4328 982 4395 corrige
995 4327 1121 4394 finitima,
1138 4327 1232 4396 paullo
1251 4334 1316 4381 ants

180 4427 206 4464 v.
224 4412 242 4462 8
265 4414 326 4480 qaid
342 4429 448 4464 acciano
465 4413 535 4478 qnod
557 4412 721 4478 inpunitatem
741 4413 827 4476 srairi
848 4413 974 4475 dederim,
999 4429 1085 4482 quon
1105 4414 1164 4480 saio
1188 4417 1315 4468 comitas
