3190 5098
713 419 817 462 cnrvr
842 421 851 460 1
1288 399 1348 462 ³97

216 569 270 631 sed
285 571 405 649 longius
423 572 513 630 etiam
529 591 692 650 progressa
708 581 755 632 est
771 571 853 632 vitae
869 571 1063 650 depravatio:
1086 569 1185 631 foedis
1206 571 1286 630 enim
1306 572 1350 630 in·

215 675 340 754 quinata
360 683 407 733 est
425 672 710 752 interpolationibus
731 675 840 754 partim
861 675 905 734 eis
925 693 1004 753 quae
1032 693 1069 732 ex
1094 674 1218 734 scholiis
1241 682 1351 753 poetae

215 777 330 854 petitae
351 775 508 847 videntur,
530 775 639 853 partim
663 778 706 835 eis
730 795 810 856 quae
832 795 977 855 perverso
1006 773 1225 853 interpretandi
1252 775 1351 834 studio

215 886 395 955 procreatae
407 883 485 936 sunt.
507 895 577 934 nam
592 875 646 934 illa
662 895 741 955 quae
758 875 796 935 de
809 875 943 936 Cornuto
958 875 1118 935 traduntur
1134 875 1177 956 (p.
1192 885 1235 948 73,
1251 875 1351 955 lisq.)

215 997 355 1057 quaeque
379 977 485 1036 ririrurn
501 977 532 1036 iu
548 977 668 1037 modum
691 977 746 1037 sed
768 997 803 1038 eo
825 997 884 1058 quo
904 977 1052 1037 emblema
1068 977 1214 1057 prodatur
1234 999 1295 1037 nou
1310 977 1351 1037 ibi

215 1079 315 1157 posita
343 1088 427 1153 sunt,
454 1078 506 1138 ubi
534 1081 631 1159 prima
655 1079 767 1138 mentio
790 1079 963 1160 philosophi
988 1079 1073 1139 facte
1098 1088 1177 1151 erat,
1207 1097 1244 1137 ex
1272 1079 1352 1136 male

216 1181 328 1259 scripto
351 1180 467 1240 scholio
489 1181 599 1240 hausta
620 1180 777 1254 videntur,
803 1181 883 1261 quod
906 1203 943 1242 ea
966 1183 1083 1242 ratione
1108 1181 1267 1252 restituas,
1292 1199 1352 1258 qua

215 1284 360 1344 Pithoeus
389 1293 420 1344 et
445 1283 606 1344 Martinius
638 1282 730 1342 Probi
761 1281 857 1342 verba
886 1283 1048 1344 emendare
1074 1281 1132 1342 sibi
1161 1280 1350 1341 videbantur.

216 1385 256 1444 ad
270 1385 349 1445 idem
364 1383 606 1463 interpolationis
621 1404 718 1462 genus
734 1383 928 1443 referendum
940 1392 988 1443 est
1000 1384 1076 1443 illud
1089 1385 1244 1458 Chrysippi
1258 1403 1288 1462 p.
1307 1387 1351 1453 ll,

181 1495 184 1503 '
218 1497 264 1560 14,
283 1486 364 1567 quod
381 1491 567 1561 septinyentr‘s
583 1487 672 1548 Persi
690 1490 770 1545 libris
785 1485 921 1544 additum
939 1495 994 1544 est.
1024 1505 1095 1544 num
1110 1503 1177 1542 auru
1193 1485 1242 1543 hic
1255 1483 1350 1562 Chry·

216 1590 297 1668 sippi
325 1587 470 1648 librorum
495 1568 637 1649 ndnrerus
664 1589 759 1648 fuisse
790 1587 942 1661 undatur,
967 1587 1075 1644 mirum
1103 1605 1176 1646 vero
1204 1594 1300 1658 esset,
1326 1585 1351 1642 si

215 1691 340 1750 Persius
361 1709 464 1749 omnes
485 1690 659 1770 philosophi
679 1690 772 1750 libros
796 1689 985 1770 possedisset
1012 1708 1112 1768 neque
1133 1686 1210 1747 alius
1239 1687 1352 1764 scripta

216 1793 247 1850 iu
266 1791 451 1866 bibliotheca
468 1811 524 1852 sua
541 1791 715 1867 habuisset,
732 1793 876 1854 debemus
892 1793 951 1851 hoc
965 1788 1092 1850 verbum
1109 1809 1175 1847 oum
1195 1788 1231 1848 Ο.
1244 1787 1351 1848 lahnio

217 1913 235 1952 a
258 1894 353 1954 sciolo
376 1893 562 1972 adscriptum
586 1913 654 1954 esse
675 1905 799 1975 putare:
824 1892 879 1954 sed
903 1892 1048 1973 repetivit
1069 1893 1095 1952 is
1120 1891 1198 1951 hanc
1215 1888 1351 1948 notitiam

217 2015 255 2055 ex
271 1997 386 2056 scholio
401 2005 458 2055 sat.
473 1995 519 2055 VI
534 2005 569 2058 80
583 2015 664 2054 uunc
681 1997 803 2078 quidem
823 1995 998 2077 deperdito,
1016 1992 1067 2052 ubi
1088 1991 1245 2052 commode
1266 2000 1351 2068 pote-

217 2106 285 2156 rant
306 2096 375 2156 libri
395 2096 568 2176 philosophi
593 2100 830 2158 commemorari.
867 2095 1130 2174 interpolationem
1153 2093 1279 2152 alterius
1299 2110 1351 2170 ge-

216 2199 297 2260 neris
315 2197 487 2278 repperisse
501 2197 609 2258 videor
621 2200 653 2259 iu
668 2200 736 2258 loco
752 2219 840 2278 quem
857 2200 913 2258 viri
930 2197 1011 2257 docti
1027 2197 1179 2275 exquisita
1193 2213 1252 2252 nou
1267 2213 1351 2250 num-

217 2321 306 2380 quam
324 2299 378 2359 scd
394 2301 507 2359 frustra
534 2299 671 2359 adhibita
692 2300 830 2373 doctriua
844 2319 952 2360 sanare
970 2297 1159 2358 studuerunt.
1188 2302 1258 2353 sunt
1274 2294 1353 2351 enim

218 2401 372 2461 celebrata
396 2401 451 2460 illa
473 2401 569 2461 verba
594 2421 624 2480 p.
641 2408 691 2475 74,
713 2411 815 2481 ausa:
841 2407 1000 2475 scripserat
1027 2404 1056 2458 ia
1081 2402 1207 2471 pueritia
1229 2401 1354 2454 Flaccos

216 2498 301 2562 etium
316 2512 504 2578 praetextam
526 2508 629 2563 acacio
671 2523 780 2584 nempe
804 2506 832 2562 in
856 2509 950 2563 acacio
971 2522 1038 2561 cum
1062 2498 1155 2559 index
1175 2495 1352 2574 tragoediae

217 2605 313 2666 latere
330 2604 499 2678 videretur,
523 2625 582 2686 quo
599 2605 679 2665 hunc
696 2605 906 2678 restituerent,
924 2625 1005 2664 nova
1025 2621 1145 2681 semper
1166 2602 1252 2659 novis
1274 2619 1352 2657 eoru-

218 2707 326 2766 mcntis
354 2706 458 2766 addita
484 2716 562 2766 scrut.
600 2707 741 2788 equidem
763 2706 878 2766 nullum
902 2706 1021 2765 titulum
1045 2704 1187 2764 traditum
1210 2721 1278 2760 esse
1302 2710 1354 2759 orit

218 2817 301 2867 certe
325 2829 342 2868 e
365 2815 459 2868 nascio
479 2829 539 2868 uon
561 2828 651 2888 posse
672 2829 738 2867 eum
760 2809 934 2890 recuperari
956 2808 1063 2890 quovis
1084 2806 1210 2886 pignore
1228 2809 1352 2860 conten·

219 2909 305 2986 dam3
332 2912 444 2990 quippe
463 2910 544 2990 quod
564 2919 660 2969 ortum
683 2912 722 2970 sit
746 2931 783 2970 ex
803 2912 907 2988 glossa
926 2908 1096 2969 huiusmodi
1117 2913 1274 2980 praetexta
1291 2923 1355 2962 aas·

218 3020 269 3084 tis,
290 3015 374 3072 cuius
396 3013 510 3072 similes
525 3011 602 3071 adeo
621 3015 825 3072 correctiones
843 3014 873 3072 in
892 3010 1110 3072 recentioribus
1136 3008 1219 3068 libris
1239 3019 1354 3084 extant,

218 3116 249 3172 in
270 3114 378 3194 quibus
396 3124 553 3188 praetexta
575 3119 693 3172 recolitur
714 3115 762 3173 rel
785 3120 900 3174 indutus
922 3116 1065 3194 scripturn
1085 3120 1145 3183 est,
1163 3111 1302 3169 nimirum
1322 3119 1355 3168 ut

219 3216 326 3276 eadem
345 3217 514 3289 sententia,
536 3235 614 3297 quae
636 3214 738 3274 verbis
754 3220 783 3272 ia
801 3221 926 3288 pueritia
948 3215 1152 3292 significetur,
1179 3211 1312 3271 ornatior
1329 3211 1354 3267 si

220 3319 265 3378 dis
283 3318 385 3398 placet
400 3327 598 3398 repeteretur.
623 3336 681 3374 nec
698 3313 888 3394 inprobabile
899 3317 971 3376 ruihi
984 3315 1117 3386 videtur,
1135 3313 1253 3372 titulum
1265 3330 1352 3390 prae·

219 3428 323 3480 textae
342 3441 360 3478 a
375 3429 473 3479 matre
489 3419 577 3480 Persi
591 3416 725 3477 abolitae
741 3416 799 3495 ipsi
814 3417 914 3476 Probo
932 3417 1118 3493 incognitum
1134 3416 1238 3473 scrisse.

304 3521 365 3583 Sed
383 3520 585 3582 confitendum
602 3521 696 3578 estin
717 3519 774 3578 hac
794 3520 857 3577 vita
873 3521 949 3578 mira
963 3538 1083 3597 semper·
1100 3518 1143 3576 ris
1160 3535 1240 3596 quae
1255 3516 1353 3590 ruagie
1387 3550 1392 3558 ·

219 3625 358 3683 miranda
384 3634 453 3685 sunt
482 3623 597 3702 excipi3
627 3641 696 3680 nam
729 3621 820 3700 paulu
849 3629 919 3701 post
944 3620 1012 3693 illa,
1041 3639 1107 3678 cum
1133 3617 1245 3676 dictum
1273 3627 1355 3674 esset

219 3728 356 3786 Persium
379 3726 564 3799 decessisse,
587 3743 659 3783 ecce
675 3722 715 3783 ad
732 3723 834 3781 vivum
849 3723 987 3782 Persium
1002 3719 1163 3780 revertitur
1177 3719 1271 3778 oratio
1287 3739 1354 3777 nar·

220 3838 380 3907 ratrrrque,
400 3847 458 3908 quo
479 3835 569 3906 pacto
588 3834 757 3886 saturarum
779 3823 1004 3884 scribendarum
1024 3821 1155 3881 studium
1172 3822 1236 3881 eius
1252 3831 1357 3881 natum

220 3931 259 3989 sit
273 3939 303 3988 et
318 3949 521 4008 progressum.
551 3945 630 4009 quae
647 3931 714 3988 visa
729 3937 799 3988 sunt
815 3925 853 3987 Ο.
869 3926 976 3985 Iahnio
990 3924 1010 3982 l.
1025 3943 1050 3982 c.
1066 3945 1082 3982 e
1098 3925 1222 3983 scholiis
1238 3926 1354 4003 primae

220 4041 341 4091 saturae
360 4031 509 4091 derivata.
537 4048 595 4088 nec
612 4040 739 4108 possunt
753 4051 823 4110 pars
838 4027 1010 4089 Probianae
1025 4026 1108 4084 vitae
1123 4023 1240 4099 haberi,
1261 4046 1278 4083 a
1295 4046 1357 4105 qua

221 4135 311 4193 etiam
331 4132 461 4214 quadam
484 4132 630 4190 sermonis
653 4133 856 4190 concinnitate
879 4129 1030 4188 differunt.
1068 4137 1202 4186 attamen
1223 4147 1303 4207 quae
1326 4128 1357 4184 in

221 4235 279 4294 hoc
291 4237 437 4314 epimetro
451 4241 627 4304 narrantur,
641 4242 710 4311 apte
728 4239 867 4311 poterant
881 4232 912 4288 iu
929 4231 993 4289 rita
1007 4237 1116 4308 poetae
1132 4230 1259 4308 exponi;
1277 4249 1355 4288 eom·

221 4347 424 4398 memorantur
442 4345 543 4395 auteur
566 4336 622 4406 ita,
651 4342 683 4392 ut
702 4333 848 4412 adpareat
865 4331 978 4390 adferri
1004 4351 1041 4389 ea
1060 4349 1120 4389 non
1139 4340 1201 4389 tam
1218 4329 1255 4389 ad
1275 4339 1356 4389 satu·

221 4461 285 4499 ram
301 4439 453 4520 quandam
469 4435 684 4508 enarrandam,
708 4453 799 4514 quam
813 4442 846 4492 ut
867 4433 965 4516 ipsura
981 4441 1092 4510 poetae
1113 4432 1267 4510 ingenium
1288 4431 1356 4494 des·
