3162 5058
352 415 471 456 carrus
494 415 670 457 rasrouvn
694 415 851 458 vansravs
875 416 1080 458 consessura
1225 403 1286 466 305

269 567 508 628 Secundus
542 567 813 627 cardinalis
842 567 1160 628 Subsolanus.

346 684 536 735 Laterales
556 686 629 736 eius
647 684 839 736 Vulturnus
857 689 891 736 et
908 685 1025 736 Eurus.

210 799 253 862 At
273 799 470 864 subsolanus
492 799 589 865 rutilo
613 801 673 865 tibi
694 800 825 866 Phoebe
847 802 1026 889 propinqus

208 899 335 987 peplum
357 901 506 988 ceruleae
529 902 675 989 †tygoni
698 903 800 967 siccat
822 912 960 968 amatae.

207 1001 280 1066 huic
300 1001 389 1066 eliud
412 1024 530 1068 nomen
553 1003 640 1090 quod
664 1004 785 1068 dieitur
806 1003 1013 1092 aphelyoten.

207 1113 357 1168 eructans
378 1105 519 1167 animam
537 1104 633 1190 parili
655 1105 877 1170 moderamine
899 1107 1035 1169 mixtam

207 1227 264 1268 nee
290 1206 455 1289 stringens
478 1205 610 1270 hebetat
631 1206 731 1272 nimio
757 1229 816 1271 nec
837 1208 913 1294 igne
935 1217 1083 1293 uaporat.

206 1307 355 1371 dextram
377 1306 565 1391 uulturnus,
590 1309 716 1372 laeuam
740 1309 954 1374 circumtonat
974 1331 1082 1373 eurus.

207 1409 358 1495 decoquit
378 1407 466 1474 ans
488 1410 593 1496 prior,
616 1408 669 1474 hic
691 1409 856 1474 humectat
877 1431 1005 1474 arenas.

207 1509 348 1576 calchias
372 1521 422 1574 est
441 1511 570 1575 calidus
591 1510 722 1599 Pelopis
746 1513 878 1597 regione
902 1507 1047 1577 uocatus.

274 1667 441 1728 Tercius
469 1667 689 1729 cardinalis
716 1670 871 1729 Auster.

343 1768 532 1820 Laterales
551 1770 626 1820 eius
643 1770 734 1820 Euro
753 1778 873 1820 auster
892 1775 925 1820 et
942 1771 1066 1822 Austro
1085 1771 1227 1822 africus,

209 1867 324 1930 Verum
347 1888 406 1953 per
426 1889 541 1932 zonam
561 1867 723 1933 solaribus
745 1869 879 1955 ignibus
899 1879 1022 1952 ustam,

206 1990 267 2055 qua
288 1966 406 2032 recolit
430 1969 541 2032 luscus
563 1968 725 2034 feruentia
744 1968 855 2034 littora
872 1971 1023 2048 Maurus,

206 2079 314 2134 auster
336 2069 378 2134 ab
400 2069 565 2158 antipodis
587 2070 703 2134 humili
724 2073 863 2136 statione
883 2073 1016 2136 remotis

205 2173 310 2236 mitior
333 2173 366 2235 in
387 2175 525 2256 patriam
547 2193 643 2258 quam
664 2175 719 2236 lex
741 2173 833 2236 iubet
853 2173 962 2238 euolat
983 2174 1089 2236 istam.

204 2293 343 2359 namque
367 2273 458 2336 sinus
479 2273 624 2358 gelidum
647 2277 777 2360 pariens
804 2275 1002 2338 antarcticus
1024 2273 1116 2338 illum

205 2385 296 2439 aestu
317 2377 438 2438 mutari
461 2373 721 2462 dedignaturque
744 2375 855 2458 relidi,

205 2476 278 2539 dum
301 2485 456 2563 peragrat
477 2477 619 2540 mediam
641 2486 811 2564 terraeque
834 2477 965 2564 polique
986 2475 1138 2564 plateam.

204 2575 438 2664 huncquoque
460 2577 649 2642 Daedaleae
671 2588 771 2644 noton
793 2601 985 2665 expressere
1008 2579 1164 2644 lllicenae.

205 2678 359 2766 quicquid
381 2699 440 2743 uer
461 2680 575 2764 genuit
598 2679 741 2762 decoris,
764 2680 826 2743 sibi
851 2681 1016 2744 marcidus
1040 2679 1148 2746 haurit

205 2781 395 2844 interimens
416 2779 513 2846 flores
537 2791 570 2844 et
592 2781 791 2846 obumbrans
812 2783 896 2846 ruris
919 2782 1075 2864 honores,

205 2881 319 2945 dextro
342 2884 398 2968 qui
421 2882 543 2946 famulo
566 2883 734 2960 †desedat
755 2905 870 2947 nomon
895 2893 927 2972 et
943 2905 1038 2949 curo:

205 2993 238 3044 at
260 2982 346 3046 latus
370 2983 547 3047 ensiferum
572 2985 722 3069 quatiens
744 2993 854 3048 austro
877 2985 1009 3049 affricus
1033 2985 1132 3049 trulum

205 3083 326 3168 gaudet
348 3086 527 3170 conpositis
549 3072 680 3171 gemino
701 3087 894 3170 cognomino
916 3088 1040 3174 permis.

268 3241 480 3320 Quartus
510 3242 778 3302 cardinalis
809 3243 1060 3322 Zephyrus.

343 3359 531 3410 Laterales
550 3360 624 3410 eius
643 3361 785 3410 Africus
805 3365 838 3410 et
856 3359 995 3410 Chorus.

206 3455 335 3522 Mollior
356 3459 509 3522 occiduos
533 3458 685 3544 zephirus
708 3457 882 3522 lambendo
905 3457 1080 3523 Britannos

206 3559 324 3623 dicitur
345 3559 461 3623 ltaliae
483 3559 539 3624 sod
563 3571 596 3624 et
617 3561 678 3624 iste
701 3560 852 3624 fauonius
875 3580 967 3624 orae:

205 3681 294 3724 arma
312 3661 519 3748 pharetratae
541 3661 720 3727 labefactat
740 3663 846 3726 uitreo
868 3658 1011 3724 brumae.

205 3783 277 3826 nam
300 3772 427 3827 recreat
443 3763 554 3828 florem
575 3765 671 3827 matri
692 3765 784 3848 prius
807 3763 1032 3827 inmorientem

205 3863 377 3929 alliciendo
401 3887 495 3929 senos
519 3867 636 3930 iterum
659 3866 870 3930 iuuenescere
891 3873 1029 3927 montes,

124 3969 145 4012 ⁵⁵
205 3967 255 4029 cui
279 3966 371 4030 fauet
391 3989 411 4030 a
434 3967 557 4031 dextris
580 3965 780 4054 pluuialibus
801 3967 924 4031 africus
947 3963 1018 4028 alis.

204 4065 288 4133 bunc
310 4068 393 4132 libin
414 4089 457 4132 ex
479 4069 574 4155 patrii
599 4068 713 4133 dicunt
734 4067 889 4133 idiomate
907 4067 1000 4132 uerbi

152 4187 343 4200 -ὐψ-...ῌ

225 4252 260 4308 30
275 4242 384 4338 tpgpni
403 4247 465 4302 cod.
484 4245 613 4318 fortusse
634 4243 754 4303 Tritoni
769 4239 783 4324 l}
798 4252 832 4307 36
851 4238 996 4321 calohias]
1017 4237 1105 4301 'immo
1129 4243 1249 4300 caesim
1270 4237 1284 4322 lt

152 4349 207 4483 pte
222 4355 324 4404 austro
339 4346 455 4406 africus
470 4349 532 4404 cod.
550 4340 563 4428 Η
578 4355 613 4409 48
625 4345 788 4405 ensiferum
805 4349 925 4419 scripsi:
941 4344 1122 4404 sensiferum
1137 4347 1199 4403 cod.
1221 4340 1233 4425 Η
1251 4357 1282 4407 51
1325 4365 1328 4372 ·

170 4447 234 4489 oruc
249 4435 311 4489 eod.

46 4503 48 4528 l

177 4543 289 4581 aaaron
308 4547 371 4581 arr..
1046 4527 1086 4592 20

46 4843 48 4960 l
