3072 5064
262 376 319 444 178
385 441 391 456 ,
456 397 689 443 aversensem
711 395 799 440 arear
820 395 864 438 nn
884 395 973 440 anuo
994 393 1198 440 aeusnoavu

258 565 363 602 rursum
380 551 440 600 eins
459 553 573 600 mertem
591 549 637 612 qni
661 547 849 613 longissimam
877 551 998 598 aetatem
1020 545 1125 610 egisset
1146 545 1228 598 linem
1252 563 1313 598 esse
1337 563 1398 599 sse·

260 619 313 669 culi
333 617 453 668 secundi.
490 617 529 666 sie
552 616 681 681 deinceps
705 621 812 679 ternpus
836 614 999 679 reliquorum
1023 615 1174 663 terminari.
1210 615 1258 664 serl
1276 631 1310 664 es
1329 616 1400 680 quod

259 687 419 752 ignorarent
435 683 567 746 homines,
585 687 713 748 portenta
731 681 802 732 mitti
819 681 949 731 diuinitus
968 681 1065 746 quibus
1079 681 1289 731 admonerentur
1305 697 1399 734 nuum-

259 755 382 820 quodque
400 753 539 804 saeculnm
559 767 619 802 esse
637 749 751 800 linitum.
781 749 805 798 u.
824 749 894 800 lraec
912 755 1040 815 portenta
1057 749 1166 799 Etrusci
1184 763 1232 814 pro
1250 751 1400 815 haruspicii

259 821 476 887 disciplinaeque
500 835 566 869 sirac
590 819 690 884 peritia
719 818 866 884 diligenter
889 818 1037 867 obseruata
1067 817 1095 866 in
1125 817 1209 865 libros
1239 819 1398 868 retulerunt.

259 905 342 956 quare
362 890 390 938 in
408 887 505 937 Tuscis
523 885 658 948 historiis,
683 901 751 950 quac
776 891 876 936 octauo
895 901 987 935 eorum
1005 883 1115 934 sacculo
1134 885 1254 947 scriptae
1273 888 1347 944 sunt,
1369 891 1401 934 ιιι

258 959 345 1009 Varro
363 959 490 1016 testatur,
509 959 538 1004 ct
556 959 621 1018 quot
637 969 749 1004 numero
767 952 880 1004 saecula
898 955 925 1004 ei
943 954 1020 1018 genti
1038 953 1105 1002 data
1122 953 1178 1002 sint
1201 956 1230 1002 at
1248 957 1402 1002 transacto·

259 1041 317 1075 rum
335 1025 445 1088 singula
463 1025 566 1086 quanta
585 1022 686 1070 fuerint
704 1021 837 1086 quibusne
851 1021 967 1070 ostentis
980 1036 1073 1070 eorum
1087 1020 1176 1068 exitus
1188 1018 1327 1084 designati
1345 1019 1401 1068 sint

259 1093 422 1144 continetur.
458 1091 552 1154 itaque
576 1089 706 1153 scriptum
725 1093 768 1138 est
786 1093 914 1152 quattuor
930 1089 1019 1152 prims
1037 1088 1152 1137 saccula
1165 1101 1297 1136 annornm
1314 1086 1401 1136 subsc

261 1169 419 1220 centenum,
445 1159 566 1222 quintum
591 1163 700 1206 centurn
721 1156 821 1221 uiginti
844 1156 940 1216 trium,
965 1161 1070 1204 sextum
1093 1153 1267 1219 undeuiginti
1290 1161 1318 1204 et
1336 1170 1401 1204 cen-

260 1235 329 1290 tum,
361 1226 507 1292 septimum
530 1224 657 1286 totidem,
688 1229 818 1274 octauam
841 1229 898 1274 tum
921 1223 1028 1272 dernrrm
1052 1223 1112 1288 agi,
1143 1238 1243 1272 nouum
1273 1227 1302 1272 et
1325 1221 1400 1271 dcci·

260 1312 332 1346 anun
350 1309 508 1358 superesse,
533 1292 631 1358 quibus
654 1292 805 1342 transactis
824 1290 906 1341 finem
929 1291 985 1340 lore
1008 1289 1125 1340 nominis
1144 1289 1262 1340 Etrusci.
1299 1289 1322 1337 7.
1349 1291 1401 1338 llo-

261 1378 401 1414 manorum
425 1366 516 1410 autmn
538 1359 651 1430 quenula
680 1359 790 1424 quidam
813 1358 885 1408 ludis
909 1357 1098 1408 saecularibus
1128 1362 1225 1424 putant
1254 1357 1401 1420 distingui3

262 1432 306 1480 cni
329 1429 369 1480 rei
392 1429 460 1478 fides
482 1428 505 1478 si
526 1433 605 1476 'certa
629 1432 683 1486 est,
710 1427 803 1476 modus
827 1426 944 1476 Romani
967 1424 1073 1476 saeculi
1095 1431 1139 1475 est
1163 1426 1293 1476 incertus.
1334 1430 1401 1474 teru-

260 1514 354 1564 purum
373 1497 445 1546 eninr
457 1493 614 1558 interualla,
633 1494 730 1558 quibus
743 1493 799 1544 ludi
812 1494 858 1542 isti
871 1494 993 1544 debcant
1009 1493 1116 1554 relerri,
1135 1509 1189 1544 noa
1206 1491 1284 1542 modo
1297 1499 1402 1556 quanta

261 1567 363 1616 luerint
380 1569 452 1613 retro
471 1564 613 1628 ignoratur
629 1561 677 1612 sed
694 1577 728 1610 ne
741 1568 844 1625 quanta
857 1562 966 1627 quidem
978 1577 1037 1612 csse
1051 1559 1171 1610 debcant
1183 1560 1277 1611 scitur.
1299 1561 1324 1610 8.
1338 1575 1402 1608 nam

261 1635 302 1684 its
324 1632 477 1682 institutum
500 1645 561 1680 esse
584 1635 614 1680 ut
637 1630 785 1679 centesimo
809 1644 914 1694 queque
939 1642 1011 1680 anno
1029 1627 1141 1690 flerent,
1165 1627 1193 1678 id
1216 1643 1278 1678 curn
1305 1628 1402 1676 Antias

264 1700 365 1764 aliique
383 1698 508 1747 historici
528 1703 655 1746 suctores
674 1701 749 1756 arant,
774 1703 831 1746 turn
849 1697 936 1747 Varro
954 1696 987 1746 de
1006 1695 1143 1746 scaenicis
1161 1695 1313 1762 originibus
1330 1693 1403 1744 libro

263 1770 349 1833 primo
367 1767 408 1814 ita
425 1766 557 1830 scriptum
574 1764 697 1828 reliquit:
723 1763 789 1813 Cnrn
813 1763 898 1813 multa
916 1769 1045 1829 portenta
1068 1763 1177 1825 tierent,
1203 1769 1231 1813 et
1254 1778 1345 1812 murus
1368 1777 1403 1812 ac

262 1837 354 1896 turris,
374 1849 444 1898 quae
467 1838 530 1882 stmt
552 1833 623 1882 inter
641 1835 746 1897 portam
764 1831 898 1882 Collinam
921 1839 950 1882 et
967 1831 1151 1896 Esquilinam,
1176 1830 1210 1880 de
1229 1831 1307 1880 caele
1325 1834 1403 1879 tacta

264 1905 365 1964 esecrrt,
386 1906 413 1950 et
430 1899 492 1950 idco
510 1895 593 1949 libros
612 1897 761 1962 Sibyllinos
779 1899 828 1950 XV
846 1899 900 1950 uiri
918 1899 1053 1961 adissent,
1078 1898 1268 1949 renuntiarunt
1285 1899 1324 1948 uti
1342 1897 1404 1948 Diti

263 1969 336 2038 patri
354 1974 382 2017 et
398 1967 580 2034 Proserpinae
598 1967 655 2016 ludi
667 1967 811 2016 Tarentini
823 1967 851 2016 in
868 1983 964 2032 campo
977 1968 1078 2016 blartio
1096 1965 1194 2016 fierent
1211 1965 1297 2016 tribus
1315 1965 1403 2015 nocti·

264 2039 322 2098 bns,
343 2041 372 2086 et
388 2033 495 2084 hostiae
513 2035 611 2084 tunsae
630 2033 843 2094 immolarentur,
863 2036 957 2098 ntique
970 2034 1029 2084 ludi
1042 2034 1192 2084 centesimo
1206 2047 1311 2098 quoque
1330 2047 1403 2082 suno

264 2105 369 2156 fierent.
393 2101 418 2152 9.
432 2104 497 2152 item
515 2103 547 2152 Τ.
561 2102 659 2152 Liuius
676 2101 747 2152 libro
767 2103 917 2152 CXXXVI:
937 2101 1040 2152 Eodem
1058 2117 1130 2152 anno
1148 2101 1227 2152 ludes
1244 2100 1404 2151 saeculares

264 2173 368 2223 Caesar
386 2171 492 2235 ingenti
511 2169 648 2235 adparatu
665 2169 745 2230 fecit,
772 2185 839 2235 ques
860 2172 1012 2220 centesimo
1035 2185 1140 2234 queque
1160 2183 1231 2218 anno
1244 2194 1276 2204 —-
1289 2170 1313 2217 is
1331 2169 1405 2217 enirn

264 2241 396 2290 terminus
408 2237 557 2288 saeculi-
569 2237 628 2286 lieri
641 2253 707 2286 mos.
725 2251 741 2281 ιι
760 2251 776 2282 ιι
788 2243 818 2288 ut
830 2243 927 2287 contra
939 2238 1046 2287 decimo
1059 2231 1263 2301 centesimo'que
1277 2251 1349 2285 anne
1362 2251 1403 2286 re·

263 2313 392 2373 petentur
405 2311 461 2354 tam
475 2305 664 2355 commentarii
677 2306 726 2354 XV
738 2307 858 2356 uirorum
871 2321 952 2368 quam
965 2307 997 2354 l).
1006 2306 1130 2370 'Augusti
1142 2305 1234 2353 edicta
1247 2305 1345 2354 testari
1363 2303 1404 2352 ui-

265 2376 371 2438 dentur,
391 2373 460 2424 adce
473 2378 504 2422 ιιι
515 2373 648 2422 Horatius
662 2372 780 2424 Flaccus
794 2375 821 2422 in
835 2373 955 2422 carmine
969 2373 1041 2438 qnod
1052 2371 1242 2422 saecularibus
1254 2371 1326 2420 ludis
1339 2387 1405 2420 can·

265 2448 354 2492 tatum
373 2445 416 2491 cst
434 2441 461 2489 id
479 2447 586 2504 tenipus
605 2440 656 2490 hoc
675 2441 754 2490 medo
772 2440 975 2505 designanerit:
996 2439 1094 2489 Certus
1111 2440 1235 2488 undenos
1248 2439 1344 2489 decies
1357 2454 1406 2502 per

264 2526 351 2560 annos
369 2507 451 2558 Orbis
470 2512 500 2556 nt
518 2513 615 2558 centus
633 2508 791 2573 referatque
810 2507 887 2558 ludes
905 2508 960 2558 'Per
978 2506 1022 2557 die
1045 2507 1122 2558 clara
1146 2508 1300 2570 totiensque
1324 2513 1406 2570 grata

263 2579 352 2628 Necte
370 2577 537 2640 frequentes.
570 2575 609 2623 10.
624 2591 694 2639 qnae
714 2576 849 2626 dissensio
862 2580 1028 2640 temporum,
1048 2575 1073 2624 si
1085 2579 1210 2625 ueterum
1227 2573 1407 2624 reuoluantur

266 2645 390 2706 annales,
408 2643 489 2707 longe
508 2643 595 2706 magis
618 2644 646 2692 in
667 2645 774 2694 incerto
799 2643 963 2692 inuenietur.
999 2642 1101 2707 primos
1122 2643 1194 2692 onim
1213 2642 1289 2692 ludos
1307 2657 1405 2692 saecu-

265 2713 338 2762 lares
362 2711 468 2762 exactis
490 2710 601 2774 regibue
623 2716 685 2774 post
707 2713 822 2762 llcrnarn
844 2711 984 2760 conditam
1007 2711 1086 2760 annis
1109 2709 1229 2760 CCXLV
1253 2725 1271 2757 a
1295 2709 1405 2758 Valerio

265 2777 409 2830 Publicola
443 2777 584 2826 institutas
619 2793 680 2828 esse
708 2793 724 2822 ιι
742 2793 758 2824 ιι
777 2778 812 2828 sd
841 2779 890 2828 XV
919 2778 1038 2829 uirorum
1068 2778 1294 2837 commentarioS,
1333 2791 1406 2826 anno

266 2843 506 2898 CCLXXXXVIII
528 2845 565 2894 M.
585 2845 695 2896 Valerio
714 2847 811 2912 Spurio
830 2846 959 2911 Verginio
983 2845 1059 2896 Coss.
1077 2859 1094 2890 ιι
1111 2859 1125 2890 ιι
1143 2860 1215 2894 anno
1233 2849 1294 2910 post
1311 2845 1407 2894 urbem

266 2914 405 2964 constitum
422 2918 522 2962 octauo
541 2917 569 2962 et
587 2913 869 2980 quadringentesimo,
893 2919 924 2964 ut
945 2929 1012 2964 uero
1030 2914 1059 2964 in
1076 2914 1280 2964 commentariis
1297 2913 1347 2960 XV
1366 2911 1407 2961 ui·

264 2997 354 3032 rorum
371 2980 502 3045 scriptum
521 2986 563 3028 est
581 2995 653 3030 arrno
672 2981 763 3031 CCCC
783 2989 811 3032 ct
828 2981 935 3032 decimo
952 2983 989 3032 M.
1008 2981 1119 3032 Valerio
1139 2981 1228 3030 Coruo
1246 2981 1274 3030 11
1293 2979 1324 3028 0.
1338 2980 1407 3029 Poe·

263 3049 323 3098 tilio
348 3047 423 3098 Coss.
448 3047 524 3097 tertii
546 3046 601 3097 ludi
626 3048 737 3101 luerunt
759 3049 872 3100 Antiate
895 3048 1029 3113 Liuicquc
1052 3049 1210 3100 auctoribus
1233 3050 1264 3098 Ρ.
1289 3047 1407 3097 Claudio

265 3115 382 3166 Pulchro
395 3115 427 3164 L.
441 3115 519 3164 lunio
537 3115 616 3165 I’allo
629 3116 705 3168 Coss.
725 3135 741 3168 ιι
758 3137 775 3168 ιι
787 3133 858 3168 anno
871 3117 1108 3181 quingentensimo
1121 3115 1362 3166 duodeuicensimo
1373 3114 1406 3164 Ρ.

265 3183 392 3234 Cornelio
410 3181 527 3232 Lentule
547 3183 577 3232 C.
595 3183 703 3236 Licinio
717 3187 790 3236 Varo
809 3185 886 3236 Coss.
908 3183 946 3234 ll.
966 3185 999 3234 de
1019 3191 1176 3248 quartorum
1194 3183 1317 3232 ludorum
1334 3197 1407 3232 anno

265 3250 365 3318 triplex
383 3249 474 3315 opinio
493 3255 544 3300 est.
579 3252 677 3303 Antias
695 3254 768 3304 eninr
791 3258 819 3304 et
838 3252 923 3302 Varro
947 3259 974 3301 et
991 3253 1088 3302 Liuius
1112 3252 1214 3304 relatos
1238 3265 1297 3300 essa
1316 3249 1406 3314 prodi·

266 3319 365 3370 derunt
387 3319 419 3366 Ι..
438 3317 543 3368 Marcio
562 3317 712 3372 Censorino
737 3313 781 3372 Μ’.
803 3319 919 3370 Manilio
945 3319 1021 3370 Coss.
1045 3327 1107 3385 post
1129 3320 1243 3370 ltoruam
1266 3317 1407 3368 conditam

267 3403 339 3437 anno
358 3385 441 3435 llCV.
466 3389 496 3434 at
518 3385 582 3436 Piso
602 3387 748 3440 Censorius
767 3394 795 3438 et
813 3389 862 3438 Cu.
883 3386 1002 3449 Gellius,
1027 3387 1076 3438 sed
1099 3392 1128 3439 et
1146 3385 1258 3437 Cassius
1275 3385 1406 3446 Hemina,

267 3455 313 3519 qui
330 3453 377 3504 illo
397 3459 519 3518 tempore
536 3453 659 3518 niuebat,
678 3461 741 3522 post
758 3471 859 3506 annum
878 3455 968 3505 laetos
988 3455 1097 3505 tertium
1115 3454 1262 3504 adfirmant
1277 3452 1326 3502 Cn.
1340 3452 1407 3502 Cer·

267 3521 340 3572 aelio
357 3521 476 3572 Lentulo
494 3521 526 3571 L.
545 3521 674 3574 Mummio
692 3524 814 3574 Achaico
837 3523 923 3582 Coss..
946 3522 974 3574 id
997 3529 1040 3572 est
1063 3539 1134 3572 anno
1156 3521 1282 3572 DCVlIl.
1305 3520 1334 3569 in
1358 3519 1408 3570 XV

266 3591 385 3640 uirorum
408 3595 500 3638 sutem
523 3593 726 3642 commentariis
749 3597 880 3641 notantur
902 3591 952 3640 sub
976 3606 1048 3640 anno
1070 3589 1238 3640 DCXXVIII
1260 3588 1297 3638 M.
1315 3587 1407 3638 Aemi·

266 3657 303 3708 lie
326 3657 432 3722 Lepido
456 3657 488 3708 1..
513 3657 623 3708 Aurelio
646 3661 744 3708 Oreste
769 3659 845 3708 Coss.
870 3658 978 3722 quintos
1001 3657 1079 3708 ludos
1102 3657 1132 3708 0.
1153 3657 1255 3707 Furnio
1279 3655 1309 3706 0.
1327 3655 1408 3704 Ιιιιιίο

267 3723 362 3774 Silano
390 3724 467 3775 Coss.
495 3739 567 3776 anuo
595 3726 798 3776 DCCXXXVII
827 3725 932 3776 Caesar
957 3727 1096 3791 Augustus
1126 3730 1153 3774 et
1180 3725 1303 3789 Agrippa
1332 3723 1407 3772 iccc-

267 3797 338 3842 runt.
374 3798 467 3842 sentos
490 3797 582 3842 sutem
605 3794 673 3844 iecit
695 3795 738 3844 Ti.
761 3793 893 3844 Claudius
916 3792 1021 3843 Cacsar
1046 3808 1076 3842 se
1099 3791 1154 3842 1111
1184 3797 1212 3842 et
1238 3793 1270 3841 1..
1294 3790 1409 3840 Vitellio

266 3859 310 3910 111
329 3859 405 3910 Coss.
425 3875 497 3910 anno
515 3859 621 3922 DCCC,
640 3863 772 3926 septimos
788 3860 963 3912 Domitianus
976 3875 1006 3910 re
1017 3861 1099 3910 XIIII
1111 3867 1140 3910 et
1157 3861 1190 3910 L.
1203 3859 1324 3910 Minucio
1337 3858 1409 3906 Rufo

267 3925 342 3978 Coss.
363 3942 435 3976 anno
452 3926 680 3990 DCCCXXXXI,
704 3933 819 3980 osteum
841 3929 1021 3992 imperatores
1044 3927 1078 3978 Se
1099 3927 1193 3978 timius
1215 3932 1244 3977 et
1266 3927 1302 3974 bl.
1322 3925 1408 3976 Aure·

266 3993 320 4044 lius
337 3993 491 4044 Antoninus
510 3994 606 4045 Cilone
624 4003 653 4048 et
669 3997 775 4048 Libone
794 3995 872 4048 Coss.
890 4011 963 4048 anuo
980 3943 1187 4045 Dcccdnvn.
1214 3993 1252 4043 12.
1266 3993 1330 4044 hine
1349 3993 1407 4042 ani·

270 4061 444 4114 maduertcre
462 4063 529 4114 licet
546 4079 635 4128 neque
653 4071 716 4129 post
734 4071 843 4116 centnm
862 4079 946 4114 annos
964 4069 995 4112 ut
1012 4062 1039 4114 hi
1058 4063 1213 4114 referentur
1230 4061 1287 4134 ludi
1304 4066 1409 4110 statum

271 4143 332 4180 esse
350 4145 439 4194 neque
458 4135 522 4196 post
539 4137 649 4182 centnm
667 4133 772 4184 decem.
803 4147 915 4197 quorum
928 4131 1037 4182 etiamsi
1051 4129 1211 4182 alterutrum
1224 4135 1296 4179 retro
1310 4129 1409 4178 fuisset

270 4196 455 4260 obseruatum,
473 4213 527 4248 neu
544 4203 638 4250 tamen
655 4201 725 4251 satis
742 4201 769 4250 id
789 4199 943 4266 argumenti
961 4204 1106 4264 essetque
1125 4198 1185 4263 quis
1203 4198 1245 4247 bis
1264 4196 1334 4246 ludis
1347 4211 1408 4246 sae·

270 4263 335 4314 aula
352 4264 470 4316 discerni
489 4272 647 4318 constanter
665 4267 799 4330 adfirmet,
817 4267 981 4334 praesertim
999 4281 1061 4318 curn
1078 4266 1114 4316 ab
1126 4266 1201 4316 urbis
1214 4263 1361 4330 primordio
1374 4262 1409 4314 ad

270 4347 351 4396 reges
377 4339 504 4397 exacms,
529 4349 615 4386 annos
639 4335 804 4399 CCXLIIlI,
829 4336 908 4386 ludos
926 4336 1017 4386 tactos
1041 4349 1116 4394 esse,
1142 4338 1238 4384 auctor
1259 4333 1296 4384 sit
1319 4347 1409 4392 namo,

269 4399 339 4465 qnod
352 4404 459 4468 tempus
468 4401 562 4467 procul
572 4402 654 4454 dnbio
666 4404 787 4454 naturali
797 4404 884 4456 maias
897 4409 940 4454 est
951 4401 1072 4456 saeculo.
1086 4401 1127 4454 la.
1139 4401 1236 4466 quodsi
1247 4399 1308 4468 quis
1321 4399 1411 4450 credit
