3190 5098
680 397 784 438 carvr
808 398 819 437 1
1259 379 1320 442 383

182 545 348 626 probabilis
368 547 579 626 Gutschmidio
596 548 679 620 visa,
705 567 784 628 quae
801 547 924 628 quidem
941 569 1007 609 curn
1028 557 1059 608 et
1078 547 1167 608 nohis
1188 550 1320 628 placcat,

156 672 161 682 ·
181 651 330 708 laetamur
343 651 402 709 iam
414 648 529 707 nullam
545 650 760 710 necessitatem
776 671 831 734 nos
851 658 1013 728 cogerent
1029 671 1096 710 cum
1109 650 1320 711 Gutschmidio

183 751 221 811 ad
242 751 419 811 Suetonium
442 749 512 809 illas
533 749 705 810 notationes
730 753 907 812 referamus.
943 773 1011 810 nam
1035 751 1180 812 debemus
1201 755 1268 830 cogi
1288 761 1322 812 ut

183 853 342 912 credamus
359 854 516 914 Valerium
533 856 697 915 Maximum
720 875 739 913 a
753 853 899 914 Suetonio
918 857 949 914 in
972 875 1128 916 numerum
1149 856 1320 917 inlustrium

181 956 313 1014 virorum
339 955 467 1016 relatum
492 977 571 1016 esse.
610 977 740 1038 quocum
765 975 883 1015 conexa
904 957 999 1034 Trogi
1027 959 1188 1030 memoria,
1216 979 1320 1038 quam-

182 1075 271 1137 quam
295 1066 409 1118 certum
430 1079 530 1139 paene
547 1069 621 1138 puto
639 1059 817 1119 Suetonium
836 1059 929 1118 vitam
948 1035 1013 1119 eihs
1035 1060 1233 1134 inlustrasse,
1253 1081 1320 1120 cum

184 1160 390 1240 descriptione
410 1161 604 1221 historiarum
625 1155 864 1239 Philippicarum
887 1160 1048 1221 coniuncta
1071 1170 1131 1235 est,
1152 1181 1230 1245 quae
1251 1163 1320 1221 Bie-

181 1261 308 1321 lowskio
341 1262 463 1342 quidem
489 1283 528 1322 ex
550 1263 653 1340 Trogo
674 1261 784 1321 hausta
809 1261 986 1336 videbatur,
1019 1284 1078 1342 qua
1102 1271 1203 1322 tamen
1225 1263 1321 1340 Trogi

182 1364 325 1424 historias
354 1384 415 1422 non
439 1385 530 1444 posse
556 1365 719 1442 significari
741 1363 921 1442 prudentem
946 1363 1090 1426 lectorem
1117 1385 1177 1424 non
1201 1373 1321 1445 poterat

181 1466 298 1544 fugere.
333 1473 425 1544 atque
448 1474 518 1524 sunt
540 1466 623 1525 Flori
644 1463 752 1534 verba,
779 1466 830 1545 qui
854 1465 970 1544 inipso
995 1467 1145 1545 epitomae
1169 1468 1320 1547 principio

150 1573 152 1583 ’
181 1567 197 1626 1
212 1575 229 1628 ιι
245 1567 322 1626 haec
339 1566 428 1625 dicit:
448 1571 487 1624 itu
503 1572 560 1626 Inte
575 1585 630 1642 per
646 1571 740 1625 orbem
758 1575 905 1624 terrarium
921 1587 1003 1624 orma
1019 1572 1207 1639 circumtulit,
1227 1575 1322 1644 utqui

181 1688 229 1728 res
243 1673 319 1728 illius
334 1673 431 1744 lepuut
445 1689 501 1728 nou
518 1673 604 1727 unius
615 1674 716 1742 populi
728 1673 780 1727 sed
792 1653 906 1744 pencris
919 1673 1039 1728 humani
1045 1673 1128 1744 sueto
1143 1675 1319 1731 condiscunt.

182 1779 221 1830 tot
240 1776 269 1829 in
290 1774 435 1829 laboribus
453 1775 649 1846 periculisque
670 1777 795 1830 iactatus
814 1781 871 1840 est,
897 1781 929 1830 ut
949 1776 988 1830 od
1008 1777 1235 1830 constituendum
1258 1777 1320 1832 eius

181 1877 332 1947 imperium
351 1877 530 1932 contendisse
552 1878 648 1932 uirtus
664 1881 692 1930 et
704 1875 826 1947 fortuna
845 1878 1007 1932 uideantur.
1038 1893 1098 1952 quo
1116 1883 1215 1933 autern
1230 1875 1319 1934 modo

181 1975 258 2034 haec
278 1974 374 2034 verba
393 1973 433 2033 ad
449 1974 544 2050 Trogi
568 1974 711 2033 historias
734 1974 952 2035 describendas
973 1975 1110 2036 adhibita
1131 1979 1206 2050 sint,
1230 1997 1318 2054 suga·
1388 2017 1406 2030 -.

183 2077 258 2136 citer
278 2075 509 2136 Gutschmidius
526 2097 556 2154 p.
572 2084 624 2138 257
641 2095 708 2157 sqq.
727 2073 894 2152 indagavit.
931 2096 1003 2135 usus
1021 2086 1067 2136 est
1082 2081 1161 2138 enim
1179 2081 1319 2157 Rogcrus

182 2176 237 2253 (cf.
264 2177 372 2236 Matth.
399 2179 526 2238 Westm.
549 2178 577 2238 V
597 2175 626 2254 4)
653 2177 780 2236 historia
800 2177 952 2248 Romana,
983 2198 1062 2257 quae
1090 2180 1182 2257 vulgo
1210 2179 1320 2240 dicitur

182 2279 308 2339 historia
327 2279 479 2352 miscella,
502 2278 544 2338 ita
567 2287 601 2336 ut
621 2276 770 2356 adpareat
792 2278 822 2335 in
841 2279 980 2356 exemplo
1002 2281 1067 2338 eius
1091 2281 1198 2340 lustini
1223 2282 1318 2361 epito-

181 2399 259 2440 mam
278 2380 318 2439 ad
333 2381 574 2459 amplificandam
590 2380 680 2437 istam
696 2379 881 2454 lanuginem
903 2379 1068 2440 adhibitam
1092 2401 1171 2441 esse.
1212 2384 1270 2442 iam
1293 2384 1319 2442 si

181 2483 353 2543 memineris
374 2484 406 2542 in
426 2482 559 2560 vulgatis
581 2480 724 2538 historiae
746 2480 902 2539 miscellae
924 2480 1009 2540 libris
1033 2501 1100 2540 cnm
1119 2483 1267 2582 Eutropio
1288 2495 1318 2546 et

182 2584 290 2646 Orosio
313 2584 454 2662 coniungi
475 2582 525 2641 hic
547 2580 610 2640 illic
626 2590 773 2660 excerpta
789 2581 828 2640 ds
848 2581 952 2641 Valeri
973 2583 1124 2658 historiis,
1139 2607 1200 2644 non
1216 2587 1317 2666 inpro-

180 2687 282 2746 babile
309 2687 430 2746 videtur
451 2685 604 2761 Rogcmm
625 2685 656 2743 in
682 2684 741 2742 hoc
766 2682 842 2743 libro
864 2685 1034 2743 notationes
1056 2685 1124 2746 illus
1145 2691 1317 2768 repperisse

181 2788 307 2848 haustas
328 2788 396 2848 illas
417 2787 539 2868 quidem
562 2787 593 2880 nj
614 2785 705 2845 fallor
729 2805 767 2844 cx
788 2768 1006 2865 antiquissimis
1030 2785 1140 2848 Iustini
1162 2799 1192 2850 ct
1213 2791 1340 2852 Valeri·

104 2929 106 2939 .
182 2891 348 2952 codicibus.

267 2994 355 3072 Quae
370 3013 437 3051 cum
450 2993 493 3050 ita
506 2993 580 3063 sint,
598 2990 680 3050 solus
692 2990 899 3070 Hieronymus
915 2998 1022 3052 auctor
1036 2991 1122 3052 nobis
1138 3003 1168 3054 et
1185 2994 1252 3054 lons
1271 3004 1319 3056 cat

183 3099 388 3159 Suetonianae
407 3095 444 3154 de
462 3091 638 3153 inlustribus
656 3091 730 3150 viris
746 3094 909 3152 memoriae
926 3094 956 3152 in
975 3093 1118 3154 chronica
1140 3097 1317 3158 translatae.

182 3201 266 3260 cuius
285 3197 493 3278 antiquissimo
508 3195 718 3272 Bongarsiano
735 3191 826 3266 libro,
850 3215 940 3275 quern
959 3215 1047 3254 nemo
1063 3206 1134 3275 post
1151 3199 1318 3258 Pontacum

182 3310 213 3360 et
227 3300 415 3378 Scaligerum
431 3297 578 3369 adhibuit,
594 3297 638 3353 uti
652 3294 736 3353 licuit
753 3295 864 3373 insigni
877 3297 1027 3356 Ritsclrcli
1045 3295 1200 3356 beneficio.
1231 3297 1317 3357 iacil-

180 3403 251 3462 lime
268 3403 348 3462 enim
365 3401 397 3459 in
412 3417 614 3459 meum-usum
634 3398 785 3455 concessit
800 3417 888 3476 quam
903 3405 1067 3477 paraverat
1084 3397 1318 3477 descriptionem

181 3504 275 3583 partis
296 3504 378 3574 eius,
398 3523 459 3582 qua
474 3508 620 3579 excerpta
633 3475 819 3558 Sdetoniana
834 3501 1034 3572 continentur,
1050 3499 1316 3558 accuratissimum.

181 3625 271 3686 quam
298 3605 349 3685 qui
377 3603 526 3675 confecit,
554 3621 616 3660 non
639 3598 817 3680 simpliciter
839 3600 975 3660 codicem
1000 3599 1178 3678 descripsit,
1205 3599 1259 3659 scd
1287 3602 1317 3660 in

182 3708 289 3767 charta
310 3703 487 3766 tenuissima
508 3701 644 3780 singulos
673 3701 841 3760 litterarum
864 3700 972 3760 ductus
997 3721 1050 3780 per
1073 3721 1140 3760 eam
1160 3701 1317 3779 pelluccn·

181 3819 228 3869 tes
246 3817 368 3869 secutus
385 3817 441 3866 est.
480 3826 547 3864 cum
561 3825 634 3864 vero
657 3800 694 3862 de
716 3803 869 3862 codicibus
884 3804 1132 3883 Hieronymianis
1148 3823 1318 3862 sermonem

181 3909 376 3982 instituerim,
393 3927 455 3968 non
470 3915 571 3987 potest
585 3906 730 3966 memoria
744 3906 944 3983 praetermitti
960 3907 1067 3964 summi
1082 3906 1140 3964 viri
1161 3904 1198 3963 de
1216 3924 1317 3963 emen·

182 4011 304 4072 datione
325 4021 493 4090 temporum
508 4007 699 4070 meritissimi.
736 4007 885 4088 Iosephus
910 4009 989 4066 enim
1011 4007 1150 4082 Scaliger
1171 4006 1209 4066 de
1232 4006 1317 4065 libris

182 4113 318 4173 chronici
340 4114 541 4174 certissimum
560 4111 704 4170 iudicium
734 4111 824 4182 fecit,
851 4129 978 4189 quorum
1001 4107 1114 4189 duplex
1137 4128 1232 4187 genus
1257 4108 1316 4168 dis·
1354 4149 1359 4156 -

181 4214 279 4273 tinxit.
317 4235 378 4294 qua
399 4213 437 4274 de
456 4213 628 4273 differentia
641 4210 734 4270 velim
759 4211 900 4290 perlegas
923 4229 1001 4289 quae
1024 4210 1183 4289 praeclare
1205 4211 1236 4269 in
1253 4211 1317 4269 ani·

181 4315 443 4375 madvcrsionibus
473 4315 513 4374 ad
541 4313 758 4390 chronologica
784 4312 901 4372 Eusebi
932 4333 962 4391 p.
989 4323 1041 4378 559
1068 4313 1207 4391 exposita
1238 4321 1316 4372 sunt.

161 4411 230 4476 ·'hic
256 4425 373 4476 tantum
403 4437 440 4477 ea
466 4435 545 4495 quae
572 4414 612 4475 ad
638 4423 771 4474 nostram
799 4435 862 4473 rem
896 4414 1012 4474 faciunt
1040 4413 1194 4492 adponere
1224 4413 1316 4474 libet:
