3078 5072
546 1337 1021 1447 PRAEFATIO,

195 1628 215 1654 ··
271 1611 301 1673 C.
326 1611 448 1673 Suetoni
469 1609 633 1688 Tranquilli
660 1617 777 1690 praeter
801 1609 958 1672 Caesarum
987 1609 1077 1673 libros
1106 1614 1236 1694 reliquiis
1258 1635 1327 1676 eon·

183 1714 309 1790 ligendis
332 1713 446 1792 primus
460 1712 625 1790 Angelus
644 1712 856 1774 Politianus
879 1731 1000 1790 operam
1020 1718 1143 1776 navavit.
1180 1716 1327 1795 fragmen-

183 1821 285 1876 torum
310 1814 416 1875 deinde
438 1831 595 1876 numerum
619 1815 699 1874 auxit
720 1815 826 1876 Isaac
854 1813 1102 1879 Casaubonus.
1149 1819 1232 1879 cuius
1256 1837 1326 1879 cura

183 1923 220 1978 ut
239 1915 384 1976 iuitsane
407 1915 561 1977 laudabilis
582 1917 620 1976 ita
641 1915 778 1976 omnibus
800 1918 932 1976 numeris
954 1915 1085 1978 absoluta
1107 1939 1123 1979 a
1143 1921 1212 1980 viris
1234 1919 1328 1979 doctis

184 2019 373 2098 superiorum
402 2015 587 2078 saeculorum
615 2017 731 2078 ridetur
757 2017 855 2078 babitu
887 2035 966 2088 esse,
993 2025 1025 2079 ut
1048 2035 1132 2080 nemo
1154 2021 1190 2082 de
1212 2023 1327 2098 iute'gro

184 2119 223 2181 ad
253 2119 440 2180 retractanda
467 2117 618 2197 praeclara
649 2118 723 2178 baec
752 2121 930 2196 antiquitatis
959 2129 1147 2183 monumenta
1177 2141 1269 2202 eaque
1299 2124 1327 2183 in

185 2221 354 2298 integrioris
387 2220 513 2300 aliquam
545 2221 680 2298 corporis
708 2222 836 2299 speciem
864 2222 1053 2282 instauranda
1081 2225 1242 2286 accederet.
1286 2226 1328 2306 sie
1405 2267 1407 2274 ·

185 2322 241 2384 soli
262 2325 351 2384 casui*
368 2321 546 2390 debebatur,
574 2323 598 2382 si
621 2339 729 2382 novum
752 2323 951 2400 fragmentum
975 2322 1121 2384 addebant
1145 2324 1231 2386 velini
1257 2325 1327 2386 iilud

186 2425 265 2504 quod
295 2441 329 2485 ex
359 2423 460 2484 codice
489 2423 648 2485 Oxonieosi
677 2422 713 2484 de
741 2431 846 2485 natura
873 2443 974 2485 rerum
1003 2423 1161 2485 lacobus
1185 2427 1328 2486 Grono-

186 2527 268 2588 rius
290 2524 410 2587 rettulit.
444 2531 545 2586 nostra
568 2525 686 2586 demum
710 2531 819 2596 aetate,
843 2545 900 2605 qua
923 2543 1025 2587 omues
1047 2526 1230 2605 antiquarum
1253 2528 1328 2588 litte·

186 2646 288 2689 rarum
316 2635 415 2707 partes
444 2629 508 2706 pari
535 2629 624 2687 animi
651 2629 812 2689 intentione
842 2634 929 2707 etque
956 2628 1074 2696 terrore
1102 2635 1328 2708 pertractantur,

185 2729 367 2791 intellectum
389 2736 433 2790 est
455 2720 708 2792 Casaubonianau'r
738 2747 859 2808 operam
888 2715 1040 2790 desideriis
1062 2728 1150 2808 paulo
1176 2732 1328 2791 severiori·

184 2831 242 2894 bus
257 2831 328 2891 satis
349 2833 408 2891 non
424 2831 532 2892 iacere.
552 2831 631 2910 quod
647 2831 752 2892 vidisse
774 2829 933 2910 losepbi
947 2829 1104 2909 Roganti
1124 2833 1260 2893 meritum
1275 2839 1328 2901 est,

185 2934 238 3012 qui
268 2933 328 2994 ‘de‘
342 2931 372 2994 C.
395 2933 526 2994 Suetonii
549 2932 712 3013 Tranquilli
731 2934 787 2992 vita
810 2937 839 2992 et
866 2929 996 3012 seriptis'
1014 2932 1200 2994 Vretisiaviae
1223 2933 1366 3014 dieser-2

186 3035 331 3096 tationem
359 3032 562 3113 imaginalem
589 3053 627 3095 m.
657 3035 733 3096 biaio
762 3053 787 3096 a.
815 3044 993 3094 ubcccuvi
1024 3034 1127 3095 edidit:
1179 3035 1232 3094 etsi
1260 3029 1331 3094 nibil

186 3137 251 3197 iere
275 3153 474 3216 eorumquae
496 3136 525 3196 in
546 3136 602 3196 boc
622 3151 731 3213 genere
753 3136 898 3215 praestari
919 3141 947 3196 et
975 3139 1111 3214 poterant
1133 3142 1162 3197 et
1183 3134 1331 3196 debebant

186 3237 324 3300 coniecit.

271 3339 372 3419 ltaque
390 3339 464 3401 ordo
485 3338 731 3418 pbilosophorum
748 3337 912 3400 Bonnensis
936 3344 1094 3400 auctumno
1112 3339 1243 3400 eiusdem
1262 3341 1331 3399 anni

183 3443 263 3503 banc
287 3443 488 3520 quaestionem
517 3451 550 3501 ut
572 3447 721 3502 certamen
746 3442 829 3502 fieret
850 3443 1020 3519 proposuit:
1066 3442 1119 3500 ‘de
1140 3440 1272 3502 Suetonii
1296 3439 1331 3501 li-

186 3543 250 3605 bris
273 3545 472 3622 grammaticis
496 3550 525 3604 et
545 3543 716 3622 antiquariis
737 3545 868 3622 quaestio
888 3543 1055 3603 instituatur
1082 3543 1120 3603 ita
1149 3547 1180 3601 ut
1202 3540 1331 3620 reliquiis

185 3643 333 3706 librorum
351 3643 388 3706 ab
407 3661 443 3706 eo
463 3653 582 3724 praeter
600 3645 757 3708 Caesarum
771 3646 843 3704 vitas
864 3644 1041 3732 scriptorum
1060 3642 1226 3720 diligentius
1244 3661 1332 3721 qoam

187 3746 288 3808 adhuc
309 3747 420 3807 lectum
435 3753 480 3808 est
494 3745 624 3807 collectis
647 3753 678 3807 et
698 3746 843 3825 dispositis
864 3745 900 3806 de
923 3747 1035 3806 ratione
1056 3753 1142 3824 atquc
1160 3746 1331 3805 auctoritate

185 3849 355 3910 studiorum
380 3867 395 3908 a
423 3848 563 3909 Suetonio
592 3850 622 3908 in
652 3849 709 3909 boo
735 3865 845 3926 genere
873 3847 1035 3926 positorum
1062 3829 1199 3906 iudicium
1221 3845 1331 3905 torme-

186 3948 256 4012 tur.'
289 3949 374 4011 nuos
390 3949 568 4028 quaestionis
591 3958 620 4011 et
642 3947 812 4012 difficultate
828 3956 857 4009 et
878 3951 1021 4028 gravitate
1037 3948 1161 4009 inlectus
1180 3965 1247 4007 erim
1267 3965 1332 4007 cer·

184 4049 270 4112 tandi
292 4049 459 4130 perieulum
477 4049 623 4122 subirem,
648 4071 683 4113 eo
704 4069 808 4132 passus
830 4069 890 4112 non
914 4067 978 4110 sum
999 4067 1047 4111 me
1070 4049 1229 4116 deterreri,
1253 4048 1331 4128 quod

186 4153 219 4214 C.
249 4153 281 4213 L.
311 4151 450 4214 linthium
484 4167 591 4214 novam
626 4153 748 4215 Suetoni
781 4152 938 4214 editionem
971 4151 1166 4212 bibliothecae
1195 4149 1331 4210 Teubne-

185 4255 290 4316 rianae
312 4254 486 4318 destinatam
508 4271 615 4332 parare
636 4254 765 4333 cooperi.
803 4271 870 4314 nam
887 4259 916 4314 et
933 4271 1000 4314 sero
1018 4254 1143 4334 'nuntius
1165 4250 1201 4311 ad
1216 4267 1264 4311 me
1281 4249 1332 4310 ad·

184 4357 265 4417 latus
284 4363 330 4416 est
349 4373 437 4435 quam
457 4357 589 4436 quirem
613 4373 707 4435 paene
728 4357 784 4416 iam
807 4354 843 4415 ad
860 4355 949 4414 finem
968 4347 1140 4432 perductam
1162 4351 1248 4430 piane
1270 4350 1332 4411 abi·

187 4441 299 4518 ceretu⁸
313 4463 344 4518 et
364 4473 425 4519 uon
447 4453 520 4518 nibil
548 4458 634 4518 etiam
657 4463 724 4536 post
745 4453 899 4524 linthium,
929 4456 979 4533 qui
1008 4454 1166 4533 quominus
1191 4455 1220 4512 in
1248 4457 1332 4529 parte
