3064 5064
604 415 672 460 ,οε
696 413 783 456 virus
808 395 1023 456 runssrarnvs

466 561 621 640 carmina,
644 562 717 645 quis
740 561 834 645 ignes
858 561 1007 624 nouimus
1031 557 1205 638 aetherios,

416 664 498 728 leuis
522 664 556 725 in
576 662 704 728 aridulo
725 660 854 726 maluae
876 662 1042 746 descripta
1061 658 1174 724 libello

468 763 626 829 Prusiaca
647 764 724 826 uexi
745 784 880 827 munera
903 761 1064 828 nauicula.

265 865 453 932 circumcidi
486 864 586 929 libros
619 863 751 928 Siciliae
783 866 924 951 primum
961 862 1152 927 increbruit.
1201 882 1274 925 nam
1312 860 1407 924 initio

265 968 524 1055 pumicabantur.
568 963 655 1028 unde
678 975 710 1030 et
733 963 881 1030 Catullus
900 965 961 1028 ait:
1416 973 1428 1010 ⁵

493 1067 545 1130 cui
570 1066 655 1132 dono
678 1065 822 1153 lepidum
843 1087 965 1129 nouum
985 1062 1131 1129 libellum

493 1167 587 1231 arida
609 1167 703 1233 modo
728 1168 857 1254 pumice
879 1165 1086 1252 cxpolitum?
1144 1245 1148 1255 ἱ

267 1270 372 1335 codex
408 1267 583 1332 multorum
611 1269 769 1334 librorum
798 1277 862 1332 est:
892 1267 977 1332 liber
1010 1267 1108 1332 unius
1139 1258 1325 1332 uoluminis.
1373 1275 1406 1330 ct

267 1371 374 1434 dictus
402 1367 506 1433 codex
533 1391 591 1455 per
619 1369 864 1435 translationem
898 1391 918 1432 a
946 1369 1138 1433 caudicibus
1169 1361 1323 1432 arborum
1351 1389 1409 1431 scu

267 1472 383 1535 uitium
397 1471 504 1555 [quasi
519 1470 677 1553 caudex],
695 1469 781 1556 quod
794 1472 828 1535 in
843 1492 878 1535 se
894 1469 1135 1534 multitudinem
1146 1467 1302 1533 librorum
1314 1469 1407 1554 quasi
1418 1495 1443 1534 ιι

268 1593 429 1636 ramorum
458 1573 632 1635 contineat.
682 1571 835 1636 uolumen
855 1572 938 1637 liber
970 1580 1034 1651 est,
1062 1592 1082 1633 a
1104 1569 1267 1634 uoluendo
1291 1569 1409 1634 dictus.

267 1671 351 1736 liber
378 1681 428 1736 ost
452 1673 589 1737 interior
616 1673 727 1736 tunica
755 1673 901 1750 corticis,
930 1693 1013 1757 quae
1041 1670 1131 1757 ligno
1158 1670 1321 1736 cohaeret.
1369 1670 1410 1736 de

268 1795 333 1858 quo
355 1772 529 1859 Virgilius:

426 1894 487 1938 nec
508 1875 537 1938 si
560 1896 633 1938 oum
655 1875 795 1940 moriens
817 1874 884 1938 alta
903 1871 987 1938 liber
1006 1883 1076 1938 aret
1097 1874 1131 1936 in
1154 1871 1250 1937 ulmo.
1304 1893 1308 1902 ’

269 1973 356 2038 unde
383 1983 416 2039 et
442 1973 526 2038 liber
558 1975 693 2056 dicitur,
724 1976 757 2038 in
784 1997 848 2061 quo
883 1975 1071 2039 scribimus:
1106 1975 1183 2060 quia
1211 1983 1285 2038 anto
1313 1997 1447 2039 usumra

269 2090 379 2140 cartae
402 2075 456 2139 uel
473 2076 734 2141 membranorum
757 2076 797 2139 de
816 2074 909 2140 libris
925 2076 1080 2140 arborum
1096 2075 1263 2140 uolumina
1277 2074 1411 2157 fiebant,

268 2175 302 2241 id
326 2183 375 2240 est
393 2177 717 2263 compaginabantur.
754 2165 891 2242 undeet
911 2179 1086 2264 scriptores
1107 2199 1128 2240 a
1146 2175 1239 2242 libris
1258 2175 1412 2240 arborum

222 2347 226 2358 ¹
269 2276 421 2343 librarios
440 2287 652 2343 uocauerunt.
678 2278 829 2342 librarios
843 2286 918 2341 ante
939 2277 1135 2365 bibliopolas
1154 2278 1268 2342 dictos.
1293 2275 1413 2340 librum

270 2379 356 2443 enirn
375 2379 495 2444 Graeci
513 2382 649 2463 βιβλίον
665 2388 795 2444 uocant.
816 2378 944 2443 librarii
962 2391 1070 2443 autem
1085 2379 1173 2444 idem
1188 2388 1221 2444 et
1234 2379 1413 2465 antiquarii

268 2491 437 2546 uocantur.
462 2481 519 2545 sed
534 2481 658 2546 librarii
671 2490 746 2545 sunt
758 2480 815 2566 qui
826 2501 911 2544 noua
924 2479 1071 2545 scribunt
1085 2489 1117 2546 ct
1129 2489 1250 2558 uetera,
1264 2480 1412 2564 antiqua·
1424 2500 1452 2540 ao

268 2583 309 2646 rii
327 2583 384 2666 qui
395 2591 521 2646 tantum
537 2582 632 2647 modo
648 2592 774 2664 uctera,
787 2580 874 2646 unde
890 2589 922 2646 et
936 2603 1053 2647 nomen
1066 2590 1282 2669 sumpserunt.
1301 2603 1320 2644 a
1334 2581 1414 2644 scri·
1455 2630 1463 2640 .

269 2682 378 2751 bondo
403 2692 512 2747 autom
540 2682 650 2747 scriba
673 2704 790 2748 nomen
820 2683 946 2770 accepit
973 2682 1117 2748 officium
1142 2683 1328 2767 exprimens
1357 2703 1414 2746 uo-

321 2870 555 2920 uocauerunt.’
589 2870 632 2919 ll:
653 2871 703 2920 ‘De
716 2868 839 2922 librariis
852 2878 880 2922 et
899 2887 990 2922 eorum
1007 2871 1205 2922 instrumentis.
1230 2870 1416 2920 Librarios

321 2939 411 3000 auis,
436 2939 514 2988 culus
538 2953 655 2988 acumen
678 2939 707 2987 in
729 2939 782 2988 duo
800 2919 947 3000 diuidilur,
973 2941 1001 2988 in
1020 2945 1078 2990 toto
1097 2955 1210 3004 corpure
1229 2939 1336 2987 unitate
1355 2953 1414 2986 ser·

271 3009 353 3066 uate,
384 3005 467 3054 credo
491 3010 602 3070 propter
625 3006 798 3068 mysterium,
828 3013 858 3056 ut
881 3007 909 3056 in
933 3007 1039 3058 duobus
1062 3008 1188 3070 apicibus
1211 3013 1292 3056 uetus
1315 3011 1342 3054 et
1366 3021 1414 3055 no-

270 3087 334 3120 uum
352 3077 546 3122 testamentum
559 3073 723 3136 signaretur,
744 3073 841 3136 quibus
861 3075 1021 3138 exprimitur
1037 3075 1116 3124 uerbi
1134 3079 1335 3124 sacramentum
1348 3087 1413 3120 san-

270 3140 353 3202 gulae
372 3141 509 3204 passionis
528 3140 651 3190 effusum.
688 3139 804 3190 dictus
831 3142 1112 3194 autemoalamus
1205 3137 1337 3190 tomus.‘
1375 3139 1413 3190 cl.

272 3207 455 3270 Hieronymus
475 3224 518 3273 ep.
537 3207 603 3258 VIII
622 3207 656 3256 ad
675 3208 789 3258 Niceam
808 3214 872 3259 tom.
892 3210 905 3260 I
925 3227 951 3274 p.
971 3209 1001 3258 ‘21
1022 3209 1094 3260 Vall.

318 3455 322 3464 ,
359 3403 371 3456 l
396 3395 464 3473 quis
491 3399 545 3458 Gu.
576 3403 599 3453 1.
629 3401 648 3452 4
676 3413 735 3474 que
759 3397 871 3455 Μοιιιιι.
906 3391 919 3478 ll
948 3397 1050 3473 signes
1080 3397 1193 3455 Monac.
1225 3397 1328 3472 signas
1359 3397 1415 3454 Ga.

275 3479 410 3556 2signis
434 3482 488 3538 Gu.
514 3483 589 3539 aaz.
620 3477 633 3560 Η
662 3480 813 3540 aetherios
849 3485 1000 3539 Il'ciclrcrt.
1024 3491 1101 3554 poet.
1132 3485 1181 3539 lot.
1211 3485 1262 3539 rel.
1285 3500 1315 3554 p.
1346 3485 1416 3538 197.-

271 3565 372 3624 aerios
396 3565 509 3623 Monac.
534 3568 588 3622 Gu.
618 3573 642 3624 2.
668 3573 696 3622 3.
723 3571 742 3622 4
766 3584 872 3624 aereos
895 3569 948 3623 Gu.
973 3573 987 3622 1
1010 3567 1053 3638 (ut
1078 3570 1200 3639 ridetur)
1235 3560 1290 3648 ll²
1308 3555 1418 3622 ardelo

273 3652 325 3707 Gu.
344 3655 359 3706 1
379 3643 393 3728 ΙΙ
416 3647 578 3726 disscripta
594 3645 647 3708 Gt.
668 3656 685 3708 2
706 3642 719 3730 ΙΙ
740 3659 757 3711 3
774 3651 912 3727 pruriara
929 3655 980 3708 Gn.
1003 3651 1233 3729 2p1uxiacaul.
1256 3644 1269 3730 l}
1291 3649 1419 3710 linere-

271 3733 338 3811 puit
357 3737 394 3790 al.
410 3725 424 3814 ΙΙ
440 3732 622 3812 tCatullus]
642 3735 734 3792 carm.
749 3736 769 3790 I
782 3741 796 3791 1
811 3752 852 3808 sq.
869 3730 882 3814 11
902 3743 919 3797 9
941 3733 1116 3794 caudicibus
1130 3739 1286 3792 Armatus.-
1303 3732 1417 3792 codici·

271 3817 327 3876 bus
350 3819 463 3876 Monac.
492 3821 544 3877 Ga.
569 3825 586 3875 2
607 3813 619 3898 ΙΙ
643 3828 675 3880 10
701 3819 789 3897 quasi
814 3819 933 3878 caudex
956 3824 1071 3878 seclusit
1095 3822 1125 3877 0.
1149 3821 1271 3878 Iahnius
1290 3813 1305 3900 11
1328 3837 1365 3877 cx
1383 3839 1419 3877 se

273 3905 326 3960 Ga.
344 3909 359 3960 1
378 3899 392 3984 ll
414 3913 445 3965 11
464 3910 626 3962 conteneat
641 3904 753 3960 olonae.
776 3899 789 3984 ll
814 3913 844 3966 13
863 3901 1024 3982 Virgilius]
1044 3908 1094 3962 ecl.
1116 3907 1146 3962 X
1164 3910 1203 3964 67
1223 3898 1236 3986 ΙΙ
1253 3913 1286 3965 14
1306 3903 1331 3962 si
1352 3903 1420 3962 alta

271 3985 350 4044 liber
370 3988 400 4050 h.
420 3987 485 4045 iu.
501 3991 530 4044 ιἰι
546 4006 600 4062 my.
617 4007 675 4047 nec
692 3987 735 4046 sic
751 4006 818 4046 curn
835 3987 992 4048 moriensti
1010 3991 1125 4048 Monac.
1146 4008 1204 4048 nec
1223 3989 1249 4047 si
1270 4007 1337 4046 cum
1353 4009 1418 4048 rno-

271 4071 353 4130 rIens
373 4073 435 4131 alta
456 4071 534 4130 libcr
551 4070 660 4131 haeret
674 4071 705 4129 in
723 4071 804 4130 ulmo
822 4075 875 4132 Ga.
898 4079 913 4130 J
929 4074 973 4132 sla
989 4073 1052 4132 alta
1071 4072 1149 4131 liber
1165 4073 1274 4132 haeret
1288 4073 1319 4130 in
1336 4071 1419 4131 ulmo

273 4161 354 4230 culpo
366 4165 432 4215 aret
446 4173 462 4214 c
484 4159 566 4231 Varp.
579 4160 720 4216 Arctatus
733 4151 747 4236 Η
765 4167 796 4219 15
810 4153 892 4237 quia]
907 4156 987 4236 quod
1001 4161 1053 4216 Ga.
1070 4165 1088 4214 2
1102 4151 1116 4239 ΙΙ
1134 4167 1164 4220 16
1175 4155 1419 4216 membranarum

273 4241 386 4300 Monac.
405 4245 456 4322 Ga.
476 4235 518 4321 ΙΙΙ
538 4251 569 4304 18
588 4239 727 4299 librarios
746 4251 866 4300 constat
882 4247 964 4317 vulpe
985 4237 998 4322 ΙΙ
1023 4252 1056 4304 19
1070 4239 1189 4317 βιβλίον
1204 4245 1325 4314 scripsi:
1351 4240 1418 4299 bib-

272 4324 345 4383 lium
366 4328 418 4384 Ga.
441 4330 456 4382 1
466 4323 581 4384 biblum
596 4327 710 4383 Monac.
736 4321 740 4405 l
756 4325 837 4384 idem
853 4331 972 4402 scripsi:
988 4326 1019 4385 id
1036 4334 1082 4384 est
1098 4327 1210 4384 Monac.
1228 4329 1310 4399 aalys
1325 4325 1420 4384 iidem

273 4411 414 4468 Arcaalus
428 4402 441 4491 l}
458 4417 488 4466 et
499 4428 553 4468 om.
573 4413 625 4468 Ga.
644 4417 667 4466 1.
687 4403 722 4490 21
746 4419 781 4472 10
797 4419 827 4470 et
845 4431 925 4470 noua
940 4420 971 4470 et
986 4419 1092 4508 uetera
1112 4410 1249 4490 scribunt
1263 4413 1346 4486 vulpe
