3064 5064
242 369 281 432 78
620 389 662 430 nn
684 387 772 431 ursus
792 387 1007 432 runvsrnravs

241 558 350 600 sarum
374 527 570 605 actionibus.
616 535 678 600 hoc
708 535 829 598 factum
857 534 1009 599 Caesaris
1038 534 1174 600 iuuenili
1204 538 1381 602 aestimans

240 638 340 702 animi
361 636 469 702 calore
493 657 690 724 speransque
709 635 865 700 ultionem
883 656 904 700 a
923 637 1101 702 coniuratis
1118 637 1152 700 in
1169 637 1300 702 caedem
1318 637 1399 704 Ne·

161 815 170 826 ¹
240 741 329 804 ronis
362 739 470 803 socius
499 738 692 825 adsumptus
721 747 785 820 est,
826 737 884 802 sed
911 760 1026 825 parum
1053 739 1170 802 fauste.
1225 738 1381 826 deceptus

240 843 327 904 enim
356 862 376 903 a
403 840 523 906 Pisone
551 846 582 903 et
604 839 830 904 consularibus
858 837 997 926 aliisque
1027 849 1178 926 praetura
1199 841 1381 928 perfunctis

240 941 432 1006 inlustribus
465 941 547 1004 uiris
577 939 652 1004 dum
682 941 859 1006 uindictam
888 942 1015 1028 expetit
1045 943 1079 1006 in
1111 953 1247 1006 mortem
1275 943 1403 1011 irruit.⁵

240 1065 315 1108 narn
337 1050 540 1129 sua·spcnte
563 1051 693 1106 coactus
721 1043 791 1105 uita
812 1042 971 1108 excedere
997 1064 1099 1108 uenas
1130 1043 1194 1107 sibi
1221 1043 1382 1130 praecidit

238 1145 399 1232 periitque
417 1127 523 1232 pridie
542 1141 711 1208 Kalendas
732 1143 837 1208 Maias
860 1144 970 1210 Attico
993 1125 1130 1210 Vestino
1151 1153 1183 1208 et
1205 1144 1316 1208 Nerua
1331 1144 1381 1209 Si·

240 1247 327 1311 liano
354 1267 455 1327 cosa,
482 1242 603 1308 XXVI
621 1227 740 1310 aetatis
770 1267 891 1308 annum
914 1265 1031 1330 agens,
1068 1267 1133 1310 non
1162 1247 1233 1310 sine
1255 1247 1381 1312 iactura

239 1344 391 1413 utilitatis
414 1368 487 1410 curn
506 1347 646 1433 patriae,
668 1367 751 1434 quae
772 1354 895 1409 tantam
918 1347 1079 1412 inmature
1099 1347 1208 1412 amisit
1227 1347 1379 1430 indolem,

239 1459 307 1515 tum
326 1449 505 1513 studiorum
524 1469 663 1535 quoque.
692 1445 809 1533 reliqui
829 1449 915 1514 eninr
934 1447 1000 1512 VII
1019 1447 1100 1521 belli
1116 1441 1225 1514 ciuilis
1244 1448 1319 1513 libri
1335 1448 1379 1514 lo·
1391 1475 1432 1540 ro,

240 1574 313 1616 curn
330 1548 603 1617 calumniantibus
617 1556 782 1636 tamquam
795 1547 941 1614 mendosi
956 1571 1021 1614 non
1034 1548 1164 1633 darent,
1177 1551 1232 1638 qui
1249 1552 1380 1616 tametsi

240 1653 300 1718 sub
322 1674 401 1717 uero
424 1653 559 1716 crimine
587 1673 653 1716 non
675 1659 773 1736 egent
793 1644 989 1736 patrocinio:
1022 1651 1058 1716 ln
1079 1651 1183 1716 isdem
1206 1651 1271 1716 dici
1293 1653 1379 1738 quod

240 1757 273 1818 in
307 1753 405 1819 Ouidi
440 1753 531 1818 libris
563 1752 796 1841 praescribitur
829 1761 951 1837 potest:
997 1753 1250 1819 *emendaturus
1282 1755 1310 1818 si
1343 1753 1379 1819 li·

240 1857 361 1922 cuisset
386 1860 483 1920 crat’
523 1864 635 1919 extant
656 1855 726 1920 cius
748 1851 931 1941 complures
960 1863 993 1918 et
1017 1853 1090 1938 alii,
1117 1864 1154 1919 ut
1177 1855 1301 1920 lliacon
1323 1856 1380 1921 Sa-

239 1957 382 2023 turnalia
406 1953 665 2020 Catacbtbonion
688 1953 849 2019 Siluarum
876 1954 910 2018 X
931 1955 1102 2042 tragoedia
1129 1957 1256 2022 Medea·
1272 1959 1378 2045 inper-
1392 1977 1414 2017 a

240 2061 327 2125 secta
347 2056 479 2122 salticae
502 2055 634 2122 fabulae
657 2055 763 2120 Xllll
786 2057 1035 2142 epigrammate,
1059 2080 1156 2145 prosa
1177 2061 1323 2124 oratione
1345 2061 1381 2124 in

326 2232 356 2282 14
374 2247 432 2296 sqq.
469 2231 575 2280 Statius
592 2229 653 2280 silv.
672 2230 699 2280 11
717 2229 746 2289 7,
765 2229 799 2279 52
817 2244 888 2295 sqq:

508 2297 547 2348 ‘tu
566 2299 644 2347 oanis
661 2297 743 2347 Latio
762 2313 916 2362 memorque
936 2298 1026 2364 gentis

509 2381 619 2416 carmon
638 2366 733 2416 tortior
752 2367 840 2416 exeris
858 2371 991 2431 togatum.

509 2450 542 2484 ac
560 2435 675 2500 primum
693 2434 797 2484 teneris
816 2433 904 2482 adhue
923 2435 951 2482 in
970 2435 1050 2484 anuis

391 2551 394 2558 Δ
506 2502 584 2553 ludes
602 2501 725 2552 Hectora
742 2501 944 2566 'I'bcssalosque
963 2517 1057 2552 curnis

508 2575 536 2620 ct
552 2570 668 2634 supplex
686 2569 790 2619 Priami
808 2570 928 2634 potantis
948 2584 1051 2632 aarum,

507 2643 536 2688 et
553 2637 634 2686 aedes
652 2637 789 2687 reserabis
808 2638 964 2686 interorum.

508 2707 631 2770 ingratus
649 2705 720 2754 Nero
738 2704 864 2754 dulcibus
882 2704 1008 2768 theatris,

508 2779 536 2823 et
553 2779 647 2822 noster
663 2773 715 2822 tibi
734 2773 889 2837 proferetur
906 2772 1041 2837 Orpbeus.

506 2841 583 2890 dices
602 2840 765 2892 culminibus
783 2841 861 2889 Remi
879 2847 1015 2904 uagantes

507 2907 635 2958 infandos
653 2909 755 2957 domini
774 2909 899 2958 nocentis
917 2909 1004 2974 ignes,

423 2985 431 2996 ¹
507 2981 537 3026 tu
555 2981 651 3024 castae
669 2977 780 3026 titulum
798 2975 936 3040 decusque
954 2977 1049 3027 Pallae

507 3044 627 3094 iucunda
645 3043 724 3094 dabis
742 3044 928 3094 allocutione:

238 3147 440 3160 ———

277 3205 280 3212 '
325 3198 470 3263 lccsaris
495 3201 533 3257 W
551 3195 563 3278 Η
586 3197 733 3258 iuuenilia
755 3198 898 3258 estimans
931 3199 969 3256 W
983 3199 1149 3260 iuueniaIIa
1173 3201 1380 3262 aestimansB

238 3283 251 3370 Η
271 3284 411 3348 ‘academ
435 3285 471 3343 W
483 3278 496 3366 Η
511 3293 529 3348 3
542 3284 638 3343 sotius
653 3285 684 3340 M
699 3279 712 3364 Η
728 3291 901 3362 assumptus
918 3285 976 3340 MB
991 3279 1004 3366 Η
1021 3285 1167 3364 deceptas
1185 3295 1231 3346 est
1252 3291 1319 3346 libri
1334 3299 1380 3348 est

236 3393 290 3432 cm.
308 3376 364 3428 iam
380 3379 459 3428 cetae
474 3373 559 3428 editio
574 3363 588 3450 Η
603 3381 618 3432 5
635 3367 804 3428 illustribus
822 3371 898 3426 MW
910 3367 923 3446 Η
938 3377 954 3430 6
971 3389 1041 3428 suas
1063 3379 1194 3448 ponteco
1218 3381 1304 3432 actus
1321 3376 1349 3430 B
1366 3371 1380 3452 Η

236 3473 336 3537 7Kal.
352 3473 385 3530 M
394 3470 446 3528 Kl.
467 3470 552 3529 WK.
565 3474 592 3528 B
607 3466 620 3552 Η
635 3453 694 3529 mai
707 3473 740 3528 M
747 3473 784 3528 W
796 3465 808 3552 Η
824 3469 903 3528 atico
925 3472 988 3546 WB
1002 3465 1015 3552 Η
1031 3470 1139 3532 sillano
1151 3475 1185 3530 M
1196 3473 1301 3532 silano¹
1318 3477 1382 3532 WB

238 3557 250 3640 Η
267 3567 285 3620 8
302 3576 373 3616 cone
388 3557 423 3613 M
440 3551 452 3636 Η
472 3555 583 3616 XXVI
605 3557 644 3614 Μ.
666 3557 801 3614 Hoaltiur
814 3558 849 3613 de
867 3558 948 3614 Rom.
967 3573 1025 3613 rer.
1040 3562 1139 3631 script.
1158 3568 1223 3616 tam.
1247 3559 1267 3615 Ι
1281 3579 1313 3632 p.
1333 3566 1380 3630 77,

237 3647 325 3702 Clima
343 3643 413 3715 suat.
437 3643 518 3700 Rom.
541 3651 605 3700 tom.
627 3642 646 3698 Ι
663 3659 693 3714 p.
720 3647 774 3698 47:
792 3639 920 3698 XXVII
951 3641 1015 3698 WB
1042 3643 1187 3702 XXVIII
1206 3640 1265 3724 ΜΗ
1282 3651 1313 3702 ct
1329 3664 1380 3702 ae·

235 3729 308 3788 tatis
332 3729 370 3784 W
386 3721 399 3805 Η
420 3725 568 3805 9patriae
586 3727 773 3784 Omnibonus:
793 3725 893 3802 patria
908 3729 976 3783 libri
994 3720 1008 3805 Η
1028 3735 1143 3786 tantam
1158 3748 1236 3787 carr.
1258 3747 1298 3787 ex
1312 3741 1380 3788 tan·

236 3823 299 3870 tum
315 3829 390 3870 maa.
410 3815 473 3870 ead.
496 3814 533 3869 W
545 3807 558 3892 Η
573 3809 759 3869 indolentnm
770 3811 797 3866 B
811 3843 823 3888 Η
844 3821 875 3869 10
889 3830 921 3868 se
945 3821 1006 3870 tem
1025 3813 1057 3868 M
1065 3814 1102 3869 W
1115 3813 1147 3872 X
1163 3816 1225 3871 Mic.
1241 3817 1381 3872 Antonius

235 3900 300 3956 bibl.
315 3899 398 3968 Hiep.
416 3905 467 3955 vet.
486 3898 541 3970 Ip.
559 3903 597 3954 55
613 3895 626 3974 Η
642 3895 716 3954 belii
735 3897 763 3952 B
777 3894 822 3954 illi
840 3896 872 3951 M
879 3898 917 3952 W
935 3889 941 3976 Ι
958 3905 985 3957 ll
1004 3905 1148 3975 tanquam
1166 3899 1229 3955 ΜΒ
1243 3893 1256 3979 Η
1271 3897 1382 3956 darent

236 3981 256 4039 h
280 3980 300 4038 d
319 3979 362 4058 (t)
387 3981 555 4059 patrocinio
579 3981 699 4052 (omissae
718 3985 845 4056 relicuas)
866 3983 898 4038 M
918 3973 924 4060 l
947 3983 1068 4040 tarnetsi
1089 3985 1151 4040 edd.
1173 3992 1253 4041 vett:
1278 3992 1379 4042 tamen

237 4067 355 4124 etiamsi
372 4067 400 4122 Β
416 4075 477 4126 tarn
497 4065 588 4124 etiarn
613 4067 651 4124 W
662 4059 675 4146 Η
692 4073 724 4128 12
745 4065 862 4124 hisdem
887 4067 949 4123 WB
968 4059 981 4146 Η
1004 4075 1037 4128 13
1054 4066 1084 4124 in
1107 4065 1210 4127 Ouidii
1229 4069 1289 4124 ΜΒ
1305 4087 1379 4126 ιιοιι-

235 4149 299 4220 aidi
327 4145 388 4232 ΜΗ
403 4149 601 4230 proscribitur
623 4152 661 4206 W
675 4149 871 4228 perscribitur
887 4152 921 4208 M
938 4145 951 4228 Η
972 4159 1074 4228 potest
1091 4153 1279 4211 Omnibonus:
1310 4161 1382 4230 post

235 4237 302 4293 libri
314 4229 328 4316 Η
345 4244 377 4296 ll
387 4235 474 4295 utilia
491 4234 675 4294 ‘saturnalia
701 4237 738 4292 W
749 4231 762 4316 Η
778 4253 955 4294 rarescentes
969 4237 1001 4292 M
1018 4245 1216 4296 cataxcomon
1238 4240 1266 4295 B
1282 4246 1381 4298 catas-

237 4318 344 4376 cenion
369 4314 430 4400 ΜΗ
454 4329 485 4384 16
506 4318 724 4398 epigrammata
743 4323 863 4393 scripsi.-
889 4331 920 4382 et
940 4319 1102 4402 appamata
1120 4323 1155 4380 M
1175 4331 1206 4382 et
1227 4323 1382 4402 ippamata

244 4406 308 4462 WB
321 4412 351 4462 ct
368 4404 586 4484 epigrammata
600 4409 673 4464 coni.
697 4407 834 4465 Weberas
