3064 5064
294 425 354 488 126
663 447 705 488 na
728 445 815 488 vrars
840 447 1052 489 raevsrmars

291 594 424 680 propria
444 592 606 665 auditoria
630 593 769 657 institnit
780 642 789 674 ‚
816 593 929 658 solitus
948 595 1113 681 preposita
1135 595 1355 670 controuersia
1378 615 1428 658 se·

293 694 372 757 dens
407 695 550 780 incipere
581 704 614 757 et
644 696 752 759 calere
791 695 918 760 demum
948 705 1122 782 prouectus
1155 716 1351 779 consurgere
1388 717 1429 758 ao

291 816 451 883 perorare,
472 795 652 860 declamare
673 805 779 860 autem
803 817 922 881 genero
945 798 1053 860 uario:
1074 797 1168 862 medo
1191 795 1361 882 splendide
1380 805 1428 860 at·

292 919 353 984 que
377 897 549 978 adornate,
572 907 656 978 tum,
679 919 721 960 ne
746 919 849 985 usquc
872 919 1001 984 quaque
1022 896 1234 962 scholasticus
1260 899 1430 963 existima·

291 1007 389 1080 retur,
411 999 601 1062 circumcise
620 1019 658 1062 ac
681 998 812 1064 sordide
830 1010 862 1063 et
878 1009 1004 1062 tantum
1023 1020 1086 1063 non
1105 998 1289 1064 triuialibus
1305 998 1428 1063 uerbis.
1445 1021 1457 1058 a

291 1101 358 1184 egit
386 1109 418 1163 et
447 1117 578 1177 causas,
607 1121 718 1163 uerum
746 1103 869 1182 rarius,
899 1101 974 1164 (lusu
1003 1101 1236 1187 amplissimam
1266 1121 1431 1186 quamque

292 1211 434 1265 sectatur
462 1223 521 1264 nee
548 1201 646 1264 alium
663 1202 711 1264 ¹in
738 1201 805 1265 ulla
830 1203 933 1268 lecum
965 1224 1062 1289 quam
1089 1202 1271 1288 perorandi.
1314 1213 1432 1287 postca

290 1303 491 1366 renuntiastis
521 1302 591 1366 fert)
619 1307 735 1391 partim
761 1303 884 1390 pudore
910 1305 1026 1389 partim
1054 1313 1158 1381 metn3
1187 1325 1263 1367 nam
1291 1324 1364 1366 cum
1393 1304 1430 1366 in

292 1405 348 1468 lite
377 1404 517 1490 quadam
539 1403 766 1468 centumuirali
791 1403 993 1484 aduersario,
1018 1427 1113 1493 quem
1135 1415 1172 1469 ut
1194 1405 1327 1493 impium
1348 1425 1432 1488 erga

293 1517 443 1593 parentes
466 1503 660 1588 incessebat,
683 1506 735 1569 ius
758 1505 929 1570 iurandum
952 1509 1045 1592 quasi
1067 1527 1124 1592 per
1146 1506 1282 1592 liguram
1307 1507 1354 1570 sic
1372 1505 1430 1570 ob·
1444 1529 1468 1568 m

292 1607 436 1672 tulisset:
465 1609 555 1671 ‘iura
573 1628 631 1693 per
651 1609 754 1693 patris
777 1609 953 1693 matrisque
975 1609 1111 1689 cineres,
1129 1609 1184 1694 qui
1207 1607 1367 1689 inconditi
1384 1607 1432 1670 ia-

194 1755 196 1758 -
292 1715 384 1774 cent’
407 1719 439 1773 ct
458 1709 523 1772 alia
544 1707 575 1770 in
599 1707 684 1770 hunc
706 1707 851 1788 medum,
874 1709 1048 1796 arripiente
1068 1731 1106 1773 eo
1128 1709 1345 1774 conditionem
1368 1729 1433 1772 nec

293 1809 456 1874 iudicibus
472 1808 723 1896 aspernantibus
743 1831 805 1872 non
826 1809 897 1874 sine
915 1831 1033 1896 magna
1054 1811 1103 1874 sui
1122 1811 1247 1874 inuidia
1264 1811 1432 1896 negotium

293 1911 425 1976 afflixit.
466 1921 497 1975 et
519 1931 631 1974 rursus
655 1911 687 1973 iu
708 1911 891 1996 cognitione
908 1911 1022 2000 caedis¹
1032 1911 1207 1976 Mediolani
1226 1911 1312 1998 apud
1325 1911 1361 1976 L.
1375 1909 1432 1973 Pl·

289 2033 403 2077 sonem
417 2011 643 2100 proconsulem
659 2010 838 2076 defendens
855 2033 955 2093 reum,
975 2034 1047 2076 cum
1064 2012 1235 2076 cohibente
1253 2012 1368 2077 lictore
1382 2013 1431 2076 ni·
1446 2039 1469 2076 n

381 2219 388 2268 1
411 2235 469 2286 sqq.
494 2221 601 2270 Seneca
624 2223 745 2268 controv.
770 2217 823 2268 v11
841 2219 929 2283 prael.
954 2235 979 2284 p.
1006 2217 1068 2280 178,
1095 2218 1126 2267 10
1144 2233 1216 2284 sqq:
1258 2217 1433 2284 ‘incipiebat

293 2287 365 2338 enirn
382 2289 480 2338 sederas
493 2293 521 2336 et
534 2289 557 2336 si
570 2287 678 2351 qnando
692 2285 766 2334 illurn
779 2288 946 2351 produxerat
959 2287 1043 2344 calor.
1059 2303 1206 2352 exsurgere
1220 2284 1359 2337 audehat)

377 2356 393 2406 3
405 2373 463 2422 sqq.
484 2356 558 2405 ldern
569 2354 669 2404 ibidem
680 2371 706 2419 p.
720 2353 800 2414 111117
814 2371 888 2418 sqq:
908 2354 1154 2420 ‘splendidissimus
1165 2359 1238 2404 erat:
1253 2353 1323 2403 idem
1334 2370 1377 2403 rea
1390 2353 1432 2403 di-

293 2425 376 2474 cebat
386 2427 503 2474 curniuru
519 2422 730 2484 sordidissimas,
747 2427 856 2471 acetum
867 2427 895 2471 et
905 2423 1024 2488 puleium
1035 2430 1063 2472 et
1074 2423 1215 2472 lanternas
1229 2429 1256 2472 ot
1269 2421 1433 2487 psilothrum

294 2500 321 2542 et
339 2494 484 2558 spongiam
508 2489 575 2541 nihil
595 2491 712 2554 putabat
730 2505 790 2538 esse
810 2489 879 2555 quod
904 2489 959 2540 diei
983 2490 1012 2539 in
1029 2490 1231 2540 declamatione
1253 2506 1306 2540 nou
1325 2495 1432 2556 posset.

293 2567 353 2610 crat
372 2567 462 2610 autern
483 2558 531 2608 illa
550 2573 648 2607 carrae:
668 2557 785 2606 timebat
802 2573 837 2606 ne
856 2557 1039 2607 scholasticus
1053 2558 1201 2608 uideretur.
1232 2557 1294 2608 dum
1313 2557 1432 2608 alterum

293 2630 390 2678 uitium
409 2628 525 2688 docitem,
545 2625 687 2676 incidebat
705 2625 733 2673 in
753 2625 868 2674 alterum
888 2639 938 2674 nee
956 2626 1071 2676 uidebat
1082 2627 1195 2676 nimium
1208 2625 1283 2675 illum
1296 2625 1434 2676 orationis

294 2711 360 2746 strae
380 2695 552 2760 splendorem
572 2694 614 2743 his
638 2693 768 2742 admixtis
790 2693 916 2743 sordibus
940 2709 993 2742 non
1018 2693 1129 2743 delendi
1153 2694 1201 2744 sed
1226 2691 1377 2758 inquinari:
1404 2701 1434 2742 et

293 2763 344 2813 hoc
365 2763 482 2827 aequale
501 2763 620 2811 omnium
640 2766 690 2820 est,
710 2766 740 2808 nt
757 2761 827 2809 uitia
846 2775 896 2810 saa
916 2775 1048 2810 excusare
1073 2759 1170 2811 malint
1194 2777 1275 2826 qnam
1298 2760 1431 2825 elingere.

293 2831 425 2880 Allmcins
444 2831 514 2878 enim
534 2844 588 2877 non
607 2827 739 2892 quomodo
758 2843 811 2876 non
831 2843 891 2878 esse
910 2827 1093 2880 scholasticus
1111 2845 1165 2880 aon
1184 2835 1258 2879 esset
1280 2829 1432 2893 quaerebat

293 2898 341 2948 aed
365 2897 498 2962 quenrodo
520 2913 574 2946 non
598 2895 747 2945 uideretur.
788 2895 856 2944 nihil
876 2895 1041 2946 detrahebat
1059 2914 1092 2946 ex
1110 2912 1281 2963 superuacuo
1299 2897 1432 2960 strepitu:

294 2965 364 3015 haec
382 2965 492 3014 sordida
510 2965 596 3013 narba
615 2963 650 3012 ad
668 2963 851 3028 patrocinium
871 2963 1240 3026 aliorum(t1umoalterum)
1264 2962 1433 3014 adferebat?

378 3035 462 3098 ttsqq.
486 3031 561 3082 Idem
575 3029 676 3080 ibidem
695 3047 721 3094 p.
738 3029 794 3090 tal,
816 3031 845 3080 ll
856 3030 938 3090 -182,
960 3031 1002 3080 ll:
1022 3035 1093 3082 ‘raro
1111 3033 1228 3084 Albucio
1246 3031 1434 3097 respondebat

294 3101 420 3162 fortuna,
444 3115 550 3164 semper
568 3097 674 3163 opinio:
699 3099 824 3162 quamuis
848 3101 1031 3164 poenituisset
1049 3101 1174 3161 audisse,
1193 3099 1300 3150 libebat
1324 3099 1432 3148 audire.

295 3171 395 3230 tristis,
414 3167 550 3217 sollicitus
569 3166 739 3214 declamator
757 3172 785 3214 et
804 3168 849 3230 qni
868 3165 901 3215 de
920 3166 1042 3217 dictione
1061 3169 1247 3229 annumeret,
1267 3169 1351 3216 etiam
1370 3183 1433 3216 cum

294 3239 421 3287 dixisset:
442 3250 526 3300 nsque
546 3249 578 3283 ee
596 3233 700 3282 nullum
719 3239 825 3298 tempus
843 3249 967 3284 securum
987 3242 1055 3285 crat.
1091 3233 1255 3285 baccillum
1275 3235 1434 3284 sollicitudo

295 3307 404 3372 legauit
423 3319 440 3353 a
457 3305 516 3352 tore
535 3308 563 3352 et
582 3307 687 3350 tantum
707 3303 787 3350 unins
810 3303 914 3366 tigerne.
938 3303 1059 3353 crudelis
1078 3311 1201 3354 euentus.
1238 3303 1347 3352 namin
1367 3317 1434 3367 quo·

295 3375 357 3424 dam
370 3373 472 3422 iudicio
485 3369 688 3424 centumuirali.
707 3385 767 3418 cnm
781 3370 919 3420 diceretur
936 3372 1003 3421 iuria
1017 3371 1125 3422 iurandi
1144 3371 1271 3422 condicio
1284 3371 1434 3436 aliquande

296 3443 373 3492 lacta
391 3441 426 3490 ah
446 3437 618 3498 aduersario,
645 3437 750 3486 induxit
769 3438 828 3487 eins
847 3439 919 3487 modi
943 3439 1055 3504 liguram
1074 3455 1127 3504 qua
1146 3439 1187 3488 illi
1206 3439 1298 3490 eurrria
1316 3439 1434 3488 erimina

295 3515 443 3574 regeneret.
463 3506 570 3564 Placet,
590 3505 692 3570 inquit,
712 3505 764 3554 tihi
777 3522 834 3555 rem
853 3507 1041 3556 iureiurando
1060 3508 1191 3572 transigi3
1212 3509 1271 3556 iura
1284 3522 1333 3572 per
1345 3507 1434 3572 patris

295 3577 467 3636 memoriam3
491 3579 519 3623 et
538 3579 669 3623 executus
692 3579 734 3624 est
760 3574 861 3636 locnmq
886 3590 939 3638 quo
958 3576 1082 3640 perlecto
1101 3576 1219 3625 surrexit
1237 3577 1269 3624 11·
1288 3575 1436 3624 Arruntius

297 3677 482 3690 ——u——ss

380 3739 396 3792 'l
412 3729 545 3808 incipere
562 3731 709 3786 Faernus:
726 3729 756 3788 iu
771 3747 862 3808 opere
877 3731 945 3787 libri
958 3723 1002 3848 1111
1018 3737 1119 3787 autern
1132 3748 1244 3807 genere
1253 3731 1436 3804 Stephanus:

979 3821 990 3848 u

296 3879 348 3928 atrt
360 3887 481 3946 genuere
495 3867 561 3923 libri
575 3859 589 3945 11
603 3873 620 3924 t
640 3862 803 3924 adorantes·
821 3867 918 3923 ΝΟΜ
930 3861 943 3946 11
959 3875 1022 3924 tum
1037 3867 1061 3922 L
1076 3862 1089 3944 11
1104 3864 1284 3924 scolasticus
1302 3867 1324 3922 G
1344 3865 1435 3932 (cerr.
1485 3895 1493 3904 -

296 3973 331 4012 m.
350 3961 377 4028 2)
396 3955 423 4010 Ν
439 3947 452 4032 11
473 3965 489 4014 5
506 3951 674 4008 circuncise
691 3946 839 4030 (11111111ιύ
861 3946 899 4008 uo
920 3953 946 4006 l'
963 3960 1078 4009 tantum
1093 3969 1152 4008 non
1170 3953 1192 4007 0
1209 3960 1310 4008 tamen
1331 3968 1391 4007 uon
1415 3952 1436 4006 L

296 4047 411 4097 tantum
426 4035 514 4094 uredo
532 4035 602 4092 nal
615 4029 660 4113 116
679 4053 803 4094 caussas
819 4037 842 4092 L
863 4029 876 4115 11
898 4037 1084 4113 amplissima
1104 4039 1125 4094 G
1140 4031 1153 4115 11
1169 4051 1312 4116 quaeque
1333 4036 1436 4092 VNOG

299 4121 311 4204 11
328 4121 547 4184 ttrcnuneiauit
570 4121 617 4175 Vn
632 4115 676 4198 119
694 4117 759 4200 lite]
775 4121 843 4178 luce
857 4123 886 4178 N
896 4115 909 4202 11
926 4123 956 4180 in
972 4119 1025 4178 lite
1042 4119 1184 4200 quadam]
1200 4119 1323 4178 militem
1340 4139 1436 4198 quen·

298 4209 366 4266 dant
384 4211 406 4264 0
421 4202 435 4288 11
452 4218 483 4268 lo
495 4203 654 4284 optulisset
664 4207 712 4262 LG
725 4199 739 4285 11
757 4215 788 4267 12
804 4204 980 4264 condicione.
1006 4205 1258 4264 l'corrdictionenr
1275 4206 1291 4261 l
1303 4200 1316 4284 11
1334 4215 1365 4266 13
1380 4225 1438 4263 sua

300 4295 374 4350 urta
381 4287 415 4372 111
425 4311 480 4349 aua
491 4309 601 4368 magna
610 4293 633 4346 G
642 4287 652 4368 11
661 4291 821 4365 negocium
832 4292 855 4347 L
868 4285 881 4370 11
898 4300 927 4353 15
939 4291 1148 4369 proconsulem
1160 4291 1309 4368 tlproeos.
1318 4291 1435 4368 Glpor·

299 4397 361 4436 eos.
383 4379 412 4434 N
432 4375 621 4455 personalem
651 4377 697 4432 rt
709 4372 724 4455 11
740 4373 900 4434 cohibente
922 4375 1028 4434 lictore
1051 4377 1229 4449 Stephanus:
1258 4375 1438 4434 cohiberent

296 4463 420 4522 lictores
436 4465 502 4518 libri
515 4457 528 4542 11
539 4460 736 4520 maritumae
