3138 5100
658 387 761 430 csrv‘r
786 385 824 428 111
1242 365 1304 427 ⁴77

161 543 267 604 'moria
281 539 533 605 Suetonianoram
548 548 703 619 pratorum
719 538 848 600 similem
867 533 1136 620 encyclopaodiam
1158 535 1306 614 originum

171 644 264 704 libros
280 645 337 704 etsi
354 643 475 703 diverso
491 641 632 716 consilio,
657 661 726 702 curn
740 649 771 702 et
789 642 854 722 ipse
876 639 1045 718 argumenti
1060 639 1219 698 occasione
1236 635 1308 696 data

171 765 231 807 uon
246 747 462 826 proprietatem
477 754 579 804 tamen
590 743 646 804 sed
664 744 810 822 originem
824 743 983 804 verborum
997 739 1228 813 demonstraret,
1245 759 1306 800 ma·

173 849 254 908 xime
275 857 432 928 poetarum
452 846 576 907 scholiis
596 844 741 905 adhibitis
763 843 905 906 condidit.
938 843 1050 904 deinde
1072 852 1189 924 partem
1206 851 1307 922 prato-

172 969 237 1010 rum
252 949 397 1028 singulari
409 948 447 1010 de
460 957 569 1009 natura
580 967 681 1008 rerum
695 946 773 1008 libro
787 945 934 1008 imitando
946 947 1112 1026 expressit,
1125 947 1215 1025 quem
1230 946 1309 1004 inter

174 1061 205 1111 et
221 1052 367 1130 originum
387 1051 480 1112 libros
499 1071 537 1112 aa
552 1050 725 1112 differentia
736 1049 911 1126 intercedit,
933 1057 968 1110 ut
986 1050 1015 1108 in
1032 1048 1086 1109 illo
1101 1047 1309 1109 Suetonianao

174 1154 353 1216 eruditionis
368 1153 518 1233 reliquiae
529 1153 646 1234 possint
656 1153 832 1228 internosci,
844 1153 876 1212 in
890 1152 937 1214 his
950 1160 1049 1212 autem
1064 1149 1198 1212 Isidorus
1210 1151 1309 1212 'lhan-

174 1256 303 1336 quillnm
323 1264 535 1335 excerptorum
553 1273 591 1316 ex
612 1263 675 1315 tcto
696 1255 851 1316 literarum
873 1263 1011 1316 veterum
1031 1253 1104 1314 orbe
1125 1252 1225 1336 quoad
1248 1253 1308 1332 ipsi
1366 1263 1368 1270 ’

174 1359 312 1437 cognitus
328 1358 385 1417 fuit
401 1358 562 1438 petitorum
585 1356 738 1435 farragine
759 1359 847 1437 qnasi
867 1357 1009 1418 obruerit.
1041 1357 1120 1418 liber
1136 1366 1237 1416 autem
1251 1355 1307 1414 Isi·

175 1459 240 1520 dori
255 1459 293 1520 de
307 1468 416 1520 natura
430 1479 530 1520 rerum
544 1460 856 1538 auspicaturlcngam
873 1458 957 1518 illam
974 1459 1083 1520 seriem
1097 1459 1309 1533 imitationum,

174 1561 283 1643 quibus
294 1581 348 1640 per
362 1561 458 1622 tothm
469 1559 600 1623 medinm
615 1581 725 1622 aevum
735 1561 910 1642 'Pranquilli
925 1561 963 1622 de
975 1562 1090 1622 naturis
1103 1581 1203 1622 rerum
1214 1561 1310 1636 libros

174 1663 370 1726 effinxerunt.
404 1663 443 1724 ef.
463 1685 493 1745 p.
509 1671 558 1728 447
567 1683 632 1745 sqq.
668 1662 796 1725 eandam
812 1673 922 1726 sortem
936 1663 1007 1723 tulit
1024 1663 1102 1726 liber
1120 1662 1158 1724 da
1176 1661 1309 1724 inlustri·

176 1765 233 1828 bus
248 1767 330 1826 viris.
999 1761 1002 1768 ’

245 1867 406 1949 'Denique
431 1868 463 1928 in
485 1867 544 1927 hac
567 1868 747 1948 quaestione
771 1868 966 1947 neglegenda
988 1888 1049 1928 non
1069 1877 1140 1928 aunt
1161 1869 1310 1947 glossaria

176 1971 302 2044 Latina,
325 1969 485 2050 inquibus
505 1971 615 2030 multas
636 1969 755 2050 glossas
772 1969 810 2032 de
825 1971 1001 2051 Tranquilli
1023 1973 1119 2050 pratis
1135 1970 1308 2051 desumptas

176 2093 244 2135 csse
268 2073 414 2153 suspicor.
450 2091 521 2132 narn
543 2071 624 2153 qnod
646 2071 705 2132 duo
726 2081 842 2131 tantum
863 2073 1033 2151 fragmenta
1056 2072 1116 2153 (161
1144 2085 1175 2134 et
1196 2075 1256 2152 167)
1280 2077 1335 2134 in.

175 2175 330 2254 glossariis
353 2185 476 2254 reperta
496 2183 581 2248 sunt,
614 2174 722 2254 quibus
739 2173 913 2255 Tranquilli
935 2194 1043 2235 nomen
1061 2175 1215 2236 adiectum
1236 2187 1311 2250 erat,

174 2297 235 2338 non
255 2277 412 2338 mirabitur
437 2277 464 2336 is
493 2277 546 2358 qui
573 2277 776 2355 reputaverit,
804 2295 872 2336 cum
899 2277 1029 2356 plurima
1050 2291 1081 2336 et
1101 2279 1312 2359 antiquissima

176 2399 279 2440 eorum
295 2379 395 2440 adhuc
410 2379 442 2438 in
459 2377 651 2440 bibliothecis
673 2379 769 2439 latere
789 2389 852 2439 tum
873 2399 892 2438 a
911 2378 1311 2460 breviatoribnapraccipue

174 2481 299 2542 nomina
314 2483 494 2561 scriptorum
506 2481 536 2540 in
552 2481 708 2560 glossariis
727 2480 828 2542 deleta
846 2501 921 2542 esse.

637 2651 858 2661 -—-.-—-—-—.

425 2780 664 2849 ELENCHVS
688 2781 1069 2848 'FRAGMENTORVM

235 2903 331 2968 QVAE
350 2905 388 2956 IN
407 2903 696 2969 QVAESTIONIBVS
715 2903 955 2957 SVETOMANIS
974 2905 1272 2961 INLVSTRANTVR·

257 3017 258 3022 ’
678 3023 732 3076 Pag.
759 3021 846 3075 l'ragor.

248 3295 602 3314 .........
621 3261 842 3329 370sqq.bli*.
879 3301 885 3314 .
921 3301 928 3316 .
965 3303 971 3314 .
1008 3301 1014 3314 .
1051 3303 1058 3316 .
1093 3303 1100 3316 .
1137 3304 1143 3316 .
1180 3303 1185 3316 .
1223 3302 1231 3316 .
1265 3265 1315 3316 405

252 3346 813 3398 ........’..38540*
833 3385 1230 3402 ..........
1266 3351 1316 3400 405

248 3466 648 3484 ..........
683 3429 734 3480 423
759 3431 812 3483 02*

248 3550 602 3572 .........
621 3513 734 3566 385423
760 3517 813 3566 08*

248 3637 648 3656 ..........
684 3599 812 3652 88000*

250 3721 648 3737 ..........
684 3684 1316 3741 38771*..........407

180 3769 210 3820 ll
251 3805 649 3822 ..........
686 3768 815 3822 38778*
833 3809 1230 3824 ..........
1266 3773 1316 3826 385

181 3852 233 3905 18*
251 3891 650 3906 ..........
685 3853 736 3905 380
763 3857 797 3906 80
832 3893 1230 3910 ..........
1266 3859 1316 3909 407

178 3937 232 3990 aa*
249 3937 303 3989 aa*
342 3975 651 3992 ........
687 3940 737 4012 444
763 3940 817 3990 ar*
836 3979 1231 3995 ..........
1267 3943 1317 3994 408

179 4022 232 4075 20*
256 4060 652 4077 ..........
687 4026 738 4075 405
763 4023 818 4075 82*
837 4063 1232 4082 ..........
1267 4028 1318 4079 408

179 4107 232 4160 30*
249 4107 303 4160 37*
342 4145 651 4162 ........
686 4109 735 4160 401
762 4109 817 4162 83*
833 4110 887 4160 84*
921 4148 1231 4165 ........
1267 4113 1319 4164 408

179 4192 232 4244 38*
249 4192 302 4245 30*
340 4230 650 4246 ........
687 4195 737 4246 380
762 4193 815 4246 85*
834 4233 1232 4250 ..........
1267 4199 1318 4250 408

179 4278 213 4330 40
248 4313 601 4331 .........
620 4277 733 4346 387sqq.
761 4279 814 4330 80*
831 4279 884 4330 88*
900 4279 954 4332 89*
968 4317 1233 4337 .......
1268 4283 1318 4334 408

178 4360 305 4414 wid*
340 4398 648 4415 ........
684 4365 734 4416 305
761 4363 814 4415 87*
837 4402 1232 4421 ..........
1267 4369 1318 4422 409

179 4449 212 4500 47
249 4484 600 4501 .........
619 4448 732 4516 atrzsqq.
759 4449 793 4502 00
823 4489 826 4498 .
833 4489 1184 4508 .........
1203 4453 1317 4522 eoasqq.
