3190 5098
277 400 340 462 42⁶2
617 415 841 465 ovaesrroucs
864 415 1091 456 sve‘roursuus

360 571 425 628 lam
449 569 485 628 de
508 579 659 647 tempore,
688 588 747 646 quo
769 567 819 625 hic
842 567 918 624 liber
939 567 1069 643 scriptus
1096 567 1151 639 sit,
1181 583 1270 644 quern
1288 565 1416 624 Rothius

275 695 303 752 p.
317 671 489 730 LXXVIII
506 673 585 729 intra
602 689 696 728 annos
714 679 763 731 106
780 676 809 726 et
827 678 876 730 113
888 667 1040 726 conditum
1057 687 1125 726 esse
1143 667 1314 739 contendit,
1333 667 1416 746 equi-

277 774 344 833 dem
357 773 431 832 nibil
450 781 565 830 certum
583 770 742 830 adfirmare
756 762 861 828 ausim.
890 789 1000 846 nempe
1013 769 1097 826 illum
1111 769 1270 828 terminum
1289 789 1416 848 conpro-

275 857 351 941 bare,
372 873 428 934 sibi
454 877 538 932 visus
563 879 611 930 est
632 889 667 930 ec
686 871 767 951 quod
790 870 849 926 luli
873 871 994 928 Tironis
1020 870 1113 957 vittam
1127 869 1324 949 Tranquillus
1347 891 1416 930 con·

276 977 464 1054 scripsisset,
483 995 572 1054 quem
589 993 667 1032 anno
689 983 737 1036 105
751 971 802 1030 vel
826 981 873 1033 106
888 970 1058 1029 decessisse
1077 977 1161 1030 recte
1174 990 1212 1029 ex
1224 971 1372 1032 Plinianis
1387 975 1419 1032 in

277 1079 408 1158 epistula
420 1077 465 1135 VI
475 1087 507 1139 31
521 1076 622 1135 verbis
636 1074 777 1150 conlegit.
797 1093 887 1152 quam
903 1071 1026 1151 quidem
1039 1071 1244 1132 coniecturam
1254 1076 1418 1154 probabili·

200 1210 203 1222 ·
276 1191 339 1240 tate
353 1199 457 1238 carere
473 1198 623 1257 supreme
637 1177 767 1235 evicisse
780 1184 862 1252 puto.
885 1193 942 1232 nec
961 1174 1090 1232 certiore
1103 1174 1299 1235 fundamento
1314 1178 1420 1236 nititur

277 1282 374 1340 altera
385 1282 530 1360 temporis
544 1280 687 1338 definitio.
718 1297 900 1356 quamquam
912 1275 991 1334 enim
1005 1274 1135 1333 Rothius
1152 1279 1330 1336 confusione
1346 1279 1419 1338 duo·

279 1405 344 1443 rum
360 1385 529 1444 Pliniorum
542 1381 783 1458 Hieronymiana
804 1399 859 1436 suo
877 1379 941 1436 iure
963 1395 1034 1434 usus
1058 1385 1119 1448 est,
1144 1385 1178 1436 ut
1199 1378 1422 1440 demonstraret

278 1505 338 1544 uon
356 1485 515 1562 scripsisse
538 1483 715 1543 Suetonium
730 1481 812 1540 Plini
834 1479 958 1537 iunioris
979 1479 1098 1549 vitam,
1131 1487 1233 1539 tamen
1254 1482 1332 1540 iusto
1354 1482 1420 1540 lon·

277 1588 344 1664 gius
356 1605 536 1664 progressus
553 1592 614 1656 est,
638 1603 705 1641 cum
717 1583 870 1642 silentium
882 1579 1038 1656 scriptoris
1055 1579 1094 1638 de
1107 1581 1226 1640 homine
1238 1583 1421 1642 amicissimo

278 1689 321 1746 ita
332 1689 563 1765 iuterpretatur,
576 1695 609 1742 ut
625 1685 733 1744 librum
746 1691 816 1742 ante
832 1689 959 1740 mortem
974 1682 1039 1738 eius
1056 1681 1087 1740 id
1100 1692 1230 1742 estante
1246 1704 1273 1742 a.
1294 1693 1342 1746 113
1357 1684 1421 1742 edi-

278 1797 339 1846 tum
361 1807 429 1846 esse
446 1794 603 1845 statueret.
637 1785 744 1844 eodem
761 1786 826 1844 iure
841 1784 941 1861 possis
959 1784 1108 1862 suspicari
1127 1785 1321 1857 Suetonium,
1340 1785 1423 1865 quod

279 1889 353 1948 nibil
376 1888 414 1947 de
441 1890 505 1946 vita
529 1888 652 1946 Nervae
670 1895 700 1944 ct
725 1886 852 1944 Traiani
875 1884 1014 1956 tradidit,
1045 1884 1210 1944 Caesarum
1236 1887 1329 1946 libros
1351 1895 1422 1946 ente

279 2013 306 2048 a.
325 2000 359 2052 116
379 1989 565 2069 publicasse.
597 1986 678 2066 quod
700 1988 822 2066 quidem
838 2007 875 2044 ne
892 1988 1006 2056 facias,
1038 1985 1153 2046 diserta
1176 1981 1348 2073 testimonia
1369 1987 1422 2047 ob·

279 2099 369 2152 stant.
409 2092 557 2168 igiturne
581 2090 650 2169 plus
673 2089 771 2150 dicem
795 2091 870 2149 nibil
896 2109 951 2147 nos
974 2097 1126 2160 moratur,
1152 2091 1312 2169 quominus
1331 2090 1424 2149 aliam

280 2193 452 2272 explicandi
467 2194 548 2252 viam
564 2192 695 2267 ingressi
708 2193 885 2251 Suetonium
904 2192 997 2249 vitam
1016 2191 1096 2250 Plini
1113 2193 1241 2250 oratoris
1260 2199 1424 2271 propterea

279 2317 339 2354 non
361 2297 519 2373 scripsisse
541 2295 699 2377 dicamus,
724 2293 804 2372 quod
828 2311 895 2350 eum
917 2292 1007 2351 finem
1028 2312 1118 2371 quem
1141 2293 1197 2352 sibi
1213 2295 1424 2373 proposuisset

279 2398 445 2458 Domitiani
463 2406 595 2456 aetatem
608 2395 757 2454 noluisset
775 2394 936 2455 excedere.

362 2500 399 2558 In
423 2497 631 2578 superioribus
658 2499 773 2575 passim
802 2494 946 2554 iudicium
966 2496 1093 2555 Suetoni
1123 2497 1268 2575 detegere
1297 2506 1424 2558 conatus

280 2619 358 2672 suro,
383 2619 443 2680 quo
466 2599 583 2660 litteras
604 2601 757 2658 Romanos
777 2616 942 2676 earumque
959 2607 1099 2658 auctores
1115 2599 1322 2676 pertractavit.
1358 2601 1423 2679 qui·

279 2701 335 2760 bus
357 2700 619 2761 observationibus
643 2701 788 2761 nonnulla
809 2720 887 2779 quac
909 2699 1016 2758 eodem
1040 2703 1212 2779 pertineant
1228 2701 1349 2762 adicere
1377 2702 1423 2762 lu·

280 2803 340 2862 bet.
374 2823 427 2862 sex
445 2802 612 2863 litterarum
629 2825 744 2882 genera
759 2802 943 2860 constituero
964 2801 1091 2862 Suetoni
1107 2813 1209 2863 aetate
1230 2825 1287 2864 usu
1303 2804 1425 2864 videtur

280 2912 436 2982 receptum
454 2904 562 2974 luisse,
583 2905 732 2986 siquidem
750 2903 878 2962 eundern
893 2904 1063 2975 litterarum
1075 2903 1256 2976 divisionem
1268 2907 1424 2967 Iuvenalis

282 3015 384 3066 satura
400 3007 461 3064 Vll
486 3010 633 3082 agnoscit.
672 3005 885 3065 desiderantur
909 3004 1030 3084 quidcur
1050 3005 1131 3084 apud
1153 3027 1220 3066 eum
1242 3008 1424 3087 philosophi,

281 3105 336 3164 sed
359 3125 462 3165 eorum
484 3110 799 3168 commemorationem
820 3107 899 3166 inter
918 3106 1079 3165 historicos
1101 3115 1132 3166 et
1153 3117 1288 3168 oratores
1303 3110 1424 3168 interci-

281 3207 362 3268 disse
373 3207 571 3287 probabiliter
583 3209 620 3271 Ο,
632 3211 759 3270 Iahnius
773 3209 954 3288 suspicatur.
971 3228 1041 3266 narn
1055 3216 1085 3266 ct
1098 3208 1136 3267 de
1148 3205 1301 3270 historicis
1318 3213 1343 3270 si
1356 3211 1424 3270 reli-

282 3331 338 3368 cua
351 3318 473 3390 spectas
486 3319 520 3369 ut
531 3333 613 3372 nuno
625 3333 673 3372 res
690 3332 723 3370 se
746 3310 839 3369 babet
854 3311 943 3369 nimis
956 3309 1089 3370 breviter
1101 3312 1202 3388 agitur
1215 3319 1245 3370 et
1259 3331 1348 3370 versu
1365 3331 1425 3391 quo

282 3414 425 3471 transitus
438 3413 477 3471 ad
494 3423 629 3472 oratores
645 3414 679 3472 tit
691 3411 769 3490 (105)
782 3418 833 3472 sed
848 3431 939 3487 penus
957 3417 1092 3487 ipsiorum
1104 3417 1182 3486 quod
1197 3417 1268 3470 lecto
1278 3417 1384 3487 postdet
1398 3425 1426 3472 ct

283 3519 385 3574 umbro
400 3517 500 3594 aptius
522 3514 767 3595 pbilosophorum
790 3515 891 3586 studia
906 3513 1075 3573 inridentur
1096 3535 1187 3595 quam
1205 3503 1425 3576 historicorum.

283 3617 418 3694 inprimis
431 3626 531 3676 autem
551 3617 589 3676 ad
604 3620 753 3678 rationem
767 3626 797 3676 et
810 3616 969 3675 consilium
982 3617 1050 3676 libri
1062 3615 1283 3676 inlustrandum
1300 3618 1424 3690 iaciunt,

285 3738 363 3796 quoe
389 3739 482 3796 supra
506 3721 545 3779 de
567 3719 736 3780 oratoribus
753 3731 784 3781 et
803 3721 955 3779 historicis
972 3727 1042 3779 ante
1061 3717 1239 3778 Sallustium
1257 3729 1286 3778 ct
1302 3720 1424 3780 Cicero·
1448 3728 1458 3746 ⁰

282 3839 351 3876 narn
371 3841 389 3877 a
401 3820 547 3878 Suetonio
566 3822 596 3880 in
610 3841 765 3884 numerum
777 3823 947 3882 inlustrium
965 3823 1097 3881 virorum
1108 3841 1169 3880 non
1185 3823 1316 3902 receptis
1332 3843 1425 3902 expo·

263 3941 269 3951 ·
283 3921 345 3994 sui,
368 3939 426 3999 quo
439 3922 575 3981 instituto
588 3925 749 3986 manifesto
762 3947 795 3986 se
808 3926 949 4006 opposuit
961 3925 1198 4003 antiquariorum
1210 3923 1332 3996 studiis,
1346 3945 1425 4003 quae

282 4029 383 4081 aetate
400 4023 464 4080 eius
479 4025 511 4082 in
532 4023 597 4084 dies
613 4031 709 4105 magis
732 4031 927 4089 efflorescere
951 4035 1133 4106 coeperunt,
1159 4025 1256 4086 donec
1275 4026 1425 4086 Hadriani

283 4124 423 4203 exemplo
439 4125 477 4184 ad
494 4147 641 4186 summum
657 4130 812 4208 fastigium
836 4137 945 4189 evecta
959 4137 1037 4188 sunt.
1076 4127 1142 4206 pari
1168 4127 1290 4186 fastidio
1310 4129 1426 4206 sprevit

282 4225 448 4286 Neroniani
468 4230 582 4289 saeculi
598 4233 735 4308 ingonia,
758 4251 884 4310 quorum
905 4232 1185 4292 studiosem1·emm
1206 4247 1352 4288 novarum
1375 4249 1425 4288 ca-

284 4330 428 4416 cozeliam
444 4351 505 4388 non
522 4333 618 4392 minus
641 4334 810 4394 detestatus
834 4343 880 4392 est
894 4355 983 4414 quarn
1000 4353 1151 4409 morosam
1167 4333 1355 4412 antiquitatis
1371 4331 1425 4391 ad·

283 4430 488 4492 sectationem.
520 4435 604 4492 cuius
632 4437 676 4494 rci
705 4437 859 4513 egregium
886 4437 1098 4496 documentum
1124 4443 1171 4496 est
1203 4435 1267 4496 vita
1291 4435 1423 4494 Lucani3
