3078 5072
275 383 315 447 28
646 403 688 442 ne
711 401 797 444 vrnre
820 399 1032 444 runvsrnrnrs

318 551 392 618 Suis
414 547 564 639 postlatia
586 549 683 614 rebus
707 548 749 612 ad
771 569 926 614 summam
948 550 1089 635 inopiam
1113 548 1263 614 redactus
1286 559 1344 614 eet.

318 655 662 742 Itaqueexconapectu
671 649 927 716 omniumabitin
936 651 1106 716 Graeciam
1115 648 1407 717 terramultumam.

317 756 462 822 Mortuos
485 753 698 842 Stymphalici
719 752 881 817 Arcadiae
903 753 1030 842 oppido.
1076 752 1122 818 nil
1144 752 1262 819 Publio

318 843 426 944 Scipio
447 856 586 943 profuit,
609 855 656 920 nil
676 853 725 920 illi
743 852 875 920 Laelius
883 905 891 938 ,
908 855 954 920 nil
976 856 1111 934 Furius,

316 960 398 1026 Tres
421 981 479 1046 per
500 957 532 1022 id
555 967 683 1044 tempus
705 957 761 1042 qui
783 957 954 1042 agitabant
974 957 1100 1023 nobiles
1123 957 1298 1027 facillume.
1415 964 1427 1004 ⁵

317 1063 436 1128 Eorum
461 1057 517 1124 ille
539 1081 637 1146 opera
657 1079 697 1121 ne
721 1058 849 1126 domum
876 1059 1005 1145 quidem
1027 1059 1140 1126 habuit
1162 1061 1407 1144 conducticiam,

319 1163 438 1230 Saltem
462 1172 497 1226 ut
518 1169 620 1242 esset,
641 1181 704 1247 quo
725 1161 862 1224 referret
885 1161 1007 1226 obitum
1031 1163 1153 1228 domini
1175 1162 1334 1228 seruulus.

275 1267 413 1354 Scripsit
439 1263 622 1330 comoedias
652 1283 720 1326 sex.
765 1263 951 1349 exquibus
982 1266 1118 1351 primam
1143 1265 1301 1330 Andriam
1333 1287 1406 1330 curn

274 1367 435 1458 aedilibus
464 1367 572 1448 daret,
603 1365 710 1428 iussus
738 1372 813 1428 ante
843 1364 985 1430 Caecilio
1014 1370 1151 1431 recitare
1172 1367 1213 1431 ad
1236 1376 1405 1432 cenantem

185 1555 189 1566 Ι
274 1492 347 1535 oum
379 1469 540 1549 uertisset,
577 1466 695 1531 dicitur
726 1465 851 1529 initium
880 1467 1010 1553 quidem
1044 1467 1190 1546 fabulae,
1222 1470 1308 1557 quod
1337 1479 1440 1534 oratu

274 1662 343 1712 rium
362 1655 488 1710 Philum!
507 1659 576 1708 ltem
590 1657 618 1707 in
636 1673 660 1706 v.
683 1656 726 1707 17:
746 1655 785 1706 ‘m
805 1671 906 1708 aaran:
927 1657 1072 1724 Scipionis.
1093 1675 1121 1708 rs
1135 1675 1213 1709 orro:
1232 1659 1308 1710 Furii
1321 1660 1403 1711 Phili.

275 1745 304 1779 rs
324 1742 460 1778 nacorro:
480 1725 571 1776 Laelii
589 1723 749 1792 Sapientis)

360 1895 373 1946 1
390 1879 459 1940 Suis
472 1880 611 1959 postlatis
628 1881 808 1938 Bitschelinr.
825 1889 892 1958 post
909 1879 1036 1940 sublatis
1052 1888 1084 1941 A.
1102 1883 1184 1960 ipsus
1200 1881 1326 1942 sublatis
1342 1887 1404 1955 EG,

274 1971 315 2028 St.
341 1968 414 2047 ipsia
433 1965 558 2024 sublatis
578 1969 675 2024 ceteri.
695 1963 762 2022 Suis
785 1957 931 2044 spoliatis
947 1969 1198 2043 Bezzenberpcrnr
1217 1977 1285 2026 terte
1302 1971 1403 2026 Flcrlr-

272 2059 376 2113 eiscno.
402 2052 485 2130 ipsus
500 2094 507 2107 .
523 2093 530 2107 .
546 2097 554 2112 .
575 2048 644 2108 Suis
661 2049 767 2108 ablatis
790 2051 863 2120 (cum
886 2056 1003 2127 lacuna)
1032 2055 1148 2127 Wolfinr
1162 2048 1176 2136 Η
1191 2063 1207 2114 2
1223 2073 1259 2112 cx
1278 2057 1311 2112 A.
1326 2073 1342 2112 e
1358 2072 1403 2110 cc·

273 2142 328 2198 teri
340 2132 355 2220 Η
370 2136 477 2237 ahitsin
494 2135 654 2196 Graeciam
668 2144 778 2194 terram
798 2137 935 2211 Scaliyer.
957 2135 1019 2196 abit
1035 2139 1166 2216 greciam
1186 2139 1218 2197 in
1239 2147 1348 2197 terram
1363 2145 1404 2196 A.-

274 2227 360 2292 (nndc
377 2224 465 2297 facite
485 2221 559 2280 abiit
583 2219 743 2280 Graeciam
764 2221 794 2278 in
813 2229 921 2280 terram
938 2225 1073 2298 efficias).
1105 2222 1179 2282 abiit
1199 2225 1228 2282 iu
1251 2225 1403 2300 graeciam

273 2321 383 2368 terram
405 2309 454 2365 FG
474 2315 517 2380 et,
539 2311 595 2364 nisi
609 2310 685 2380 qnod
697 2325 797 2381 grec,
822 2309 856 2367 Ε.
870 2305 944 2366 abiit
959 2308 990 2366 in
1008 2309 1141 2386 greciam
1160 2307 1191 2366 in
1213 2317 1323 2368 terram
1343 2311 1402 2366 DZ.

119 2415 127 2428 ·
156 2441 163 2456 .
273 2393 336 2454 abit
356 2395 387 2452 in
408 2392 540 2469 greciam
561 2393 623 2448 Ba:
646 2389 720 2448 abiit
739 2390 770 2448 in
789 2393 922 2468 greciam
940 2395 1016 2454 Boc.
1033 2393 1107 2452 abiit
1126 2393 1275 2454 Graeciae
1291 2395 1322 2452 in
1343 2403 1402 2452 ter·

272 2500 336 2538 ram
357 2481 493 2536 Bathins:
507 2497 562 2552 pro
586 2483 790 2552 quo'poruerar
807 2481 890 2536 ctiam
909 2478 972 2536 abit
990 2480 1020 2538 in
1039 2478 1189 2539 Graeciae
1204 2489 1314 2538 terram
1330 2473 1343 2561 Η
1359 2477 1402 2536 ul-

272 2565 373 2624 timam
386 2567 459 2622 libri.
473 2565 600 2638 fortusse
614 2563 755 2620 intumum
770 2562 829 2635 snit
851 2555 864 2644 Η
883 2564 1045 2626 3hlortuos
1058 2564 1258 2644 Stymphalist
1274 2566 1402 2622 hirseha-

271 2655 341 2708 lius:
353 2651 393 2723 cs.
410 2652 449 2707 ad
457 2654 542 2722 p.32,
553 2655 597 2707 15.
609 2655 740 2706 mortuus
756 2648 902 2707 cetinfalo
911 2654 942 2708 A.
950 2649 1173 2708 mortuusestin
1185 2648 1276 2728 phalo
1290 2651 1401 2708 BCDF.

161 2801 166 2812 ¹
271 2743 404 2793 mortuns
427 2743 473 2792 est
497 2733 528 2790 in
548 2731 639 2810 pholo
660 2735 690 2792 G.
721 2745 854 2790 mortuus
876 2733 970 2792 estin
991 2733 1151 2813 stimphalo
1172 2737 1230 2798 EZ.
1253 2735 1402 2793 Mortuost

272 2818 451 2898 Stymphalo
472 2819 608 2886 Rothins,
630 2819 660 2876 in
682 2820 811 2876 inserens
828 2829 893 2892 post
914 2819 1069 2878 Arcadiae'
1088 2815 1102 2901 Η
1123 2819 1264 2879 arcadiae
1287 2823 1320 2882 F.
1344 2819 1400 2877 Ar·

272 2903 359 2964 cadie
384 2906 414 2962 Z.
439 2901 581 2961 archaidc
603 2905 638 2962 B.
661 2901 823 2962 archadiac
850 2908 939 2962 ceteri
952 2899 965 2986 Η
988 2903 1080 2963 nichil
1100 2910 1132 2964 A.
1148 2905 1222 2964 nihil
1240 2909 1344 2963 ceteri:
1375 2913 1403 2962 ct

270 2993 311 3048 ric
322 3006 416 3064 prope
432 2996 597 3046 constanter
611 2984 623 3066 Η
637 2985 744 3046 Publio
761 2991 947 3047 Bitschrline:
971 2995 1047 3064 quod
1064 2999 1131 3064 poet
1150 2998 1294 3064 repertum
1314 2999 1356 3048 est
1373 2993 1401 3046 in

272 3077 305 3132 E.
322 3073 447 3134 Publius
469 3075 510 3146 F,
527 3076 589 3132 Ald.
608 3073 643 3131 Ρ.
659 3073 683 3130 A
699 3073 737 3144 (et
749 3091 801 3146 pr.
817 3077 928 3148 quidem
944 3081 1059 3150 nronn),
1077 3077 1158 3134 GDZ.
1174 3097 1203 3154 p.
1224 3077 1261 3132 B.
1278 3076 1315 3134 ei.
1328 3095 1358 3153 p.
1379 3077 1401 3132 G

270 3155 279 3242 Η
296 3167 313 3221 t
331 3159 381 3218 Sci
392 3159 432 3216 rio
449 3201 575 3218 ......
593 3157 727 3215 seruulus
746 3159 827 3231 infra
849 3164 955 3218 iterant
975 3164 1042 3218 libri
1050 3181 1083 3235 p.
1101 3168 1147 3232 33,
1163 3169 1178 3218 h'
1195 3157 1207 3241 Η
1224 3160 1350 3240 scipioni
1366 3163 1401 3218 E.

271 3245 326 3304 sci.
343 3249 365 3309 G
410 3243 520 3322 profuit
536 3245 668 3316 BGDEZ,
682 3261 747 3316 cup.
766 3261 824 3302 scr.
841 3247 890 3314 Gh,
907 3265 978 3320 mry.
996 3249 1029 3305 F.
1047 3267 1100 3304 om.
1119 3249 1196 3304 Gan.
1211 3245 1238 3304 ei
1253 3245 1366 3324 profuit
1377 3249 1402 3302 A

269 3327 277 3410 Η
293 3330 337 3388 illi
351 3335 386 3389 A.
402 3329 429 3388 ei
440 3334 529 3388 ceteri
542 3325 555 3412 Η
568 3327 655 3386 lelius
666 3331 770 3388 ΑΕΒΖ.
782 3329 880 3389 lucius
896 3333 927 3386 B.
939 3330 974 3390 L.
989 3335 1012 3390 G
1027 3327 1039 3411 Η
1056 3331 1097 3390 nil
1109 3336 1149 3390 sic
1162 3334 1189 3389 Ε
1203 3325 1215 3412 Η
1230 3327 1351 3410 hhrius]
1364 3331 1401 3388 F.

272 3419 293 3474 G
310 3409 323 3496 Η
337 3414 446 3474 Furius
459 3412 532 3496 tres]
546 3414 721 3472 siminiatros
733 3418 766 3485 A,
778 3419 830 3474 ced
840 3415 935 3472 furius
948 3425 1009 3474 tres
1017 3437 1088 3492 mrp.
1101 3437 1138 3474 m.
1152 3434 1209 3476 rec.
1226 3411 1238 3498 Η
1255 3428 1270 3478 5
1282 3413 1313 3473 id
1327 3417 1401 3472 Wol-

268 3499 425 3576 precidem
438 3503 586 3570 tibridem
600 3499 682 3573 infra
697 3493 710 3581 Η
726 3500 777 3578 qui
787 3519 841 3558 om.
851 3503 885 3556 B.
899 3501 1005 3579 quinI)
1021 3495 1034 3582 Η
1050 3501 1180 3578 agebant
1194 3503 1216 3560 C
1229 3499 1242 3583 Η
1257 3501 1400 3558 facillimo

268 3588 335 3644 iibri
349 3581 362 3667 Η
376 3593 393 3646 6
408 3583 460 3643 ille
478 3603 540 3660 sup.
558 3603 613 3643 scr.
631 3587 681 3642 Gt.
701 3604 755 3642 om.
774 3589 816 3643 Gn
832 3579 845 3666 Η
861 3603 953 3664 opera
970 3589 1054 3646 AEZ.
1073 3607 1196 3666 operam
1217 3589 1305 3645 ceteri
1318 3579 1332 3666 Η
1347 3583 1399 3642 ha-

269 3667 344 3750 buit]
365 3669 391 3728 ai
401 3668 483 3728 abuit
497 3675 526 3728 A.
544 3669 597 3728 ille
616 3667 719 3728 habuit
733 3673 755 3728 G
770 3663 784 3749 Η
801 3661 1037 3730 conduccicitri
1060 3670 1273 3732 conductitiam
1290 3673 1378 3728 ceteri
1391 3664 1400 3749 Η

269 3764 283 3818 7
304 3747 415 3816 refercit
436 3757 459 3812 G
473 3749 487 3838 Η
500 3754 619 3814 seruulo
635 3757 668 3812 A.
683 3754 820 3814 seruulus
835 3760 924 3813 ceteri
937 3753 950 3837 Η
964 3767 982 3820 fl
998 3757 1149 3816 comedias
1163 3758 1264 3816 BGDZ
1276 3751 1289 3836 Η
1304 3765 1321 3818 9
1338 3753 1399 3814 edi-

267 3839 345 3900 libus
370 3841 471 3898 BGDZ
487 3833 499 3921 Η
522 3839 657 3900 Caecilio
677 3857 716 3899 ex
730 3842 906 3916 Hieronymo
922 3852 991 3917 poet
1006 3845 1144 3901 Crinitum
1158 3847 1193 3902 dc
1205 3850 1282 3916 poet.
1300 3846 1351 3900 lot.
1375 3842 1399 3908 I,

269 3946 293 3984 c.
317 3933 335 3985 8
356 3927 446 3984 tilius
469 3929 613 4001 Gyroldns
637 3928 672 3984 de
689 3935 765 4000 poet.
785 3929 849 3984 hist.
876 3929 986 4004 dioloyo
1009 3937 1071 3988 ΠΗ,
1090 3949 1122 4002 p.
1142 3934 1199 3986 890
1218 3931 1262 3986 cd.
1285 3931 1355 3985 Bac.
1372 3946 1399 3984 n.

271 4018 362 4083 1515,
378 4011 522 4084 Muretus,
540 4012 676 4084 Scolipcr.
694 4012 794 4070 carrio
810 4018 841 4069 A.
858 4005 947 4072 clirio
966 4015 998 4070 Β.
1017 4031 1121 4072 cenam
1147 4015 1180 4072 G.
1203 4012 1283 4072 cario
1304 4016 1399 4070 ceteri.

268 4095 368 4154 Acilio
383 4097 500 4171 Piphiua
515 4098 618 4154 Annnt.
634 4109 668 4155 11.
683 4117 714 4170 p.
733 4102 803 4167 389,
827 4099 941 4157 Vossius
953 4101 988 4158 de
999 4107 1075 4172 poet.
1094 4103 1144 4157 lat.
1153 4119 1183 4172 p.
1202 4105 1236 4156 10
1250 4101 1294 4156 ed.
1310 4101 1399 4156 Amat.

269 4203 294 4238 n.
316 4186 394 4240 1654
410 4177 423 4261 Η
435 4181 565 4241 recitare
582 4228 587 4240 .
605 4225 611 4238 .
630 4224 636 4236 .
654 4223 659 4236 .
686 4181 848 4262 contempti
863 4203 913 4242 om.
930 4188 971 4256 A,
994 4185 1065 4241 nihil
1079 4193 1200 4258 praeter
1215 4202 1266 4242 ore
1280 4199 1401 4241 servans

268 4261 276 4301 'l
292 4265 435 4326 recitasse
452 4269 475 4326 G
500 4262 513 4346 Η
535 4275 567 4325 at
584 4269 606 4326 G
629 4259 642 4346 Η
663 4274 802 4326 cenatum
816 4271 849 4328 G.
873 4289 978 4328 cenam
993 4270 1021 4326 h
1036 4264 1049 4346 Η
1067 4279 1098 4330 10
1116 4271 1205 4347 qirorn
1223 4270 1250 4326 n
1265 4263 1278 4344 Η
1293 4267 1401 4325 dicitur

271 4353 321 4408 Th.
341 4351 539 4409 Mommacnnr.
556 4349 667 4410 dictum
686 4360 732 4409 est
752 4356 812 4414 FG.
832 4351 930 4413 dictus
951 4363 998 4412 eat
1013 4358 1102 4412 ceteri
1114 4349 1128 4435 Η
1143 4353 1259 4412 initium
1275 4357 1315 4420 E,
1340 4353 1399 4409 Vct.

268 4435 352 4495 initio
368 4441 455 4495 ceteri
466 4439 522 4512 [a]
537 4431 550 4519 Η
565 4435 686 4518 quidam
703 4440 730 4495 B
744 4432 757 4521 Η
772 4437 875 4498 fabule
890 4441 949 4498 DZ.
967 4438 1073 4499 fabula
1088 4432 1167 4520 ΒΘΗ
1181 4436 1263 4518 quod
1277 4457 1329 4496 om.
1351 4439 1402 4495 BG
