3072 5064
384 393 618 441 emensuesrs
641 395 731 446 mem
753 397 795 438 nn
819 399 907 440 suso
929 399 1134 444 eonsuonvu
1267 379 1321 446 181

183 549 254 600 miss
281 546 444 600 tantundem
472 551 501 596 et
525 551 671 612 praeterea
700 547 757 598 diei
783 554 890 614 partem
921 547 1106 614 eeDOXXIII,
1136 551 1230 602 Meton
1259 565 1326 602 uero

183 615 371 666 CCCLXVet
383 613 489 664 dierum
499 615 616 680 quinque
627 615 880 666 undeuicensimam
890 623 1005 682 partem,
1017 617 1326 684 OenopidcsCCCLXV

183 691 213 734 et
230 685 337 734 dierum
355 683 437 732 dnnm
457 687 485 732 et
501 682 602 748 uiginti
620 687 728 747 partem
745 685 1054 750 undesexogcusirnem‚
1074 687 1213 752 Harpalus
1233 695 1325 737 autem

182 751 332 802 CCCLXV
354 755 383 800 et
405 749 488 800 hores
511 749 730 816 aequinoctiales
752 751 834 812 XIII,
860 759 890 801 et
912 758 1005 802 noster
1027 755 1132 804 Ennius
1156 755 1324 806 CCCLXVI.

181 819 206 872 e
221 819 346 882 plerique
358 823 506 884 praetereo
520 818 798 883 incomprehensibile
810 819 937 884 quiddam
949 825 976 870 et
991 821 1191 872 inenuntiebile
1205 837 1265 872 esse
1280 839 1326 873 ex-

182 887 389 941 istimauerunt,
409 885 457 935 sed
476 901 525 950 pro
543 899 609 936 uero
628 885 699 951 quod
717 889 868 951 proximum
886 889 1022 952 putabant
1041 889 1159 954 amplexi
1173 897 1245 947 suut,
1265 891 1325 940 dies

181 953 295 1004 scilicet
307 951 463 1002 CCCLXV.
493 953 517 1001 4.
531 953 619 1018 Igitur
631 969 692 1003 cum
705 959 784 1004 tante
803 955 875 1004 inter
892 955 966 1006 uiros
978 955 1151 1008 doctissimos
1170 959 1254 1007 suerit
1272 959 1326 1008 dis-

181 1022 286 1080 sensio,
306 1020 372 1084 qnid
389 1021 487 1070 mtrum
505 1020 528 1070 si
547 1022 613 1070 anni
632 1020 738 1084 ciuiles,
759 1037 825 1086 quos
844 1023 972 1072 diuersae
992 1025 1123 1074 ciuitates
1142 1025 1222 1074 rudes
1240 1027 1325 1075 etism

181 1097 239 1139 tum
264 1089 320 1138 sibi
344 1103 469 1154 quaeque
487 1087 662 1150 statuebant,
681 1085 744 1138 'tam
768 1089 840 1142 inter
864 1105 894 1140 se
918 1091 1075 1156 discrepent
1099 1107 1177 1156 quam
1197 1107 1258 1142 curu
1277 1093 1325 1143 illo

181 1154 306 1208 ustursli
325 1171 380 1205 nou
393 1158 565 1222 congruant?
584 1162 613 1206 et
630 1158 659 1206 in
670 1157 797 1226 Aegypto
817 1158 924 1222 quidem
938 1160 1158 1223 antiquissimum
1172 1160 1264 1209 ierunt
1277 1175 1323 1210 au·

180 1240 245 1274 uum
264 1229 432 1274 menstruum
445 1223 541 1282 tuisse,
561 1228 624 1288 post
635 1224 734 1274 deinde
748 1225 783 1274 eb
795 1227 875 1276 isone
893 1241 959 1291 rege
973 1227 1197 1291 quadrimestrem
1210 1228 1322 1290 Iactum,

180 1291 333 1342 nouissime
351 1291 483 1340 Arminon
503 1291 538 1340 ad
555 1291 688 1342 tredecim
706 1307 814 1344 meuses
833 1299 862 1343 et
879 1293 939 1344 dies
958 1297 1077 1359 quinque
1096 1295 1267 1360 perduxisse.
1299 1295 1323 1344 5.

180 1361 248 1410 item
267 1359 296 1408 in
316 1359 424 1408 Achaia
441 1357 564 1408 Arcades
581 1360 747 1409 trimestrem
766 1375 868 1410 anuum
886 1362 972 1426 primo
990 1361 1122 1412 habuisse
1141 1361 1276 1422 dicuntur,
1297 1367 1326 1411 et

180 1427 217 1477 cb
235 1427 264 1476 id
282 1426 448 1492 proseleuoe
467 1425 611 1491 appellati,
631 1443 685 1478 non
703 1433 734 1476 ut
752 1428 862 1492 quidem
881 1434 992 1494 putant,
1017 1431 1088 1494 quod
1107 1435 1171 1480 cute
1190 1432 1245 1479 siut
1262 1431 1324 1480 usti

181 1510 263 1560 qnsm
282 1495 366 1544 lunae
386 1501 489 1544 astrum
508 1493 587 1546 caelo
606 1499 690 1558 esset,
708 1495 756 1544 sed
775 1497 845 1559 quod
863 1497 938 1560 prius
956 1497 1103 1547 habuerint
1122 1511 1221 1546 nnnrrm
1241 1513 1322 1562 quem

180 1563 204 1611 ia
221 1563 251 1612 in
264 1561 387 1611 Graecia
406 1561 441 1612 ed
458 1561 541 1610 lnnne
560 1577 667 1612 orsrsum
687 1565 908 1614 constitueretur.
939 1563 964 1613 6.
983 1569 1046 1614 sunt
1064 1565 1109 1628 qui
1128 1566 1240 1614 tradunt
1251 1565 1323 1614 buno

181 1645 284 1680 anuum
308 1629 474 1680 trimestrem
497 1629 600 1679 Horum
629 1631 798 1690 instituisse,
828 1645 914 1696 eoque
938 1647 987 1681 uer
1010 1637 1145 1682 aestatem
1165 1636 1324 1682 autumnum

180 1697 300 1748 hiemem
318 1685 395 1774 odone
413 1701 442 1746 et
456 1711 560 1773 ,sunum
578 1684 653 1760 ὦρον
670 1697 734 1759 diei,
755 1705 783 1747 et
796 1698 918 1750 Graecos
932 1699 1049 1750 annales
1066 1687 1158 1764 ὥρους
1177 1715 1323 1764 eorumque

179 1765 333 1830 scriptores
350 1779 547 1828 ωρογραφους.
583 1766 677 1829 itaque
702 1771 831 1829 quattuor
854 1781 986 1816 annorum
1007 1768 1150 1816 clrcuitum
1170 1768 1198 1816 iu
1217 1769 1323 1817 modum

179 1832 384 1898 penteeteridis
398 1847 499 1882 sonum
511 1847 639 1898 maguum
652 1833 792 1883 dicebant.
822 1833 847 1882 7.
862 1833 948 1884 Ceres
962 1839 1053 1884 sutem
1069 1839 1097 1884 ot
1108 1837 1269 1886 Anamares
1282 1849 1324 1884 se-

180 1905 298 1952 mestres
322 1899 479 1950 babuerunt
496 1915 584 1950 annos
607 1902 726 1950 interes
745 1901 908 1964 dissimiles,
933 1902 1030 1966 quibus
1054 1901 1170 1952 alternis
1193 1903 1252 1952 dies
1276 1917 1323 1952 nu·

179 1972 332 2034 gesserent
355 1974 404 2016 snt
427 1963 619 2030 senesceient,
645 1983 746 2032 eosque
770 1970 932 2020 coniunctos
955 1969 1032 2019 uelut
1055 1969 1199 2020 trieteride
1223 1985 1323 2020 aunrrm

179 2049 320 2100 magnum.
340 2035 398 2084 XX.
430 2034 484 2084 Sed
507 2039 537 2084 ut
555 2035 605 2084 hos
624 2051 712 2086 annos
734 2037 859 2086 omittam
883 2037 1005 2102 caligine
1031 2038 1086 2086 iem
1104 2038 1258 2102 profundae
1276 2053 1322 2086 ue-

179 2104 295 2154 testatis
314 2102 464 2164 obductos,
489 2103 518 2151 in
541 2103 584 2152 his
608 2118 714 2168 quoque
738 2105 783 2168 qui
807 2109 871 2154 sunt
893 2105 1056 2154 recentioris
1075 2106 1223 2155 memoriae
1242 2110 1271 2154 et
1289 2104 1323 2154 ud

179 2185 291 2221 cursum
309 2169 394 2220 lunae
412 2170 458 2220 nel
477 2169 543 2220 eolis
562 2171 682 2220 instituti
707 2177 810 2234 queute
834 2173 871 2220 sit
893 2173 1031 2233 uarietas,
1056 2172 1142 2221 focile
1162 2177 1204 2222 est
1223 2187 1322 2237 coguo-

178 2255 272 2298 scere,
298 2239 324 2287 si
348 2239 408 2302 quis
431 2237 476 2288 uel
500 2237 528 2286 in
547 2239 626 2288 unius
645 2237 747 2287 italico
766 2241 895 2302 gentibus
918 2255 953 2288 ne
972 2239 1063 2288 dicam
1081 2241 1235 2304 peregrinis
1255 2238 1324 2288 uelit

177 2307 329 2370 inquirere.
366 2321 429 2354 nam
452 2310 483 2354 ut
506 2305 589 2356 alium
607 2306 751 2356 Ferentini
775 2307 858 2356 alium
881 2307 995 2356 Lauinii
1018 2307 1138 2370 itemque
1157 2306 1259 2356 Albani
1277 2306 1323 2356 uel

178 2374 299 2424 Romsni
322 2371 480 2422 habueruut
503 2389 617 2433 sunum,
642 2375 684 2422 lta
706 2378 735 2423 et
758 2373 832 2423 aliae
856 2379 962 2438 gentes.
1003 2375 1128 2424 omnibus
1151 2379 1245 2424 tamen
1268 2373 1324 2422 fuit

178 2441 350 2508 propositum
373 2455 437 2490 suna
461 2440 560 2490 ciuiles
584 2455 669 2490 annos
693 2443 772 2490 uarie
795 2441 996 2491 intercalandis
1019 2442 1158 2491 mensibus
1182 2441 1217 2490 ad
1239 2455 1321 2490 unum

178 2509 255 2558 illum
269 2523 365 2558 uerum
377 2507 584 2572 naturalemque
598 2510 745 2574 corrigere.
769 2509 793 2557 2.
813 2509 847 2559 de
861 2509 959 2573 quibus
972 2509 1097 2558 omnibus
1109 2509 1243 2558 disserere
1258 2523 1323 2572 quo·

178 2579 253 2626 nium
272 2577 384 2640 longum
404 2581 460 2636 cst,
485 2577 519 2625 ad
538 2577 720 2626 Romanorum
745 2592 845 2626 enuum
867 2577 1052 2626 transibimus.
1089 2577 1194 2626 Annum
1213 2581 1323 2624 uerten-

178 2651 234 2695 tem
253 2645 359 2694 Romse
371 2643 497 2697 Licinius
516 2643 624 2708 quidem
636 2643 734 2694 Macer
752 2649 780 2693 et
798 2649 896 2709 postea
908 2643 1068 2694 Fenestella
1085 2644 1178 2694 stetim
1193 2643 1228 2692 eb
1242 2644 1323 2693 initio

178 2711 325 2762 duodecim
350 2725 472 2760 mensum
496 2711 582 2760 iuissc
607 2713 790 2776 scripserunt:
819 2712 867 2761 sed
891 2713 980 2776 magis
1004 2711 1082 2760 Iunio
1106 2711 1271 2760 Gracchano
1294 2717 1323 2760 et

178 2779 280 2830 Fuluio
299 2785 328 2828 ct
346 2779 464 2828 Varroni
483 2787 511 2827 et
528 2779 658 2828 Suetonio
681 2778 798 2844 aliisque
819 2779 997 2836 credendum,
1023 2780 1067 2843 qui
1086 2779 1181 2828 decem
1200 2793 1322 2828 mensum

179 2853 349 2912 putsuerunt
367 2847 467 2904 Iuisse,
487 2852 517 2895 ut
535 2851 601 2896 tuno
613 2847 730 2896 Albanis
748 2853 809 2898 oret
826 2847 897 2897 unde
916 2848 969 2896 orti
982 2848 1107 2896 Romani.
1142 2846 1165 2897 3.
1180 2846 1208 2896 hi
1227 2847 1322 2896 decem

179 2930 290 2964 menses
313 2915 374 2964 dies
394 2913 520 2965 CCCIIII
539 2914 592 2964 hoc
605 2914 684 2964 modo
697 2914 853 2964 habebunt:
872 2915 988 2964 Martius
1001 2915 1099 2976 XXXI,
1120 2913 1223 2978 Aprilis
1235 2914 1322 2976 XXX,

178 2983 271 3032 Maius
290 2982 397 3043 XXXI,
417 2983 512 3031 Iunius
530 2983 619 3043 XXX,
646 2981 777 3043 Quintilis
795 2981 896 3038 XXXI,
916 2981 1029 3032 Sextilis
1048 2987 1076 3030 ct
1094 2982 1257 3047 September
1275 2981 1334 3038 tri-,

178 3065 275 3110 cenos,
294 3049 417 3100 October
434 3049 540 3110 XXXI,
559 3049 714 3100 Nouembor
732 3055 761 3098 et
778 3050 935 3100 December
952 3051 1087 3099 tricenos:
1113 3065 1224 3114 qnorum
1243 3055 1323 3114 quat·

177 3125 243 3168 tuor
259 3117 380 3168 maiores
398 3116 473 3182 pleni
492 3117 579 3167 ceteri
597 3133 645 3168 sex
663 3119 728 3167 cuni
746 3117 926 3166 uocabantur.
961 3118 985 3166 4.
1006 3123 1103 3182 postea
1121 3119 1180 3166 siue
1200 3133 1217 3166 a
1234 3118 1322 3166 Numa

177 3193 207 3236 ut
227 3187 270 3236 sit
288 3185 403 3234 Fuluius
421 3185 480 3234 siue
498 3189 528 3234 nt
546 3184 641 3234 Iunius
659 3200 676 3234 a
693 3183 843 3248 Tarquinio
861 3185 914 3234 XII
934 3185 1003 3234 fricti
1021 3191 1084 3234 srrut
1097 3199 1204 3234 menses
1223 3191 1251 3234 ct
1263 3185 1323 3234 dies

176 3253 316 3312 CCCLV,
343 3252 467 3317 quamuis
489 3251 555 3302 luna
580 3251 634 3302 XII
661 3254 719 3302 suis
742 3253 882 3302 mensibus
907 3251 1058 3302 CCCLIIII
1088 3252 1147 3302 dies
1175 3251 1323 3302 uidebatur

178 3321 302 3387 explere.
340 3320 388 3370 aed
405 3325 436 3369 nt
454 3335 522 3370 unns
541 3320 601 3369 dics
621 3319 776 3370 abundaret
794 3326 843 3369 aut
860 3336 909 3384 per
928 3320 1138 3385 imprudentium
1153 3320 1257 3369 accidit
1275 3323 1324 3368 sut

177 3389 251 3454 quod
269 3388 359 3453 magis
377 3387 459 3438 credo
479 3403 512 3438 ea
531 3389 726 3452 superstitione
745 3403 799 3453 qua
818 3389 905 3452 impar
928 3403 1055 3436 numerus
1073 3387 1169 3452 plenus
1189 3393 1216 3436 et
1235 3387 1323 3450 magis

176 3459 288 3508 faustus
301 3455 464 3506 hebebatur.
499 3455 524 3504 5.
538 3460 615 3504 certe
634 3455 668 3504 ad
681 3471 781 3505 annum
794 3456 910 3520 priorem
928 3471 997 3504 uuus
1011 3461 1039 3502 ct
1052 3455 1249 3518 quinquaginta
1263 3453 1322 3502 dies

176 3529 375 3576 accesserunt:
395 3524 440 3586 qui
459 3525 525 3587 quin
543 3539 651 3573 menses
670 3523 723 3573 duo
741 3537 795 3572 nou
815 3523 964 3587 explerent,
985 3537 1033 3571 sex
1052 3521 1109 3578 illis¹
1127 3522 1204 3570 curris
1222 3521 1321 3570 mensi-

176 3594 228 3642 bns
246 3591 309 3641 dies
321 3596 385 3640 sunt
397 3591 499 3656 singuli
517 3590 636 3640 detracti
655 3596 684 3640 et
702 3591 736 3640 ed
755 3607 802 3640 eos
822 3591 917 3651 additi,
937 3591 1061 3654 laetique
1074 3589 1134 3639 dies
1144 3589 1221 3637 LVII
1239 3593 1320 3638 etex

176 3661 220 3711 hia
238 3661 294 3710 duo
312 3673 421 3708 menses
441 3659 584 3708 Ianuarius
602 3658 790 3723 undetriginta
807 3659 909 3708 diorum
923 3657 1091 3707 Februarius
1103 3655 1318 3722 duodetriginta.

177 3737 262 3794 atque
289 3728 331 3776 ita
349 3741 444 3778 omnes
461 3741 570 3776 meuses
588 3726 662 3790 pleni
682 3733 710 3775 ct
729 3727 817 3790 inpari
840 3727 944 3776 dierum
963 3739 1074 3775 numero
1093 3739 1153 3773 esse
1172 3729 1322 3788 coeperunt

177 3801 297 3860 excepto
316 3793 468 3844 Februario
487 3795 532 3858 qui
551 3793 625 3843 solus
644 3809 729 3844 cauus
748 3799 776 3843 ot
799 3793 833 3844 ob
858 3793 908 3844 hoc
928 3793 1030 3842 ceteris
1048 3793 1195 3842 infaustior
1213 3796 1255 3840 est
1273 3791 1320 3840 ha·

176 3865 261 3914 bitus.
298 3861 323 3910 ll.
343 3861 461 3926 denique
484 3877 544 3912 cum
567 3862 776 3912 iuterculnrium
794 3877 915 3911 mensem
938 3861 1039 3924 uiginti
1057 3859 1137 3909 duum
1156 3858 1199 3908 uel
1221 3859 1322 3924 uiginti

176 3933 260 3982 trium
279 3931 386 3980 dierum
405 3929 520 3980 alternis
539 3931 620 3978 annis
639 3930 703 3978 addi
721 3929 885 3994 placuisset,
910 3935 940 3977 ut
963 3927 1054 3978 ciuilis
1078 3941 1165 3976 annus
1190 3927 1224 3976 ad
1243 3931 1321 3975 natu·

176 3999 265 4049 rslern
285 4003 495 4061 exaequaretur,
516 3998 544 4046 in
562 4012 655 4046 mense
674 3998 844 4062 potissimum
862 3996 1014 4046 Febnrcrio
1032 3995 1104 4044 inter
1122 3993 1280 4044 terminalis
1293 3997 1322 4043 et

176 4067 348 4134 regifugium
361 4065 556 4114 intercalatum
575 4070 626 4124 eet,
646 4065 726 4129 idque
746 4065 792 4114 diu
811 4065 914 4114 iactum
932 4065 1088 4128 priusquam
1108 4063 1256 4112 sentiretur
1274 4077 1322 4110 nu·

176 4150 227 4184 nos
246 4133 347 4184 ciuiles
366 4132 508 4198 aliquanto
527 4133 700 4182 naturalibus
723 4148 784 4184 esse
808 4134 936 4182 maiores.
973 4131 1043 4195 quod
1066 4129 1196 4180 delictum
1215 4134 1245 4179 ut
1263 4145 1321 4179 cor·

177 4205 329 4268 rigerstur,
353 4200 531 4266 pontificibus
554 4201 647 4250 datum
665 4201 806 4264 negotium
831 4214 975 4262 corumque
999 4198 1114 4248 arbitrio
1138 4196 1322 4247 intercalandi

177 4271 251 4320 ratio
264 4269 409 4334 permissa.
434 4268 458 4318 7.
471 4268 520 4318 sed
532 4268 626 4318 borum
640 4268 762 4334 plerique
776 4267 809 4318 ob
824 4267 914 4318 odium
927 4266 970 4316 uel
985 4267 1113 4330 gratiam,
1127 4281 1178 4330 quo
1192 4265 1252 4330 quis
1264 4279 1320 4314 ma·

178 4340 300 4402 gistrntn
320 4337 404 4386 citius
424 4335 515 4386 abiret
527 4336 665 4386 diutiusuo
679 4337 840 4400 iungeretur
859 4339 907 4386 sut
925 4333 1029 4399 publici
1042 4333 1243 4396 redemptores
1256 4333 1321 4382 anni

178 4405 372 4472 magnitudine
392 4403 420 4454 in
438 4403 514 4454 lucro
533 4405 668 4454 damnouc
687 4409 777 4466 esset,
796 4403 856 4470 plus
874 4403 998 4452 minusue
1018 4417 1051 4452 ex
1068 4399 1183 4450 libidine
1201 4401 1322 4450 interce·
