<?xml version="1.0" encoding="UTF-8"?>
<!DOCTYPE html PUBLIC "-//W3C//DTD XHTML 1.0 Transitional//EN"
    "http://www.w3.org/TR/xhtml1/DTD/xhtml1-transitional.dtd">
<html xmlns="http://www.w3.org/1999/xhtml" xml:lang="en" lang="en">
 <head>
  <title>
</title>
<meta http-equiv="Content-Type" content="text/html;charset=utf-8" />
  <meta name='ocr-system' content='tesseract 3.04.00' />
  <meta name='ocr-capabilities' content='ocr_page ocr_carea ocr_par ocr_line ocrx_word'/>
</head>
<body>
  <div class='ocr_page' id='page_1' title='image "./csvetonitranqvi01ritsgoog_0249.png"; bbox 0 0 3072 5064; ppageno 0'>
   <div class='ocr_carea' id='block_1_1' title="bbox 251 375 888 438">
    <p class='ocr_par' dir='ltr' id='par_1_1' title="bbox 251 375 888 438">
     <span class='ocr_line' id='line_1_1' title="bbox 251 375 888 438; baseline -0.008 0"><span class='ocrx_word' id='word_1_1' title='bbox 251 375 312 438; x_wconf 81' lang='lat'><strong>218</strong></span> <span class='ocrx_word' id='word_1_2' title='bbox 756 393 888 434; x_wconf 81' lang='lat' dir='ltr'><strong>rnnrvu</strong></span> 
     </span>
    </p>
   </div>
   <div class='ocr_carea' id='block_1_2' title="bbox 249 537 1392 808">
    <p class='ocr_par' dir='ltr' id='par_1_2' title="bbox 249 537 1392 808">
     <span class='ocr_line' id='line_1_2' title="bbox 249 537 1392 628; baseline 0.003 -26"><span class='ocrx_word' id='word_1_3' title='bbox 249 548 358 603; x_wconf 85' lang='lat' dir='ltr'><strong>eutem</strong></span> <span class='ocrx_word' id='word_1_4' title='bbox 380 539 477 602; x_wconf 81' lang='lat' dir='ltr'><strong>etiem</strong></span> <span class='ocrx_word' id='word_1_5' title='bbox 499 539 645 624; x_wconf 85' lang='lat' dir='ltr'><strong>perdius</strong></span> <span class='ocrx_word' id='word_1_6' title='bbox 668 537 780 604; x_wconf 81' lang='lat' dir='ltr'><strong>stelles</strong></span> <span class='ocrx_word' id='word_1_7' title='bbox 801 540 833 604; x_wconf 89' lang='lat' dir='ltr'><strong>in</strong></span> <span class='ocrx_word' id='word_1_8' title='bbox 856 540 947 606; x_wconf 85' lang='lat' dir='ltr'><strong>eaelo</strong></span> <span class='ocrx_word' id='word_1_9' title='bbox 966 540 1084 628; x_wconf 85' lang='lat' dir='ltr'><strong>probet</strong></span> <span class='ocrx_word' id='word_1_10' title='bbox 1104 541 1182 608; x_wconf 84' lang='lat' dir='ltr'><strong>solis</strong></span> <span class='ocrx_word' id='word_1_11' title='bbox 1203 540 1392 628; x_wconf 82' lang='lat' dir='ltr'><strong>deliquium,</strong></span> 
     </span>
     <span class='ocr_line' id='line_1_3' title="bbox 250 640 1392 727; baseline 0.002 -23"><span class='ocrx_word' id='word_1_12' title='bbox 250 641 342 726; x_wconf 77' lang='lat' dir='ltr'><strong>quie,</strong></span> <span class='ocrx_word' id='word_1_13' title='bbox 372 640 502 727; x_wconf 83' lang='lat' dir='ltr'><strong>quando</strong></span> <span class='ocrx_word' id='word_1_14' title='bbox 523 640 571 705; x_wconf 85' lang='lat' dir='ltr'><strong>sol</strong></span> <span class='ocrx_word' id='word_1_15' title='bbox 594 641 722 706; x_wconf 82' lang='lat' dir='ltr'><strong>obiecto</strong></span> <span class='ocrx_word' id='word_1_16' title='bbox 742 641 821 706; x_wconf 89' lang='lat' dir='ltr'><strong>orbe</strong></span> <span class='ocrx_word' id='word_1_17' title='bbox 843 641 940 707; x_wconf 78' lang='lat' dir='ltr'><strong>lunae</strong></span> <span class='ocrx_word' id='word_1_18' title='bbox 964 642 1064 708; x_wconf 86' lang='lat' dir='ltr'><strong>fuerit</strong></span> <span class='ocrx_word' id='word_1_19' title='bbox 1086 643 1293 725; x_wconf 80' lang='lat' dir='ltr'><strong>obscuratus,</strong></span> <span class='ocrx_word' id='word_1_20' title='bbox 1326 642 1392 707; x_wconf 83' lang='lat' dir='ltr'><strong>olu-</strong></span> 
     </span>
     <span class='ocr_line' id='line_1_4' title="bbox 249 742 821 808; baseline 0.003 -2"><span class='ocrx_word' id='word_1_21' title='bbox 249 743 336 806; x_wconf 86' lang='lat' dir='ltr'><strong>riora</strong></span> <span class='ocrx_word' id='word_1_22' title='bbox 356 743 390 805; x_wconf 89' lang='lat' dir='ltr'><strong>in</strong></span> <span class='ocrx_word' id='word_1_23' title='bbox 415 743 505 807; x_wconf 80' lang='lat' dir='ltr'><strong>eaelo</strong></span> <span class='ocrx_word' id='word_1_24' title='bbox 526 753 615 808; x_wconf 80' lang='lat' dir='ltr'><strong>astru</strong></span> <span class='ocrx_word' id='word_1_25' title='bbox 635 742 821 808; x_wconf 78' lang='lat' dir='ltr'><strong>uideantur.</strong></span> 
     </span>
    </p>
   </div>
   <div class='ocr_carea' id='block_1_3' title="bbox 143 933 1430 1844">
    <p class='ocr_par' dir='ltr' id='par_1_3' title="bbox 143 933 1430 1746">
     <span class='ocr_line' id='line_1_5' title="bbox 143 933 1392 1034; baseline 0.002 -27"><span class='ocrx_word' id='word_1_26' title='bbox 143 933 242 1008; x_wconf 82' lang='grc'>141*</span> <span class='ocrx_word' id='word_1_27' title='bbox 334 945 433 1010; x_wconf 80' lang='lat' dir='ltr'><strong>Falsa</strong></span> <span class='ocrx_word' id='word_1_28' title='bbox 454 955 563 1011; x_wconf 81' lang='lat' dir='ltr'><strong>eutem</strong></span> <span class='ocrx_word' id='word_1_29' title='bbox 584 956 617 1012; x_wconf 85' lang='lat' dir='ltr'><strong>et</strong></span> <span class='ocrx_word' id='word_1_30' title='bbox 637 945 784 1032; x_wconf 83' lang='lat' dir='ltr'><strong>uulgaris</strong></span> <span class='ocrx_word' id='word_1_31' title='bbox 808 946 919 1034; x_wconf 87' lang='lat' dir='ltr'><strong>opinio</strong></span> <span class='ocrx_word' id='word_1_32' title='bbox 940 957 991 1012; x_wconf 89' lang='lat' dir='ltr'><strong>est</strong></span> <span class='ocrx_word' id='word_1_33' title='bbox 1013 957 1107 1012; x_wconf 88' lang='lat' dir='ltr'><strong>noete</strong></span> <span class='ocrx_word' id='word_1_34' title='bbox 1130 946 1242 1012; x_wconf 80' lang='lat' dir='ltr'><strong>stelles</strong></span> <span class='ocrx_word' id='word_1_35' title='bbox 1263 947 1392 1028; x_wconf 83' lang='lat' dir='ltr'><strong>cadere,</strong></span> 
     </span>
     <span class='ocr_line' id='line_1_6' title="bbox 249 1047 1414 1136; baseline 0.004 -26"><span class='ocrx_word' id='word_1_36' title='bbox 249 1067 320 1110; x_wconf 87' lang='lat' dir='ltr'><strong>eum</strong></span> <span class='ocrx_word' id='word_1_37' title='bbox 344 1050 483 1112; x_wconf 82' lang='lat' dir='ltr'><strong>sciemus</strong></span> <span class='ocrx_word' id='word_1_38' title='bbox 506 1071 548 1112; x_wconf 84' lang='lat' dir='ltr'><strong>ex</strong></span> <span class='ocrx_word' id='word_1_39' title='bbox 563 1049 694 1112; x_wconf 76' lang='lat' dir='ltr'><strong>aethere</strong></span> <span class='ocrx_word' id='word_1_40' title='bbox 711 1047 819 1134; x_wconf 80' lang='lat' dir='ltr'><strong>lapsos</strong></span> <span class='ocrx_word' id='word_1_41' title='bbox 844 1048 1007 1134; x_wconf 76' lang='lat' dir='ltr'>igniculos</span> <span class='ocrx_word' id='word_1_42' title='bbox 1027 1051 1075 1113; x_wconf 89' lang='lat' dir='ltr'><strong>ire</strong></span> <span class='ocrx_word' id='word_1_43' title='bbox 1092 1073 1150 1136; x_wconf 89' lang='lat' dir='ltr'><strong>per</strong></span> <span class='ocrx_word' id='word_1_44' title='bbox 1170 1047 1295 1114; x_wconf 81' lang='lat' dir='ltr'><strong>eaelum</strong></span> <span class='ocrx_word' id='word_1_45' title='bbox 1317 1072 1414 1134; x_wconf 83' lang='lat' dir='ltr'><strong>por-s</strong></span> 
     </span>
     <span class='ocr_line' id='line_1_7' title="bbox 247 1149 1392 1235; baseline 0.003 -24"><span class='ocrx_word' id='word_1_46' title='bbox 247 1150 374 1234; x_wconf 80' lang='lat' dir='ltr'><strong>torique</strong></span> <span class='ocrx_word' id='word_1_47' title='bbox 401 1151 509 1214; x_wconf 88' lang='lat' dir='ltr'><strong>uentis</strong></span> <span class='ocrx_word' id='word_1_48' title='bbox 529 1151 672 1235; x_wconf 81' lang='lat' dir='ltr'><strong>uagique</strong></span> <span class='ocrx_word' id='word_1_49' title='bbox 701 1149 810 1214; x_wconf 89' lang='lat' dir='ltr'><strong>lumen</strong></span> <span class='ocrx_word' id='word_1_50' title='bbox 834 1151 952 1215; x_wconf 78' lang='lat' dir='ltr'><strong>sideris</strong></span> <span class='ocrx_word' id='word_1_51' title='bbox 978 1152 1114 1233; x_wconf 86' lang='lat' dir='ltr'><strong>imitari,</strong></span> <span class='ocrx_word' id='word_1_52' title='bbox 1145 1150 1256 1216; x_wconf 80' lang='lat' dir='ltr'><strong>stollas</strong></span> <span class='ocrx_word' id='word_1_53' title='bbox 1283 1160 1392 1215; x_wconf 86' lang='lat' dir='ltr'><strong>eutem</strong></span> 
     </span>
     <span class='ocr_line' id='line_1_8' title="bbox 249 1249 1394 1340; baseline 0.003 -28"><span class='ocrx_word' id='word_1_54' title='bbox 249 1249 421 1314; x_wconf 83' lang='lat' dir='ltr'><strong>inmobiles</strong></span> <span class='ocrx_word' id='word_1_55' title='bbox 456 1251 605 1338; x_wconf 83' lang='lat' dir='ltr'><strong>lixasque</strong></span> <span class='ocrx_word' id='word_1_56' title='bbox 633 1273 764 1316; x_wconf 83' lang='lat' dir='ltr'><strong>munere</strong></span> <span class='ocrx_word' id='word_1_57' title='bbox 800 1254 834 1316; x_wconf 93' lang='lat' dir='ltr'><strong>in</strong></span> <span class='ocrx_word' id='word_1_58' title='bbox 867 1252 969 1320; x_wconf 83' lang='lat' dir='ltr'><strong>coelo.</strong></span> <span class='ocrx_word' id='word_1_59' title='bbox 1012 1273 1087 1316; x_wconf 85' lang='lat' dir='ltr'><strong>nam</strong></span> <span class='ocrx_word' id='word_1_60' title='bbox 1119 1252 1200 1318; x_wconf 91' lang='lat' dir='ltr'><strong>illud</strong></span> <span class='ocrx_word' id='word_1_61' title='bbox 1230 1251 1318 1340; x_wconf 91' lang='lat' dir='ltr'><strong>quod</strong></span> <span class='ocrx_word' id='word_1_62' title='bbox 1346 1254 1394 1316; x_wconf 84' lang='lat' dir='ltr'><strong>eit</strong></span> 
     </span>
     <span class='ocr_line' id='line_1_9' title="bbox 249 1360 1226 1436; baseline 0.004 -21"><span class='ocrx_word' id='word_1_63' title='bbox 249 1360 360 1436; x_wconf 81' lang='lat' dir='ltr'><strong>poeta:</strong></span> <span class='ocrx_word' id='word_1_64' title='bbox 1224 1369 1226 1372; x_wconf 82' lang='grc'><strong>’</strong></span> 
     </span>
     <span class='ocr_line' id='line_1_10' title="bbox 376 1455 1216 1548; baseline 0 -29"><span class='ocrx_word' id='word_1_65' title='bbox 376 1457 593 1548; x_wconf 77' lang='lat' dir='ltr'><strong>saepeetiam</strong></span> <span class='ocrx_word' id='word_1_66' title='bbox 617 1455 728 1520; x_wconf 83' lang='lat' dir='ltr'><strong>stellas</strong></span> <span class='ocrx_word' id='word_1_67' title='bbox 749 1463 847 1522; x_wconf 86' lang='lat' dir='ltr'><strong>uento</strong></span> <span class='ocrx_word' id='word_1_68' title='bbox 868 1455 1066 1542; x_wconf 69' lang='lat' dir='ltr'><strong>inpendente</strong></span> <span class='ocrx_word' id='word_1_69' title='bbox 1087 1455 1216 1522; x_wconf 87' lang='lat' dir='ltr'><strong>uidebis</strong></span> 
     </span>
     <span class='ocr_line' id='line_1_11' title="bbox 375 1555 1430 1645; baseline 0.004 -25"><span class='ocrx_word' id='word_1_70' title='bbox 375 1558 569 1645; x_wconf 83' lang='lat' dir='ltr'><strong>praecipites</strong></span> <span class='ocrx_word' id='word_1_71' title='bbox 592 1555 683 1622; x_wconf 81' lang='lat' dir='ltr'><strong>eaelo</strong></span> <span class='ocrx_word' id='word_1_72' title='bbox 704 1556 772 1622; x_wconf 80' lang='lat' dir='ltr'><strong>lobi</strong></span> <span class='ocrx_word' id='word_1_73' title='bbox 794 1559 964 1645; x_wconf 80' lang='lat' dir='ltr'><strong>noctisque</strong></span> <span class='ocrx_word' id='word_1_74' title='bbox 987 1579 1045 1644; x_wconf 89' lang='lat' dir='ltr'><strong>per</strong></span> <span class='ocrx_word' id='word_1_75' title='bbox 1065 1557 1198 1623; x_wconf 79' lang='lat' dir='ltr'><strong>umbras</strong></span> <span class='ocrx_word' id='word_1_76' title='bbox 1405 1577 1430 1616; x_wconf 77' lang='lat'><strong>¹⁰</strong></span> 
     </span>
     <span class='ocr_line' id='line_1_12' title="bbox 375 1657 1220 1746; baseline 0.002 -24"><span class='ocrx_word' id='word_1_77' title='bbox 375 1657 576 1723; x_wconf 86' lang='lat' dir='ltr'><strong>flemmarum</strong></span> <span class='ocrx_word' id='word_1_78' title='bbox 600 1659 714 1746; x_wconf 83' lang='lat' dir='ltr'><strong>longas</strong></span> <span class='ocrx_word' id='word_1_79' title='bbox 736 1681 756 1723; x_wconf 85' lang='lat' dir='ltr'><strong>u</strong></span> <span class='ocrx_word' id='word_1_80' title='bbox 778 1668 870 1744; x_wconf 87' lang='lat' dir='ltr'><strong>tergo</strong></span> <span class='ocrx_word' id='word_1_81' title='bbox 892 1658 1060 1725; x_wconf 82' lang='lat' dir='ltr'><strong>albescere</strong></span> <span class='ocrx_word' id='word_1_82' title='bbox 1080 1668 1220 1744; x_wconf 78' lang='lat' dir='ltr'><strong>treetus3</strong></span> 
     </span>
    </p>

    <p class='ocr_par' dir='ltr' id='par_1_4' title="bbox 253 1761 580 1844">
     <span class='ocr_line' id='line_1_13' title="bbox 253 1761 580 1844; baseline 0.012 -24"><span class='ocrx_word' id='word_1_83' title='bbox 253 1783 313 1822; x_wconf 71' lang='lat' dir='ltr'><strong>m</strong></span> <span class='ocrx_word' id='word_1_84' title='bbox 338 1761 382 1844; x_wconf 86' lang='lat' dir='ltr'><strong>[et</strong></span> <span class='ocrx_word' id='word_1_85' title='bbox 404 1761 425 1840; x_wconf 60' lang='grc' dir='ltr'>Η</span> <span class='ocrx_word' id='word_1_86' title='bbox 447 1762 580 1825; x_wconf 88' lang='lat' dir='ltr'><strong>iterum:</strong></span> 
     </span>
    </p>
   </div>
   <div class='ocr_carea' id='block_1_4' title="bbox 250 1862 1430 2562">
    <p class='ocr_par' dir='ltr' id='par_1_5' title="bbox 250 1862 1430 2562">
     <span class='ocr_line' id='line_1_14' title="bbox 946 1862 1239 1950; baseline 0 -23"><span class='ocrx_word' id='word_1_87' title='bbox 946 1863 1040 1950; x_wconf 79' lang='lat' dir='ltr'><strong>lapsu</strong></span> <span class='ocrx_word' id='word_1_88' title='bbox 1062 1885 1121 1949; x_wconf 88' lang='lat' dir='ltr'><strong>per</strong></span> <span class='ocrx_word' id='word_1_89' title='bbox 1138 1862 1239 1928; x_wconf 81' lang='lat' dir='ltr'><strong>ultum</strong></span> 
     </span>
     <span class='ocr_line' id='line_1_15' title="bbox 378 1963 1100 2051; baseline 0.001 -24"><span class='ocrx_word' id='word_1_90' title='bbox 378 1985 455 2028; x_wconf 84' lang='lat' dir='ltr'><strong>aera</strong></span> <span class='ocrx_word' id='word_1_91' title='bbox 476 1965 641 2051; x_wconf 81' lang='lat' dir='ltr'><strong>dispersos</strong></span> <span class='ocrx_word' id='word_1_92' title='bbox 664 1973 796 2029; x_wconf 82' lang='lat' dir='ltr'><strong>traxere</strong></span> <span class='ocrx_word' id='word_1_93' title='bbox 819 1963 970 2029; x_wconf 81' lang='lat' dir='ltr'><strong>cedentia</strong></span> <span class='ocrx_word' id='word_1_94' title='bbox 993 1965 1100 2030; x_wconf 84' lang='lat' dir='ltr'><strong>sulcos</strong></span> 
     </span>
     <span class='ocr_line' id='line_1_16' title="bbox 378 2066 1430 2160; baseline -0.002 -30"><span class='ocrx_word' id='word_1_95' title='bbox 378 2066 486 2131; x_wconf 83' lang='lat' dir='ltr'><strong>sidere</strong></span> <span class='ocrx_word' id='word_1_96' title='bbox 508 2066 566 2131; x_wconf 87' lang='lat' dir='ltr'><strong>sed</strong></span> <span class='ocrx_word' id='word_1_97' title='bbox 586 2069 722 2132; x_wconf 83' lang='lat' dir='ltr'><strong>summis</strong></span> <span class='ocrx_word' id='word_1_98' title='bbox 743 2066 841 2132; x_wconf 84' lang='lat' dir='ltr'><strong>etiam</strong></span> <span class='ocrx_word' id='word_1_99' title='bbox 862 2087 945 2154; x_wconf 82' lang='lat' dir='ltr'><strong>quae</strong></span> <span class='ocrx_word' id='word_1_100' title='bbox 965 2066 1032 2132; x_wconf 83' lang='lat' dir='ltr'><strong>fixe</strong></span> <span class='ocrx_word' id='word_1_101' title='bbox 1053 2075 1206 2160; x_wconf 77' lang='lat' dir='ltr'><strong>tenentur</strong></span> <span class='ocrx_word' id='word_1_102' title='bbox 1405 2089 1430 2128; x_wconf 80' lang='lat' dir='ltr'><strong>rs</strong></span> 
     </span>
     <span class='ocr_line' id='line_1_17' title="bbox 379 2169 583 2256; baseline 0.005 -25"><span class='ocrx_word' id='word_1_103' title='bbox 379 2177 467 2232; x_wconf 82' lang='lat' dir='ltr'><strong>estre</strong></span> <span class='ocrx_word' id='word_1_104' title='bbox 489 2169 583 2256; x_wconf 88' lang='lat' dir='ltr'><strong>polis.</strong></span> 
     </span>
     <span class='ocr_line' id='line_1_18' title="bbox 250 2267 1394 2358; baseline -0.003 -24"><span class='ocrx_word' id='word_1_105' title='bbox 250 2269 308 2335; x_wconf 90' lang='lat' dir='ltr'><strong>sed</strong></span> <span class='ocrx_word' id='word_1_106' title='bbox 331 2270 364 2334; x_wconf 92' lang='lat' dir='ltr'><strong>bi</strong></span> <span class='ocrx_word' id='word_1_107' title='bbox 384 2281 499 2356; x_wconf 80' lang='lat' dir='ltr'><strong>poetae</strong></span> <span class='ocrx_word' id='word_1_108' title='bbox 520 2269 703 2336; x_wconf 82' lang='lat' dir='ltr'><strong>uoluntarie</strong></span> <span class='ocrx_word' id='word_1_109' title='bbox 726 2271 766 2335; x_wconf 84' lang='lat' dir='ltr'><strong>ad</strong></span> <span class='ocrx_word' id='word_1_110' title='bbox 787 2271 971 2358; x_wconf 88' lang='lat' dir='ltr'><strong>opinionem</strong></span> <span class='ocrx_word' id='word_1_111' title='bbox 994 2270 1087 2356; x_wconf 83' lang='lat' dir='ltr'><strong>uulgi</strong></span> <span class='ocrx_word' id='word_1_112' title='bbox 1113 2291 1147 2334; x_wconf 84' lang='lat' dir='ltr'><strong>se</strong></span> <span class='ocrx_word' id='word_1_113' title='bbox 1171 2267 1394 2334; x_wconf 89' lang='lat' dir='ltr'><strong>contulerunt:</strong></span> 
     </span>
     <span class='ocr_line' id='line_1_19' title="bbox 250 2371 1394 2459; baseline -0.003 -22"><span class='ocrx_word' id='word_1_114' title='bbox 250 2381 392 2438; x_wconf 84' lang='lat' dir='ltr'><strong>ceterum</strong></span> <span class='ocrx_word' id='word_1_115' title='bbox 414 2371 613 2459; x_wconf 85' lang='lat' dir='ltr'><strong>philosophi,</strong></span> <span class='ocrx_word' id='word_1_116' title='bbox 642 2372 760 2459; x_wconf 90' lang='lat' dir='ltr'><strong>quibus</strong></span> <span class='ocrx_word' id='word_1_117' title='bbox 782 2395 879 2437; x_wconf 84' lang='lat' dir='ltr'><strong>eureo</strong></span> <span class='ocrx_word' id='word_1_118' title='bbox 911 2381 960 2438; x_wconf 89' lang='lat' dir='ltr'><strong>est</strong></span> <span class='ocrx_word' id='word_1_119' title='bbox 982 2371 1094 2436; x_wconf 89' lang='lat' dir='ltr'><strong>mundi</strong></span> <span class='ocrx_word' id='word_1_120' title='bbox 1117 2393 1273 2459; x_wconf 86' lang='lat' dir='ltr'><strong>quaerere</strong></span> <span class='ocrx_word' id='word_1_121' title='bbox 1295 2371 1394 2434; x_wconf 85' lang='lat' dir='ltr'><strong>retio-</strong></span> 
     </span>
     <span class='ocr_line' id='line_1_20' title="bbox 250 2473 1131 2562; baseline 0 -24"><span class='ocrx_word' id='word_1_122' title='bbox 250 2497 341 2558; x_wconf 89' lang='lat' dir='ltr'><strong>nem‚</strong></span> <span class='ocrx_word' id='word_1_123' title='bbox 364 2473 422 2538; x_wconf 86' lang='lat' dir='ltr'><strong>illu</strong></span> <span class='ocrx_word' id='word_1_124' title='bbox 443 2476 534 2540; x_wconf 84' lang='lat' dir='ltr'><strong>aiunt</strong></span> <span class='ocrx_word' id='word_1_125' title='bbox 556 2497 638 2560; x_wconf 81' lang='lat' dir='ltr'><strong>quae</strong></span> <span class='ocrx_word' id='word_1_126' title='bbox 661 2475 809 2562; x_wconf 82' lang='lat' dir='ltr'><strong>superius</strong></span> <span class='ocrx_word' id='word_1_127' title='bbox 832 2483 1009 2540; x_wconf 82' lang='lat' dir='ltr'><strong>memorata</strong></span> <span class='ocrx_word' id='word_1_128' title='bbox 1030 2476 1131 2557; x_wconf 87' lang='lat' dir='ltr'><strong>sunt.]</strong></span> 
     </span>
    </p>
   </div>
   <div class='ocr_carea' id='block_1_5' title="bbox 183 2637 1395 3392">
    <p class='ocr_par' dir='ltr' id='par_1_6' title="bbox 245 2637 1395 2976">
     <span class='ocr_line' id='line_1_21' title="bbox 245 2637 1395 2713; baseline -0.002 -15"><span class='ocrx_word' id='word_1_129' title='bbox 245 2638 428 2712; x_wconf 74' lang='grc' dir='ltr'><strong>Ἡράκλειτος</strong></span> <span class='ocrx_word' id='word_1_130' title='bbox 452 2647 500 2700; x_wconf 77' lang='grc' dir='ltr'><strong>καὶ</strong></span> <span class='ocrx_word' id='word_1_131' title='bbox 524 2643 554 2698; x_wconf 82' lang='grc' dir='ltr'><strong>οἷ</strong></span> <span class='ocrx_word' id='word_1_132' title='bbox 575 2647 712 2705; x_wconf 79' lang='grc' dir='ltr'><strong>Στωικοί,</strong></span> <span class='ocrx_word' id='word_1_133' title='bbox 736 2641 896 2712; x_wconf 79' lang='grc' dir='ltr'>τρέφεσθαι</span> <span class='ocrx_word' id='word_1_134' title='bbox 915 2639 981 2705; x_wconf 77' lang='grc' dir='ltr'><strong>τοὺς</strong></span> <span class='ocrx_word' id='word_1_135' title='bbox 999 2638 1119 2711; x_wconf 67' lang='lat' dir='ltr'><strong>durique</strong></span> <span class='ocrx_word' id='word_1_136' title='bbox 1143 2637 1173 2698; x_wconf 72' lang='lat' dir='ltr'><strong>ln</strong></span> <span class='ocrx_word' id='word_1_137' title='bbox 1197 2645 1246 2713; x_wconf 76' lang='grc' dir='ltr'><strong>τῆς</strong></span> <span class='ocrx_word' id='word_1_138' title='bbox 1264 2637 1395 2710; x_wconf 73' lang='grc' dir='ltr'><strong>ἐπιγείου</strong></span> 
     </span>
     <span class='ocr_line' id='line_1_22' title="bbox 249 2705 1375 2781; baseline 0 -17"><span class='ocrx_word' id='word_1_139' title='bbox 249 2705 482 2780; x_wconf 75' lang='grc' dir='ltr'>οἷναθυμιὰσεως.</span> <span class='ocrx_word' id='word_1_140' title='bbox 518 2707 716 2781; x_wconf 72' lang='grc' dir='ltr'><strong>Ἀριστοτέλης,</strong></span> <span class='ocrx_word' id='word_1_141' title='bbox 741 2710 780 2781; x_wconf 82' lang='grc' dir='ltr'><strong>μὴ</strong></span> <span class='ocrx_word' id='word_1_142' title='bbox 799 2715 916 2766; x_wconf 78' lang='grc' dir='ltr'><strong>δεῖσθαι</strong></span> <span class='ocrx_word' id='word_1_143' title='bbox 940 2708 973 2766; x_wconf 77' lang='lat' dir='ltr'><strong>rei</strong></span> <span class='ocrx_word' id='word_1_144' title='bbox 993 2706 1116 2778; x_wconf 79' lang='grc' dir='ltr'><strong>ου’ροὶνιο</strong></span> <span class='ocrx_word' id='word_1_145' title='bbox 1134 2713 1256 2779; x_wconf 79' lang='grc' dir='ltr'>τροφῆς·</span> <span class='ocrx_word' id='word_1_146' title='bbox 1280 2705 1315 2764; x_wconf 76' lang='lat' dir='ltr'><strong>mi</strong></span> <span class='ocrx_word' id='word_1_147' title='bbox 1338 2709 1375 2778; x_wconf 74' lang='grc' dir='ltr'><strong>γᾶ</strong></span> 
     </span>
     <span class='ocr_line' id='line_1_23' title="bbox 251 2733 1395 2860; baseline 0 -27"><span class='ocrx_word' id='word_1_148' title='bbox 251 2775 370 2860; x_wconf 68' lang='grc' dir='ltr'><strong>φθαρτὰ</strong></span> <span class='ocrx_word' id='word_1_149' title='bbox 390 2772 449 2833; x_wconf 75' lang='lat' dir='ltr'><strong>n’tl’</strong></span> <span class='ocrx_word' id='word_1_150' title='bbox 467 2775 560 2833; x_wconf 80' lang='grc' dir='ltr'>οἷίὸια.</span> <span class='ocrx_word' id='word_1_151' title='bbox 598 2776 719 2834; x_wconf 71' lang='grc' dir='ltr'><strong><em>Πλάτων</em></strong></span> <span class='ocrx_word' id='word_1_152' title='bbox 737 2781 786 2834; x_wconf 79' lang='grc' dir='ltr'><strong>καὶ</strong></span> <span class='ocrx_word' id='word_1_153' title='bbox 810 2777 839 2834; x_wconf 80' lang='grc' dir='ltr'><strong>οῖ</strong></span> <span class='ocrx_word' id='word_1_154' title='bbox 856 2783 993 2845; x_wconf 82' lang='grc' dir='ltr'><strong>Στωικοί,</strong></span> <span class='ocrx_word' id='word_1_155' title='bbox 1012 2775 1049 2842; x_wconf 73' lang='grc' dir='ltr'><strong>ὥς</strong></span> <span class='ocrx_word' id='word_1_156' title='bbox 1067 2771 1134 2834; x_wconf 76' lang='grc' dir='ltr'><strong>ὅλον</strong></span> <span class='ocrx_word' id='word_1_157' title='bbox 1152 2775 1202 2832; x_wconf 81' lang='grc' dir='ltr'><strong>τὸν</strong></span> <span class='ocrx_word' id='word_1_158' title='bbox 1219 2773 1325 2848; x_wconf 78' lang='grc' dir='ltr'><strong><em>κόσμον</em></strong></span> <span class='ocrx_word' id='word_1_159' title='bbox 1343 2733 1395 2834; x_wconf 71' lang='lat' dir='ltr'><strong>sul</strong></span> 
     </span>
     <span class='ocr_line' id='line_1_24' title="bbox 250 2842 1393 2916; baseline 0.002 -18"><span class='ocrx_word' id='word_1_160' title='bbox 250 2843 283 2899; x_wconf 77' lang='grc' dir='ltr'><strong>τὰ</strong></span> <span class='ocrx_word' id='word_1_161' title='bbox 303 2842 442 2914; x_wconf 54' lang='lat' dir='ltr'><strong>detondi</strong></span> <span class='ocrx_word' id='word_1_162' title='bbox 461 2843 743 2915; x_wconf 75' lang='grc' dir='ltr'><strong>αὑτοῖντρὲφεσθαι.</strong></span> <span class='ocrx_word' id='word_1_163' title='bbox 780 2853 866 2902; x_wconf 83' lang='lat' dir='ltr'><strong>Varro</strong></span> <span class='ocrx_word' id='word_1_164' title='bbox 884 2853 916 2902; x_wconf 93' lang='lat' dir='ltr'><strong>L.</strong></span> <span class='ocrx_word' id='word_1_165' title='bbox 936 2853 967 2900; x_wconf 60' lang='lat' dir='ltr'><strong>li.</strong></span> <span class='ocrx_word' id='word_1_166' title='bbox 987 2851 1079 2901; x_wconf 77' lang='lat' dir='ltr'>V.68:</span> <span class='ocrx_word' id='word_1_167' title='bbox 1116 2851 1172 2900; x_wconf 74' lang='lat' dir='ltr'><strong>‘eol</strong></span> <span class='ocrx_word' id='word_1_168' title='bbox 1198 2849 1332 2916; x_wconf 88' lang='lat' dir='ltr'><strong>uelquod</strong></span> <span class='ocrx_word' id='word_1_169' title='bbox 1351 2852 1393 2900; x_wconf 83' lang='lat' dir='ltr'><strong>ito</strong></span> 
     </span>
     <span class='ocr_line' id='line_1_25' title="bbox 251 2917 1035 2976; baseline 0 -8"><span class='ocrx_word' id='word_1_170' title='bbox 251 2917 357 2976; x_wconf 79' lang='lat' dir='ltr'><strong>Sebini,</strong></span> <span class='ocrx_word' id='word_1_171' title='bbox 376 2917 420 2968; x_wconf 87' lang='lat' dir='ltr'><strong>uel</strong></span> <span class='ocrx_word' id='word_1_172' title='bbox 439 2918 512 2969; x_wconf 81' lang='lat' dir='ltr'><strong>solus</strong></span> <span class='ocrx_word' id='word_1_173' title='bbox 532 2921 572 2970; x_wconf 85' lang='lat' dir='ltr'><strong>ita</strong></span> <span class='ocrx_word' id='word_1_174' title='bbox 590 2917 665 2969; x_wconf 85' lang='lat' dir='ltr'><strong>lueet</strong></span> <span class='ocrx_word' id='word_1_175' title='bbox 682 2924 712 2968; x_wconf 92' lang='lat' dir='ltr'><strong>ut</strong></span> <span class='ocrx_word' id='word_1_176' title='bbox 731 2935 764 2969; x_wconf 85' lang='lat' dir='ltr'><strong>ex</strong></span> <span class='ocrx_word' id='word_1_177' title='bbox 783 2935 815 2970; x_wconf 90' lang='lat' dir='ltr'><strong>eo</strong></span> <span class='ocrx_word' id='word_1_178' title='bbox 835 2919 885 2970; x_wconf 87' lang='lat' dir='ltr'><strong>deo</strong></span> <span class='ocrx_word' id='word_1_179' title='bbox 904 2919 963 2970; x_wconf 85' lang='lat' dir='ltr'><strong>dios</strong></span> <span class='ocrx_word' id='word_1_180' title='bbox 981 2918 1035 2968; x_wconf 62' lang='lat' dir='ltr'><strong>sit!</strong></span> 
     </span>
    </p>

    <p class='ocr_par' dir='ltr' id='par_1_7' title="bbox 251 2983 1394 3256">
     <span class='ocr_line' id='line_1_26' title="bbox 340 2983 1394 3054; baseline 0.001 -19"><span class='ocrx_word' id='word_1_181' title='bbox 340 2983 408 3037; x_wconf 85' lang='lat' dir='ltr'><strong>lll*</strong></span> <span class='ocrx_word' id='word_1_182' title='bbox 426 2987 547 3036; x_wconf 78' lang='lat' dir='ltr'><strong>Isidorus</strong></span> <span class='ocrx_word' id='word_1_183' title='bbox 561 2987 594 3036; x_wconf 88' lang='lat' dir='ltr'><strong>de</strong></span> <span class='ocrx_word' id='word_1_184' title='bbox 607 2999 706 3037; x_wconf 86' lang='lat' dir='ltr'><strong>netum</strong></span> <span class='ocrx_word' id='word_1_185' title='bbox 725 3003 812 3036; x_wconf 85' lang='lat' dir='ltr'><strong>rerum</strong></span> <span class='ocrx_word' id='word_1_186' title='bbox 827 2989 914 3038; x_wconf 80' lang='lat' dir='ltr'>XXV:</span> <span class='ocrx_word' id='word_1_187' title='bbox 935 2987 986 3036; x_wconf 80' lang='lat' dir='ltr'><strong>‘De</strong></span> <span class='ocrx_word' id='word_1_188' title='bbox 1005 2988 1085 3054; x_wconf 85' lang='lat' dir='ltr'><strong>lnpsu</strong></span> <span class='ocrx_word' id='word_1_189' title='bbox 1103 2986 1254 3038; x_wconf 79' lang='lat' dir='ltr'><strong>stellarum.</strong></span> <span class='ocrx_word' id='word_1_190' title='bbox 1285 2985 1394 3036; x_wconf 75' lang='lat' dir='ltr'><strong>Falsa</strong></span> 
     </span>
     <span class='ocr_line' id='line_1_27' title="bbox 251 3053 1393 3120; baseline 0 -18"><span class='ocrx_word' id='word_1_191' title='bbox 251 3059 365 3104; x_wconf 74' lang='lat' dir='ltr'><strong>erstem</strong></span> <span class='ocrx_word' id='word_1_192' title='bbox 384 3059 417 3104; x_wconf 85' lang='lat' dir='ltr'><strong>et</strong></span> <span class='ocrx_word' id='word_1_193' title='bbox 434 3053 606 3118; x_wconf 79' lang='lat' dir='ltr'><strong>uulgarie’</strong></span> <span class='ocrx_word' id='word_1_194' title='bbox 627 3071 650 3104; x_wconf 89' lang='grc' dir='ltr'><strong>ο.</strong></span> <span class='ocrx_word' id='word_1_195' title='bbox 671 3071 695 3118; x_wconf 91' lang='lat' dir='ltr'><strong>q.</strong></span> <span class='ocrx_word' id='word_1_196' title='bbox 715 3071 737 3104; x_wconf 80' lang='lat' dir='ltr'><strong>s.</strong></span> <span class='ocrx_word' id='word_1_197' title='bbox 753 3081 787 3089; x_wconf 82' lang='lat'>—</span> <span class='ocrx_word' id='word_1_198' title='bbox 805 3055 916 3104; x_wconf 83' lang='lat' dir='ltr'><strong>Servius</strong></span> <span class='ocrx_word' id='word_1_199' title='bbox 935 3072 1028 3120; x_wconf 83' lang='lat' dir='ltr'><strong>georg.</strong></span> <span class='ocrx_word' id='word_1_200' title='bbox 1042 3053 1130 3106; x_wconf 75' lang='lat'>1306:</span> <span class='ocrx_word' id='word_1_201' title='bbox 1155 3055 1298 3118; x_wconf 88' lang='lat' dir='ltr'><strong>‘Sequitur</strong></span> <span class='ocrx_word' id='word_1_202' title='bbox 1316 3053 1393 3120; x_wconf 80' lang='lat' dir='ltr'><strong>uulgi</strong></span> 
     </span>
     <span class='ocr_line' id='line_1_28' title="bbox 251 3121 1394 3188; baseline -0.001 -17"><span class='ocrx_word' id='word_1_203' title='bbox 251 3123 417 3186; x_wconf 85' lang='lat' dir='ltr'><strong>opinionem.</strong></span> <span class='ocrx_word' id='word_1_204' title='bbox 458 3137 512 3171; x_wconf 92' lang='lat' dir='ltr'><strong>non</strong></span> <span class='ocrx_word' id='word_1_205' title='bbox 537 3123 608 3172; x_wconf 89' lang='lat' dir='ltr'><strong>enim</strong></span> <span class='ocrx_word' id='word_1_206' title='bbox 633 3123 725 3172; x_wconf 87' lang='lat' dir='ltr'><strong>omniu</strong></span> <span class='ocrx_word' id='word_1_207' title='bbox 747 3123 896 3188; x_wconf 85' lang='lat' dir='ltr'><strong>prudenter</strong></span> <span class='ocrx_word' id='word_1_208' title='bbox 919 3139 935 3172; x_wconf 83' lang='lat' dir='ltr'><strong>u</strong></span> <span class='ocrx_word' id='word_1_209' title='bbox 959 3129 1043 3188; x_wconf 81' lang='lat' dir='ltr'><strong>poeto</strong></span> <span class='ocrx_word' id='word_1_210' title='bbox 1066 3121 1184 3173; x_wconf 79' lang='lat' dir='ltr'><strong>dicenda</strong></span> <span class='ocrx_word' id='word_1_211' title='bbox 1208 3127 1279 3172; x_wconf 72' lang='lat' dir='ltr'><strong>stunt.</strong></span> <span class='ocrx_word' id='word_1_212' title='bbox 1321 3123 1394 3186; x_wconf 90' lang='lat' dir='ltr'><strong>quod</strong></span> 
     </span>
     <span class='ocr_line' id='line_1_29' title="bbox 251 3182 1394 3256; baseline -0.003 -16"><span class='ocrx_word' id='word_1_213' title='bbox 251 3195 343 3240; x_wconf 80' lang='lat' dir='ltr'><strong>nutem</strong></span> <span class='ocrx_word' id='word_1_214' title='bbox 363 3191 486 3239; x_wconf 83' lang='lat' dir='ltr'><strong>uidemus</strong></span> <span class='ocrx_word' id='word_1_215' title='bbox 505 3206 519 3239; x_wconf 90' lang='lat' dir='ltr'><strong>e</strong></span> <span class='ocrx_word' id='word_1_216' title='bbox 539 3189 618 3238; x_wconf 84' lang='lat' dir='ltr'><strong>eaelo</strong></span> <span class='ocrx_word' id='word_1_217' title='bbox 637 3189 733 3240; x_wconf 80' lang='lat' dir='ltr'><strong>stelles</strong></span> <span class='ocrx_word' id='word_1_218' title='bbox 752 3192 832 3256; x_wconf 83' lang='lat' dir='ltr'><strong>quusi</strong></span> <span class='ocrx_word' id='word_1_219' title='bbox 851 3191 918 3252; x_wconf 86' lang='lat' dir='ltr'><strong>labi,</strong></span> <span class='ocrx_word' id='word_1_220' title='bbox 938 3182 1092 3255; x_wconf 70' lang='grc' dir='ltr'>ἀπορροιαὶ</span> <span class='ocrx_word' id='word_1_221' title='bbox 1116 3196 1179 3240; x_wconf 86' lang='lat' dir='ltr'><strong>sunt</strong></span> <span class='ocrx_word' id='word_1_222' title='bbox 1203 3189 1276 3256; x_wconf 80' lang='lat' dir='ltr'><strong>ignis</strong></span> <span class='ocrx_word' id='word_1_223' title='bbox 1295 3189 1394 3240; x_wconf 72' lang='lat' dir='ltr'><strong>setlle-</strong></span> 
     </span>
    </p>

    <p class='ocr_par' dir='ltr' id='par_1_8' title="bbox 183 3257 1393 3392">
     <span class='ocr_line' id='line_1_30' title="bbox 183 3257 1393 3323; baseline -0.002 -15"><span class='ocrx_word' id='word_1_224' title='bbox 183 3295 190 3308; x_wconf 90' lang='lat'><em>.</em></span> <span class='ocrx_word' id='word_1_225' title='bbox 251 3257 299 3318; x_wconf 83' lang='lat' dir='ltr'><strong>rii,</strong></span> <span class='ocrx_word' id='word_1_226' title='bbox 321 3257 454 3323; x_wconf 77' lang='lat' dir='ltr'><strong>quibunt</strong></span> <span class='ocrx_word' id='word_1_227' title='bbox 473 3273 533 3307; x_wconf 83' lang='lat' dir='ltr'><strong>eum</strong></span> <span class='ocrx_word' id='word_1_228' title='bbox 551 3257 740 3308; x_wconf 84' lang='lat' dir='ltr'><strong>uehementior</strong></span> <span class='ocrx_word' id='word_1_229' title='bbox 758 3264 857 3310; x_wconf 89' lang='lat' dir='ltr'><strong>uentus</strong></span> <span class='ocrx_word' id='word_1_230' title='bbox 877 3259 979 3309; x_wconf 84' lang='lat' dir='ltr'><strong>nltiorn</strong></span> <span class='ocrx_word' id='word_1_231' title='bbox 998 3257 1208 3320; x_wconf 82' lang='lat' dir='ltr'><strong>conscenderit,</strong></span> <span class='ocrx_word' id='word_1_232' title='bbox 1235 3263 1263 3308; x_wconf 88' lang='lat' dir='ltr'><strong>et</strong></span> <span class='ocrx_word' id='word_1_233' title='bbox 1281 3257 1393 3307; x_wconf 75' lang='lat' dir='ltr'><strong>trabere</strong></span> 
     </span>
     <span class='ocr_line' id='line_1_31' title="bbox 251 3323 1393 3392; baseline 0 -18"><span class='ocrx_word' id='word_1_234' title='bbox 251 3326 348 3376; x_wconf 81' lang='lat' dir='ltr'><strong>exinde</strong></span> <span class='ocrx_word' id='word_1_235' title='bbox 379 3323 487 3390; x_wconf 76' lang='lat' dir='ltr'><strong>aliquus</strong></span> <span class='ocrx_word' id='word_1_236' title='bbox 514 3325 667 3391; x_wconf 82' lang='lat' dir='ltr'><strong>particulos</strong></span> <span class='ocrx_word' id='word_1_237' title='bbox 696 3328 833 3392; x_wconf 85' lang='lat' dir='ltr'><strong>eoeperit,</strong></span> <span class='ocrx_word' id='word_1_238' title='bbox 863 3341 933 3392; x_wconf 82' lang='lat' dir='ltr'><strong>quae</strong></span> <span class='ocrx_word' id='word_1_239' title='bbox 962 3325 1094 3377; x_wconf 85' lang='lat' dir='ltr'><strong>simulant</strong></span> <span class='ocrx_word' id='word_1_240' title='bbox 1122 3341 1216 3376; x_wconf 86' lang='lat' dir='ltr'><strong>cusum</strong></span> <span class='ocrx_word' id='word_1_241' title='bbox 1239 3325 1393 3375; x_wconf 73' lang='lat' dir='ltr'><strong>stellarum.</strong></span> 
     </span>
    </p>
   </div>
   <div class='ocr_carea' id='block_1_6' title="bbox 251 3429 454 3438">
    <p class='ocr_par' dir='ltr' id='par_1_9' title="bbox 251 3429 454 3438">
     <span class='ocr_line' id='line_1_32' title="bbox 251 3429 454 3438; baseline -0.01 0"><span class='ocrx_word' id='word_1_242' title='bbox 251 3429 454 3438; x_wconf 76' lang='lat'><em>--..-—.--—-·</em></span> 
     </span>
    </p>
   </div>
   <div class='ocr_carea' id='block_1_7' title="bbox 247 3473 1398 4498">
    <p class='ocr_par' dir='ltr' id='par_1_10' title="bbox 247 3473 1398 4498">
     <span class='ocr_line' id='line_1_33' title="bbox 334 3473 1395 3562; baseline -0.004 -20"><span class='ocrx_word' id='word_1_243' title='bbox 334 3489 351 3542; x_wconf 80' lang='lat' dir='ltr'><strong>‘l</strong></span> <span class='ocrx_word' id='word_1_244' title='bbox 369 3479 490 3560; x_wconf 87' lang='lat' dir='ltr'><strong>quodA</strong></span> <span class='ocrx_word' id='word_1_245' title='bbox 510 3499 587 3539; x_wconf 84' lang='lat' dir='ltr'><strong>corr.</strong></span> <span class='ocrx_word' id='word_1_246' title='bbox 605 3483 669 3542; x_wconf 87' lang='lat' dir='ltr'><strong>eod.</strong></span> <span class='ocrx_word' id='word_1_247' title='bbox 690 3499 765 3538; x_wconf 83' lang='lat' dir='ltr'><strong>mun.</strong></span> <span class='ocrx_word' id='word_1_248' title='bbox 783 3475 795 3561; x_wconf 99' lang='grc' dir='ltr'>Η</span> <span class='ocrx_word' id='word_1_249' title='bbox 811 3479 885 3539; x_wconf 91' lang='lat' dir='ltr'><strong>urbe</strong></span> <span class='ocrx_word' id='word_1_250' title='bbox 902 3476 939 3538; x_wconf 74' lang='lat'><strong>13¹</strong></span> <span class='ocrx_word' id='word_1_251' title='bbox 957 3475 970 3562; x_wconf 95' lang='grc' dir='ltr'>Η</span> <span class='ocrx_word' id='word_1_252' title='bbox 986 3479 1165 3540; x_wconf 85' lang='lat' dir='ltr'><strong>obscuretur</strong></span> <span class='ocrx_word' id='word_1_253' title='bbox 1180 3483 1234 3538; x_wconf 90' lang='lat' dir='ltr'><strong>AB</strong></span> <span class='ocrx_word' id='word_1_254' title='bbox 1248 3473 1261 3560; x_wconf 96' lang='grc' dir='ltr'>Η</span> <span class='ocrx_word' id='word_1_255' title='bbox 1276 3489 1293 3540; x_wconf 72' lang='lat'><em>4</em></span> <span class='ocrx_word' id='word_1_256' title='bbox 1313 3477 1395 3538; x_wconf 80' lang='lat' dir='ltr'><strong>false</strong></span> 
     </span>
     <span class='ocr_line' id='line_1_34' title="bbox 249 3557 1396 3647; baseline -0.003 -21"><span class='ocrx_word' id='word_1_257' title='bbox 249 3573 349 3626; x_wconf 86' lang='lat' dir='ltr'><strong>eutem</strong></span> <span class='ocrx_word' id='word_1_258' title='bbox 361 3566 462 3646; x_wconf 91' lang='lat' dir='ltr'><strong>opinio</strong></span> <span class='ocrx_word' id='word_1_259' title='bbox 475 3574 505 3623; x_wconf 88' lang='lat' dir='ltr'><strong>et</strong></span> <span class='ocrx_word' id='word_1_260' title='bbox 519 3565 655 3642; x_wconf 76' lang='lat' dir='ltr'><strong>uulgaris</strong></span> <span class='ocrx_word' id='word_1_261' title='bbox 667 3570 748 3640; x_wconf 75' lang='lat' dir='ltr'><strong>vulyo</strong></span> <span class='ocrx_word' id='word_1_262' title='bbox 764 3557 777 3646; x_wconf 96' lang='grc' dir='ltr'>Η</span> <span class='ocrx_word' id='word_1_263' title='bbox 793 3573 839 3624; x_wconf 87' lang='lat' dir='ltr'><strong>est</strong></span> <span class='ocrx_word' id='word_1_264' title='bbox 848 3569 897 3624; x_wconf 72' lang='lat' dir='ltr'><strong>*B</strong></span> <span class='ocrx_word' id='word_1_265' title='bbox 912 3560 925 3647; x_wconf 96' lang='grc' dir='ltr'>Η</span> <span class='ocrx_word' id='word_1_266' title='bbox 941 3567 1023 3624; x_wconf 68' lang='lat' dir='ltr'><strong>nocte*</strong></span> <span class='ocrx_word' id='word_1_267' title='bbox 1034 3569 1058 3624; x_wconf 88' lang='lat' dir='ltr'><em>A</em></span> <span class='ocrx_word' id='word_1_268' title='bbox 1071 3573 1177 3625; x_wconf 82' lang='lat' dir='ltr'><strong>noctes</strong></span> <span class='ocrx_word' id='word_1_269' title='bbox 1189 3567 1216 3622; x_wconf 99' lang='grc' dir='ltr'><em>Β</em></span> <span class='ocrx_word' id='word_1_270' title='bbox 1231 3557 1245 3645; x_wconf 96' lang='grc' dir='ltr'>Η</span> <span class='ocrx_word' id='word_1_271' title='bbox 1259 3575 1275 3626; x_wconf 77' lang='lat'>5</span> <span class='ocrx_word' id='word_1_272' title='bbox 1288 3563 1396 3623; x_wconf 87' lang='lat' dir='ltr'><strong>ethere</strong></span> 
     </span>
     <span class='ocr_line' id='line_1_35' title="bbox 250 3645 1395 3732; baseline 0 -23"><span class='ocrx_word' id='word_1_273' title='bbox 250 3655 277 3709; x_wconf 89' lang='lat' dir='ltr'><em>B</em></span> <span class='ocrx_word' id='word_1_274' title='bbox 292 3670 364 3710; x_wconf 85' lang='lat' dir='ltr'><strong>uere</strong></span> <span class='ocrx_word' id='word_1_275' title='bbox 384 3654 409 3708; x_wconf 95' lang='lat' dir='ltr'><em>A</em></span> <span class='ocrx_word' id='word_1_276' title='bbox 429 3645 442 3732; x_wconf 95' lang='grc' dir='ltr'>Η</span> <span class='ocrx_word' id='word_1_277' title='bbox 463 3660 583 3728; x_wconf 83' lang='lat' dir='ltr'><strong>portare</strong></span> <span class='ocrx_word' id='word_1_278' title='bbox 607 3654 686 3708; x_wconf 90' lang='lat' dir='ltr'><strong>ueA</strong></span> <span class='ocrx_word' id='word_1_279' title='bbox 705 3645 718 3730; x_wconf 95' lang='grc' dir='ltr'>Η</span> <span class='ocrx_word' id='word_1_280' title='bbox 741 3659 758 3712; x_wconf 84' lang='lat'><strong>6</strong></span> <span class='ocrx_word' id='word_1_281' title='bbox 777 3650 895 3724; x_wconf 80' lang='lat' dir='ltr'><strong>inu&#39;tore</strong></span> <span class='ocrx_word' id='word_1_282' title='bbox 913 3655 936 3708; x_wconf 89' lang='lat' dir='ltr'><em>A</em></span> <span class='ocrx_word' id='word_1_283' title='bbox 958 3647 971 3730; x_wconf 96' lang='grc' dir='ltr'>Η</span> <span class='ocrx_word' id='word_1_284' title='bbox 991 3649 1081 3710; x_wconf 82' lang='lat' dir='ltr'><strong>stella</strong></span> <span class='ocrx_word' id='word_1_285' title='bbox 1101 3645 1135 3707; x_wconf 80' lang='grc' dir='ltr'><strong>ΑΙ</strong></span> <span class='ocrx_word' id='word_1_286' title='bbox 1160 3645 1173 3732; x_wconf 96' lang='grc' dir='ltr'>Η</span> <span class='ocrx_word' id='word_1_287' title='bbox 1193 3657 1208 3712; x_wconf 84' lang='grc'><strong>7</strong></span> <span class='ocrx_word' id='word_1_288' title='bbox 1225 3647 1395 3710; x_wconf 84' lang='lat' dir='ltr'><strong>immobiles</strong></span> 
     </span>
     <span class='ocr_line' id='line_1_36' title="bbox 250 3669 1395 3816; baseline -0.002 -22"><span class='ocrx_word' id='word_1_289' title='bbox 250 3731 315 3794; x_wconf 83' lang='lat' dir='ltr'><strong>AB²</strong></span> <span class='ocrx_word' id='word_1_290' title='bbox 330 3729 343 3815; x_wconf 95' lang='grc' dir='ltr'>Η</span> <span class='ocrx_word' id='word_1_291' title='bbox 358 3754 500 3812; x_wconf 79' lang='lat' dir='ltr'><strong>pmenere</strong></span> <span class='ocrx_word' id='word_1_292' title='bbox 519 3669 643 3816; x_wconf 56' lang='grc' dir='ltr'><strong>ΒΛἸΗΘ</strong></span> <span class='ocrx_word' id='word_1_293' title='bbox 665 3737 746 3808; x_wconf 73' lang='lat' dir='ltr'><strong>Verp.</strong></span> <span class='ocrx_word' id='word_1_294' title='bbox 768 3752 864 3810; x_wconf 71' lang='lat' dir='ltr'><strong>peory.</strong></span> <span class='ocrx_word' id='word_1_295' title='bbox 885 3738 904 3794; x_wconf 88' lang='lat'><em>1</em></span> <span class='ocrx_word' id='word_1_296' title='bbox 917 3743 974 3794; x_wconf 71' lang='lat'><strong>:165</strong></span> <span class='ocrx_word' id='word_1_297' title='bbox 984 3754 1046 3809; x_wconf 81' lang='lat' dir='ltr'><strong>sqq.</strong></span> <span class='ocrx_word' id='word_1_298' title='bbox 1063 3729 1076 3815; x_wconf 96' lang='grc' dir='ltr'>Η</span> <span class='ocrx_word' id='word_1_299' title='bbox 1090 3733 1294 3812; x_wconf 63' lang='lat' dir='ltr'><strong>(impediente</strong></span> <span class='ocrx_word' id='word_1_300' title='bbox 1308 3737 1332 3790; x_wconf 94' lang='lat' dir='ltr'><em>A</em></span> <span class='ocrx_word' id='word_1_301' title='bbox 1347 3735 1395 3792; x_wconf 87' lang='lat' dir='ltr'><strong>in·</strong></span> 
     </span>
     <span class='ocr_line' id='line_1_37' title="bbox 247 3815 1398 3900; baseline -0.003 -21"><span class='ocrx_word' id='word_1_302' title='bbox 247 3818 383 3900; x_wconf 87' lang='lat' dir='ltr'><strong>pellente</strong></span> <span class='ocrx_word' id='word_1_303' title='bbox 402 3815 443 3876; x_wconf 90' lang='lat' dir='ltr'><strong>B²</strong></span> <span class='ocrx_word' id='word_1_304' title='bbox 465 3819 656 3898; x_wconf 81' lang='lat' dir='ltr'><strong>‘impellente</strong></span> <span class='ocrx_word' id='word_1_305' title='bbox 674 3822 816 3877; x_wconf 75' lang='lat' dir='ltr'><strong>Perrhae.</strong></span> <span class='ocrx_word' id='word_1_306' title='bbox 833 3825 920 3878; x_wconf 78' lang='lat' dir='ltr'><strong>eled.</strong></span> <span class='ocrx_word' id='word_1_307' title='bbox 936 3823 1051 3878; x_wconf 78' lang='lat' dir='ltr'><strong>Mediot.</strong></span> <span class='ocrx_word' id='word_1_308' title='bbox 1071 3837 1147 3878; x_wconf 70' lang='lat' dir='ltr'><strong>renus</strong></span> <span class='ocrx_word' id='word_1_309' title='bbox 1160 3821 1256 3876; x_wconf 76' lang='lat' dir='ltr'><strong>Medd.</strong></span> <span class='ocrx_word' id='word_1_310' title='bbox 1276 3822 1398 3876; x_wconf 82' lang='lat' dir='ltr'><strong>notabili</strong></span> 
     </span>
     <span class='ocr_line' id='line_1_38' title="bbox 248 3897 1396 3985; baseline -0.003 -21"><span class='ocrx_word' id='word_1_311' title='bbox 248 3909 444 3977; x_wconf 78' lang='lat' dir='ltr'><strong>aberratione,</strong></span> <span class='ocrx_word' id='word_1_312' title='bbox 460 3907 611 3962; x_wconf 85' lang='lat' dir='ltr'><strong>dummodo</strong></span> <span class='ocrx_word' id='word_1_313' title='bbox 629 3909 756 3964; x_wconf 80' lang='lat' dir='ltr'><strong>codicum</strong></span> <span class='ocrx_word' id='word_1_314' title='bbox 773 3909 931 3963; x_wconf 79' lang='lat' dir='ltr'><strong>auctoritas</strong></span> <span class='ocrx_word' id='word_1_315' title='bbox 949 3909 1045 3980; x_wconf 77' lang='lat' dir='ltr'><strong>aliquo</strong></span> <span class='ocrx_word' id='word_1_316' title='bbox 1059 3905 1151 3962; x_wconf 82' lang='lat' dir='ltr'><strong>esset&#39;</strong></span> <span class='ocrx_word' id='word_1_317' title='bbox 1169 3905 1301 3978; x_wconf 75' lang='lat' dir='ltr'><strong>Heyuius</strong></span> <span class='ocrx_word' id='word_1_318' title='bbox 1322 3897 1335 3985; x_wconf 97' lang='grc' dir='ltr'>Η</span> <span class='ocrx_word' id='word_1_319' title='bbox 1363 3915 1396 3966; x_wconf 88' lang='grc' dir='ltr'><strong>ιο</strong></span> 
     </span>
     <span class='ocr_line' id='line_1_39' title="bbox 248 3983 1393 4070; baseline -0.002 -22"><span class='ocrx_word' id='word_1_320' title='bbox 248 3989 424 4070; x_wconf 83' lang='lat' dir='ltr'><strong>praecipitis</strong></span> <span class='ocrx_word' id='word_1_321' title='bbox 436 3985 502 4047; x_wconf 80' lang='lat' dir='ltr'><strong>BA²</strong></span> <span class='ocrx_word' id='word_1_322' title='bbox 517 3983 529 4069; x_wconf 97' lang='grc' dir='ltr'>Η</span> <span class='ocrx_word' id='word_1_323' title='bbox 545 3997 652 4047; x_wconf 83' lang='lat' dir='ltr'><strong>noctes</strong></span> <span class='ocrx_word' id='word_1_324' title='bbox 664 3985 701 4046; x_wconf 78' lang='lat' dir='ltr'><strong>A²</strong></span> <span class='ocrx_word' id='word_1_325' title='bbox 717 3984 730 4070; x_wconf 95' lang='grc' dir='ltr'>Η</span> <span class='ocrx_word' id='word_1_326' title='bbox 746 3988 879 4047; x_wconf 86' lang='lat' dir='ltr'><strong>umbram</strong></span> <span class='ocrx_word' id='word_1_327' title='bbox 889 3991 991 4048; x_wconf 82' lang='lat' dir='ltr'><strong>Medic.</strong></span> <span class='ocrx_word' id='word_1_328' title='bbox 1000 3993 1146 4063; x_wconf 68' lang='lat' dir='ltr'><strong>Plerisque</strong></span> <span class='ocrx_word' id='word_1_329' title='bbox 1157 3991 1238 4048; x_wconf 82' lang='lat' dir='ltr'><strong>Rom.</strong></span> <span class='ocrx_word' id='word_1_330' title='bbox 1251 3998 1278 4045; x_wconf 81' lang='lat' dir='ltr'><strong>et</strong></span> <span class='ocrx_word' id='word_1_331' title='bbox 1288 3991 1362 4053; x_wconf 76' lang='lat' dir='ltr'><strong>Med.</strong></span> <span class='ocrx_word' id='word_1_332' title='bbox 1380 3985 1393 4070; x_wconf 92' lang='grc' dir='ltr'>Η</span> 
     </span>
     <span class='ocr_line' id='line_1_40' title="bbox 250 4065 1395 4155; baseline 0 -23"><span class='ocrx_word' id='word_1_333' title='bbox 250 4086 277 4137; x_wconf 84' lang='lat' dir='ltr'><strong>lt</strong></span> <span class='ocrx_word' id='word_1_334' title='bbox 294 4073 443 4132; x_wconf 85' lang='lat' dir='ltr'><strong>nlbiseere</strong></span> <span class='ocrx_word' id='word_1_335' title='bbox 460 4070 524 4131; x_wconf 85' lang='lat' dir='ltr'><strong>AB¹</strong></span> <span class='ocrx_word' id='word_1_336' title='bbox 541 4069 554 4155; x_wconf 95' lang='grc' dir='ltr'>Η</span> <span class='ocrx_word' id='word_1_337' title='bbox 570 4081 684 4132; x_wconf 76' lang='lat' dir='ltr'><strong>tructos</strong></span> <span class='ocrx_word' id='word_1_338' title='bbox 699 4071 736 4131; x_wconf 87' lang='grc' dir='ltr'><strong>Β1</strong></span> <span class='ocrx_word' id='word_1_339' title='bbox 749 4065 897 4132; x_wconf 62' lang='lat' dir='ltr'><strong>tra&#39;etatos</strong></span> <span class='ocrx_word' id='word_1_340' title='bbox 917 4077 941 4132; x_wconf 87' lang='lat' dir='ltr'><em>A</em></span> <span class='ocrx_word' id='word_1_341' title='bbox 955 4070 968 4154; x_wconf 97' lang='grc' dir='ltr'>Η</span> <span class='ocrx_word' id='word_1_342' title='bbox 987 4077 1280 4138; x_wconf 72' lang='grc' dir='ltr'><strong>12ΒιιεοηοεΡὴανε.</strong></span> <span class='ocrx_word' id='word_1_343' title='bbox 1298 4076 1322 4130; x_wconf 86' lang='lat' dir='ltr'><em>V</em></span> <span class='ocrx_word' id='word_1_344' title='bbox 1334 4081 1395 4132; x_wconf 75' lang='lat'><strong>501</strong></span> 
     </span>
     <span class='ocr_line' id='line_1_41' title="bbox 247 4153 1397 4240; baseline 0.001 -23"><span class='ocrx_word' id='word_1_345' title='bbox 247 4177 309 4234; x_wconf 82' lang='lat' dir='ltr'><strong>sqq.</strong></span> <span class='ocrx_word' id='word_1_346' title='bbox 330 4154 342 4240; x_wconf 96' lang='grc' dir='ltr'>Η</span> <span class='ocrx_word' id='word_1_347' title='bbox 365 4169 398 4222; x_wconf 79' lang='grc'><strong>13</strong></span> <span class='ocrx_word' id='word_1_348' title='bbox 411 4158 506 4218; x_wconf 86' lang='lat' dir='ltr'><strong>letum</strong></span> <span class='ocrx_word' id='word_1_349' title='bbox 525 4155 588 4216; x_wconf 77' lang='grc' dir='ltr'><strong>ΒΑ2</strong></span> <span class='ocrx_word' id='word_1_350' title='bbox 609 4153 622 4236; x_wconf 92' lang='grc' dir='ltr'>Η</span> <span class='ocrx_word' id='word_1_351' title='bbox 644 4169 674 4220; x_wconf 81' lang='lat' dir='ltr'><strong>lt</strong></span> <span class='ocrx_word' id='word_1_352' title='bbox 695 4177 766 4218; x_wconf 83' lang='lat' dir='ltr'><strong>nere</strong></span> <span class='ocrx_word' id='word_1_353' title='bbox 786 4164 926 4218; x_wconf 83' lang='lat' dir='ltr'><strong>Auerem</strong></span> <span class='ocrx_word' id='word_1_354' title='bbox 942 4163 969 4217; x_wconf 90' lang='grc' dir='ltr'><em>Β</em></span> <span class='ocrx_word' id='word_1_355' title='bbox 997 4154 1003 4240; x_wconf 75' lang='lat' dir='ltr'><strong>l</strong></span> <span class='ocrx_word' id='word_1_356' title='bbox 1025 4160 1164 4237; x_wconf 87' lang='lat' dir='ltr'><strong>disperso</strong></span> <span class='ocrx_word' id='word_1_357' title='bbox 1183 4153 1248 4217; x_wconf 72' lang='lat' dir='ltr'><strong>BA</strong></span> <span class='ocrx_word' id='word_1_358' title='bbox 1271 4157 1397 4218; x_wconf 84' lang='lat' dir='ltr'><strong>diuerso</strong></span> 
     </span>
     <span class='ocr_line' id='line_1_42' title="bbox 248 4239 1397 4326; baseline -0.001 -25"><span class='ocrx_word' id='word_1_359' title='bbox 248 4241 282 4301; x_wconf 91' lang='lat' dir='ltr'><strong>A¹</strong></span> <span class='ocrx_word' id='word_1_360' title='bbox 300 4240 313 4323; x_wconf 96' lang='grc' dir='ltr'>Η</span> <span class='ocrx_word' id='word_1_361' title='bbox 330 4243 450 4304; x_wconf 80' lang='lat' dir='ltr'><strong>trabere</strong></span> <span class='ocrx_word' id='word_1_362' title='bbox 463 4247 515 4301; x_wconf 86' lang='lat' dir='ltr'><strong>AB</strong></span> <span class='ocrx_word' id='word_1_363' title='bbox 531 4239 544 4325; x_wconf 97' lang='grc' dir='ltr'>Η</span> <span class='ocrx_word' id='word_1_364' title='bbox 559 4245 607 4302; x_wconf 79' lang='lat' dir='ltr'><strong>eol</strong></span> <span class='ocrx_word' id='word_1_365' title='bbox 629 4243 789 4302; x_wconf 78' lang='lat' dir='ltr'><strong>considera</strong></span> <span class='ocrx_word' id='word_1_366' title='bbox 803 4241 841 4301; x_wconf 49' lang='grc' dir='ltr'><strong>ΑΒ</strong></span> <span class='ocrx_word' id='word_1_367' title='bbox 857 4239 870 4326; x_wconf 97' lang='grc' dir='ltr'>Η</span> <span class='ocrx_word' id='word_1_368' title='bbox 889 4255 918 4308; x_wconf 82' lang='grc'><strong>15</strong></span> <span class='ocrx_word' id='word_1_369' title='bbox 932 4246 985 4306; x_wconf 83' lang='lat' dir='ltr'><strong>eod</strong></span> <span class='ocrx_word' id='word_1_370' title='bbox 1018 4244 1044 4302; x_wconf 72' lang='lat' dir='ltr'><strong>d</strong></span> <span class='ocrx_word' id='word_1_371' title='bbox 1062 4248 1114 4302; x_wconf 92' lang='lat' dir='ltr'><strong>AB</strong></span> <span class='ocrx_word' id='word_1_372' title='bbox 1129 4239 1142 4324; x_wconf 95' lang='grc' dir='ltr'>Η</span> <span class='ocrx_word' id='word_1_373' title='bbox 1158 4242 1259 4303; x_wconf 78' lang='lat' dir='ltr'><strong>numos</strong></span> <span class='ocrx_word' id='word_1_374' title='bbox 1278 4241 1311 4300; x_wconf 75' lang='grc' dir='ltr'><strong>Α1</strong></span> <span class='ocrx_word' id='word_1_375' title='bbox 1329 4239 1342 4326; x_wconf 96' lang='grc' dir='ltr'>Η</span> <span class='ocrx_word' id='word_1_376' title='bbox 1363 4255 1397 4308; x_wconf 82' lang='grc'><strong>16</strong></span> 
     </span>
     <span class='ocr_line' id='line_1_43' title="bbox 247 4323 1394 4413; baseline 0.002 -27"><span class='ocrx_word' id='word_1_377' title='bbox 247 4328 309 4406; x_wconf 88' lang='lat' dir='ltr'><strong>poli</strong></span> <span class='ocrx_word' id='word_1_378' title='bbox 325 4331 350 4384; x_wconf 81' lang='grc' dir='ltr'><em>Β</em></span> <span class='ocrx_word' id='word_1_379' title='bbox 363 4323 377 4409; x_wconf 95' lang='grc' dir='ltr'>Η</span> <span class='ocrx_word' id='word_1_380' title='bbox 394 4337 424 4390; x_wconf 83' lang='lat'><strong>17</strong></span> <span class='ocrx_word' id='word_1_381' title='bbox 438 4329 508 4386; x_wconf 90' lang='lat' dir='ltr'><strong>bine</strong></span> <span class='ocrx_word' id='word_1_382' title='bbox 520 4332 545 4386; x_wconf 90' lang='lat' dir='ltr'><em>A</em></span> <span class='ocrx_word' id='word_1_383' title='bbox 556 4329 606 4388; x_wconf 89' lang='lat' dir='ltr'><strong>hie</strong></span> <span class='ocrx_word' id='word_1_384' title='bbox 624 4331 649 4387; x_wconf 88' lang='grc' dir='ltr'><em>Β</em></span> <span class='ocrx_word' id='word_1_385' title='bbox 663 4323 677 4410; x_wconf 95' lang='grc' dir='ltr'>Η</span> <span class='ocrx_word' id='word_1_386' title='bbox 692 4329 872 4388; x_wconf 81' lang='lat' dir='ltr'><strong>uolumterie</strong></span> <span class='ocrx_word' id='word_1_387' title='bbox 887 4334 911 4388; x_wconf 86' lang='lat' dir='ltr'><em>A</em></span> <span class='ocrx_word' id='word_1_388' title='bbox 925 4326 939 4412; x_wconf 95' lang='grc' dir='ltr'>Η</span> <span class='ocrx_word' id='word_1_389' title='bbox 957 4341 988 4392; x_wconf 84' lang='grc'><strong>18</strong></span> <span class='ocrx_word' id='word_1_390' title='bbox 1003 4349 1096 4390; x_wconf 75' lang='lat' dir='ltr'><strong>curae</strong></span> <span class='ocrx_word' id='word_1_391' title='bbox 1110 4335 1207 4406; x_wconf 76' lang='lat' dir='ltr'><strong>errtpo:</strong></span> <span class='ocrx_word' id='word_1_392' title='bbox 1224 4347 1297 4388; x_wconf 86' lang='lat' dir='ltr'><strong>curn</strong></span> <span class='ocrx_word' id='word_1_393' title='bbox 1308 4333 1361 4388; x_wconf 82' lang='lat' dir='ltr'><strong>AB</strong></span> <span class='ocrx_word' id='word_1_394' title='bbox 1380 4326 1394 4413; x_wconf 95' lang='grc' dir='ltr'>Η</span> 
     </span>
     <span class='ocr_line' id='line_1_44' title="bbox 249 4409 985 4498; baseline 0.005 -29"><span class='ocrx_word' id='word_1_395' title='bbox 249 4421 281 4479; x_wconf 86' lang='lat'><strong>19</strong></span> <span class='ocrx_word' id='word_1_396' title='bbox 297 4413 339 4470; x_wconf 86' lang='lat' dir='ltr'><strong>its</strong></span> <span class='ocrx_word' id='word_1_397' title='bbox 357 4416 382 4469; x_wconf 86' lang='lat' dir='ltr'><em>B</em></span> <span class='ocrx_word' id='word_1_398' title='bbox 403 4409 417 4498; x_wconf 94' lang='grc' dir='ltr'>Η</span> <span class='ocrx_word' id='word_1_399' title='bbox 438 4413 582 4474; x_wconf 75' lang='lat' dir='ltr'><strong>adserunt</strong></span> <span class='ocrx_word' id='word_1_400' title='bbox 601 4418 627 4472; x_wconf 91' lang='lat' dir='ltr'><em>B</em></span> <span class='ocrx_word' id='word_1_401' title='bbox 646 4412 659 4496; x_wconf 93' lang='grc' dir='ltr'>Η</span> <span class='ocrx_word' id='word_1_402' title='bbox 680 4423 877 4475; x_wconf 76' lang='lat' dir='ltr'><strong>memoratum</strong></span> <span class='ocrx_word' id='word_1_403' title='bbox 893 4425 940 4478; x_wconf 83' lang='lat' dir='ltr'><strong>est</strong></span> <span class='ocrx_word' id='word_1_404' title='bbox 961 4419 985 4473; x_wconf 89' lang='lat' dir='ltr'><em>A</em></span> 
     </span>
    </p>
   </div>
   <div class='ocr_carea' id='block_1_8' title="bbox 0 0 1542 5064">
    <p class='ocr_par' dir='ltr' id='par_1_11' title="bbox 0 0 1542 5064">
     <span class='ocr_line' id='line_1_45' title="bbox 0 0 1542 5064; baseline 0 0"><span class='ocrx_word' id='word_1_405' title='bbox 0 0 1542 5064; x_wconf 95' lang='lat' dir='ltr'><strong> </strong></span> 
     </span>
    </p>
   </div>
  </div>
 </body>
</html>
