3162 5058
618 416 660 456 DS
684 415 785 456 Ruuvs
809 415 918 456 vnclis

487 667 568 751 DE
598 664 1042 748 REBVSlleRIIS

276 831 452 896 Suetonius
475 831 686 920 Tranquillus
710 831 751 895 de
773 831 881 917 {rebus
906 831 1009 896 uariis
1038 831 1417 917 ‘praepositiones’205

189 935 299 1022 iuquit
333 939 462 998 ‘omnes
493 934 624 998 omnino
658 940 734 996 sunt
761 931 888 998 Graece
919 931 1147 1018 duodeuiginti
1183 930 1251 1020 [qui
1277 955 1335 997 nu·

189 1056 299 1099 merus
321 1035 406 1099 inter
428 1056 540 1099 omnes
563 1035 695 1100 criticos
725 1035 956 1120 grammaticos
983 1035 1130 1122 profecto
1158 1033 1335 1122 conuenit]‚

190 1145 322 1200 nostres
344 1157 424 1201 uero
446 1158 519 1200 esse
542 1136 619 1200 hos:
649 1135 691 1200 ab
714 1135 757 1200 ad
779 1144 910 1223 praeter
932 1158 991 1222 pro
1013 1156 1093 1222 pree
1112 1156 1214 1224 prope
1236 1136 1271 1200 in
1293 1159 1335 1202 ex

168 1237 253 1302 ssub
274 1259 372 1323 super
395 1238 537 1302 subter.'
578 1280 580 1292 ·
919 1255 922 1263 “

281 1405 457 1470 Suetonius
488 1404 700 1492 Tranquillus
733 1407 960 1493 praeuerbium
991 1414 1085 1494 putet
1117 1406 1182 1472 dici
1214 1407 1431 1480 debere206¹

164 1506 281 1594 quod
309 1515 384 1571 onte
412 1507 547 1571 uerbum
555 1556 564 1590 ,
594 1509 787 1573 eduerhium
816 1509 901 1596 quod
930 1519 1004 1596 post
1030 1509 1167 1574 uerbum
1191 1508 1334 1603 appelle·

189 1609 314 1672 tionem
336 1609 435 1672 etiam
456 1632 639 1696 nomenque
661 1619 813 1697 ponetur.

588 1747 604 1785 s
927 1745 1079 1790 s„

757 1793 773 1831 ar

209 1976 214 1986 .
279 1929 401 1995 Inchoo
424 1930 587 1997 inchoaui.
634 1933 682 1996 sic
709 1931 883 1996 dicendum
906 1941 1000 2018 putat
1026 1931 1131 1997 lulius
1153 1932 1331 2015 Modestus,
1341 1933 1414 2004 '207

193 2119 343 2170 locutum
361 2115 498 2184 (locutum
515 2121 616 2171 addidit
635 2119 664 2172 0.
682 2120 799 2186 labitur)
818 2121 969 2184 'suillum
992 2121 1218 2188 reprehendit
1236 2123 1333 2174 sillo-

194 2188 346 2254 grephos
370 2189 528 2239 imitatus
551 2191 743 2256 scriptores
768 2190 971 2252 maledicos,
1004 2191 1135 2241 iudicio
1159 2191 1333 2242 doctorum

196 2257 324 2306 curium
342 2257 527 2306 incusetur
545 2261 581 2306 ut
604 2257 765 2307 immania
789 2259 990 2308 frementem
1008 2257 1139 2308 leonem
1163 2259 1333 2324 putidulis

194 2324 339 2374 uocibus
357 2341 465 2375 cauus
485 2323 620 2374 catulus
639 2323 775 2391 longius
794 2323 1082 2376 circumlustrans)
1112 2323 1225 2376 Surdas:
1244 2326 1333 2376 Alov-

193 2407 244 2474 μσς
267 2385 400 2459 Διδύμου
423 2384 620 2457 ταριχοπώλου
640 2383 841 2459 Ἅριστοὶρχειος
866 2383 1075 2458 Ἀλεξανδρεύς,
1105 2387 1257 2460 γεγονώς
1281 2383 1334 2445 ἐπ’

193 2457 372 2511 Αντωνίου
389 2455 449 2510 καὶ
467 2454 668 2525 Κικέρωνος
685 2458 735 2512 καὶ
755 2451 979 2528 icocAv'yodotoo
998 2479 1021 2511 e.
1041 2478 1066 2526 q.
1086 2477 1107 2511 s.

277 2525 328 2580 205
353 2527 494 2578 Charisius
512 2545 538 2594 p.
557 2527 621 2580 ⁶236:
651 2527 751 2580 ‘Gaius
770 2528 857 2580 Iulius
875 2531 1014 2580 Romanus
1032 2531 1065 2580 de
1083 2530 1334 2595 praepositionibus

193 2597 262 2646 libro
280 2585 419 2661 ἐφορμῶν
437 2598 478 2645 its
497 2597 590 2646 refert.
625 2597 858 2648 Suetonius
877 2599 1003 2650 subter.
1031 2599 1252 2665 praepositiones
1269 2599 1335 2662 quia

194 2669 399 2730 praeponuntur
410 2664 508 2713 merito
526 2670 681 2714 censentur.
719 2681 782 2716 nem
795 2672 823 2715 ct
840 2665 908 2716 illud
926 2666 1053 2716 Sallustii
1070 2665 1245 2716 historiarum
1263 2663 1333 2714 libro

195 2733 223 2782 1:
248 2732 323 2792 Quos
341 2731 413 2780 iuter
430 2733 562 2793 maxime,
581 2734 752 2798 praepositio
771 2737 827 2798 est,
855 2734 919 2798 quie
936 2749 987 2799 per
1005 2734 1199 2798 anastrophem
1218 2733 1334 2782 dicimus

194 2815 275 2864 posse
295 2799 427 2848 conuerti.
463 2801 681 2866 praepositiones
699 2807 747 2864 aut
766 2802 877 2852 essibus
890 2803 1014 2852 seruiunt
1033 2807 1080 2852 aut
1097 2800 1225 2865 loquellis
1240 2805 1288 2850 eut
1306 2805 1334 2850 et

196 2867 307 2918 casibus
326 2872 354 2916 et
371 2865 521 2931 loquellis.'
557 2867 589 2917 In
613 2869 654 2918 eis
678 2883 749 2934 ques
767 2875 897 2919 secuntur
914 2866 1001 2919 verbs'
1019 2869 1253 2936 ‘praepositiones
1270 2872 1334 2918 eunt

195 2935 262 2986 hee:
300 2933 349 2984 ebs
368 2950 403 3000 sp
423 2951 457 2984 eu
474 2936 587 2986 circiter
607 2951 691 3000 supro
712 2934 813 3002 usque'
837 2937 1005 3002 interpolate
1028 2942 1104 2999 suut,
1129 2938 1227 3002 quibos
1244 2952 1334 2986 rerum
1368 2935 1370 2940 ’

194 3005 260 3054 ordo
278 3002 373 3052 mirum
391 3004 420 3052 in
438 3002 544 3053 modum
562 3004 700 3053 turbetur:
734 3020 787 3054 nec
805 3005 926 3054 debebat
942 3005 1050 3056 Keilius
1067 3006 1176 3055 omissis
1193 3005 1334 3071 praeposi·

194 3071 316 3123 tionibus
335 3070 468 3120 addendis
487 3071 656 3136 interpolate
673 3073 772 3122 iterum
791 3073 968 3139 interpolare.

278 3135 330 3192 206
355 3137 498 3188 Charisius
516 3155 542 3204 p.
564 3137 624 3188 190:
655 3139 756 3190 ‘Gaius
774 3140 861 3190 Iullus
878 3141 1019 3191 Romonus
1031 3141 1072 3189 ite
1085 3139 1172 3190 refert
1189 3140 1222 3189 de
1236 3139 1332 3188 aduer-

195 3209 240 3259 bio
258 3195 309 3258 iub
328 3205 408 3256 titulo
426 3195 586 3272 ἐφορμῶν)
621 3223 648 3272 p.
669 3207 729 3258 194:
751 3208 788 3258 ‘et
805 3209 880 3274 prius
898 3208 964 3258 illud
982 3208 1174 3272 praeuerbium
1188 3223 1223 3256 en
1236 3207 1332 3256 eduer·

195 3277 269 3326 bium
288 3275 344 3325 dici
369 3274 470 3324 debent
493 3273 669 3339 disputemus.
712 3275 896 3326 Suetonius
921 3277 1022 3325 etenim
1044 3274 1271 3338 Tranquillus

195 3349 351 3409 ponetur.
388 3341 437 3390 sed
454 3345 484 3390 ut
502 3341 627 3393 facilitas
643 3344 801 3408 legentibus
820 3343 893 3393 ndsit
909 3359 964 3392 non
981 3343 1128 3407 requisita,
1147 3341 1261 3407 placeat
1278 3357 1333 3390 non

195 3427 245 3476 per
263 3423 375 3476 sapores
394 3408 588 3473 specimenque
606 3413 694 3476 pertis
713 3412 793 3461 istius
811 3415 840 3460 et
858 3415 1018 3460 enumerate
1036 3410 1158 3459 membra
1171 3409 1274 3474 regulis
1293 3409 1332 3457 ol·

195 3481 284 3545 ligate
303 3477 352 3528 sed
370 3477 409 3526 ire
428 3491 477 3541 per
495 3475 605 3528 littores
623 3479 748 3536 maxime,
769 3495 829 3528 cum
848 3479 1007 3528 ednerbium
1020 3477 1107 3526 Stoici
1125 3481 1156 3526 ut
1174 3477 1245 3526 olias
1263 3476 1332 3525 diri-

195 3563 255 3597 mus
275 3545 430 3610 pandecten
448 3549 556 3594 nocent
593 3561 656 3595 nam
674 3547 767 3596 omnio
784 3547 813 3596 in
831 3561 860 3596 se
879 3546 956 3610 capit
973 3546 1051 3610 quusi
1070 3542 1174 3594 colleta
1192 3559 1240 3608 per
1258 3549 1332 3592 sutu-

196 3631 252 3666 rem
271 3627 404 3664 concesso
422 3613 476 3662 sibi
494 3627 583 3662 rerum
601 3615 681 3664 uarie
699 3611 857 3679 potestate!
893 3615 925 3675 Q.
943 3613 1089 3662 Terentius
1101 3611 1220 3661 Scaurus
1239 3611 1272 3660 de
1290 3627 1332 3661 or-

195 3682 361 3747 thographia
374 3697 400 3745 p.
413 3679 481 3730 2262
491 3680 526 3730 P:
542 3681 573 3729 ‘V
576 3697 637 3732 erro
651 3682 784 3732 educrbia
795 3681 897 3732 locetis
910 3695 980 3746 quse
991 3678 1040 3730 elii
1051 3679 1218 3744 praeuerbie
1230 3683 1333 3728 uocant

196 3759 325 3816 quattuor
349 3764 409 3800 esse
433 3748 514 3800 dicit:
539 3764 572 3798 ex
597 3750 624 3798 in
648 3749 683 3799 cd
706 3747 762 3800 eb.’
780 3776 814 3785 —
848 3749 950 3798 Fronto
974 3748 1007 3798 de
1030 3747 1087 3796 diff.
1106 3747 1204 3797 vocab.
1223 3764 1248 3812 p.
1267 3745 1332 3796 354:

196 3819 400 3870 'Preeuorbium
419 3824 447 3867 et
465 3817 634 3867 aduerbium.
670 3817 862 3883 procuerbium
882 3821 925 3866 est
944 3815 1106 3881 euphemon,
1126 3813 1286 3864 eduerhium
1305 3819 1334 3864 et

195 3887 324 3936 uitiosum
344 3890 371 3935 et
389 3885 481 3934 fictum
501 3889 556 3946 cst,
582 3887 722 3934 tamenin
739 3900 816 3934 usum
835 3899 907 3934 nnnc
926 3889 969 3934 est
986 3880 1146 3949 receptum.'
1253 3905 1258 3910 ·

279 3949 329 4005 tbi
349 3953 497 4003 Diomedes
520 3969 545 4018 p.
571 3952 633 4004 365:
669 3951 826 4004 ‘Inchoo’
846 3967 869 4002 e.
889 3968 914 4016 q.
934 3967 957 4003 s.
975 3977 1009 3986 -
1026 3952 1114 4000 Varro
1131 3951 1164 4000 1..
1188 3949 1220 3999 L.
1238 3949 1263 3998 V
1288 3947 1331 3998 ill:

197 4022 324 4072 ‘Omnino
348 4037 399 4085 ego
422 4020 511 4085 magis
533 4025 600 4086 puto
619 4036 636 4070 a
654 4020 724 4071 chao
744 4021 856 4084 choum,
874 4020 939 4070 hinc
960 4035 1058 4070 cenum
1076 4024 1105 4068 et
1121 4017 1185 4068 hinc
1204 4015 1330 4068 ceolum!

281 4185 297 4237 2
312 4177 364 4257 qui
379 4175 573 4233 ——conuenit
591 4177 715 4234 Romani
729 4179 953 4234 additamentum
964 4181 1007 4233 est
1020 4168 1034 4254 ΙΙ
1049 4181 1067 4234 4
1081 4191 1156 4251 pree
1167 4171 1199 4230 in
1214 4191 1250 4230 ex
1265 4169 1330 4248 (om.

196 4261 305 4342 prope)
322 4263 531 4334 Neapolitanus
546 4279 618 4338 pree
635 4281 716 4339 prop.
733 4281 802 4320 mee
815 4263 1009 4335 srapmentom
1025 4262 1131 4316 codicis
1145 4259 1274 4315 Porisr'm‘
1287 4250 1300 4336 ΙΙ
1315 4263 1330 4318 7

197 4355 267 4406 ante
287 4345 412 4406 uerbum
431 4349 550 4419 scripsi:
575 4353 645 4404 ante
664 4345 715 4404 uel
728 4349 795 4405 libri
808 4341 1000 4428 [l'eppelletio
1015 4347 1168 4401 Fabricius
1182 4335 1196 4424 ΙΙ
1210 4351 1227 4405 9
1242 4339 1331 4400 incho

197 4431 338 4490 inchoeni
358 4434 385 4488 A
404 4434 456 4506 (cs.
471 4451 539 4505 pap.
562 4433 708 4506 deduci.)

234 4547 353 4582 surrosr
372 4547 435 4581 err..
981 4567 987 4580 .
1103 4525 1144 4588 23
