3162 5058
257 407 320 470 320
545 423 739 464 carsaoavu
763 423 929 464 ursaoavu
952 425 1127 474 scurevraa

257 568 409 653 regnauit
438 589 541 632 annos
569 565 770 632 XXXVIII.
820 568 873 634 hic
901 589 973 634 cum
1003 569 1222 634 fundamenta·
1245 569 1402 656 capitolii
1480 631 1486 640 ,

256 678 391 734 caueret
412 669 539 734 inuenit
561 679 659 755 caput
684 670 860 734 humanum
885 671 1002 736 litteris
1025 669 1142 735 Tuscis
1164 673 1320 757 scriptum
1343 685 1401 734 ca·

257 787 333 836 Pvu.
358 786 447 834 obla.
471 785 592 853 naute,
615 770 702 836 uude
724 771 886 858 hodieque
907 771 1104 859 Capitolium
1124 771 1318 861 appellatur.
1347 771 1400 836 hic

256 873 346 961 prior
367 871 524 936 Romanis
550 870 616 936 duo
642 874 737 958 paria
763 872 981 958 gladiatorum
1010 873 1129 958 edidit,
1161 895 1244 960 quac
1272 895 1399 959 compa-

256 977 342 1040 rauit
357 995 415 1062 per
430 995 533 1041 annos
552 973 700 1038 XXVII.
731 989 875 1038 auevtvs
893 991 1042 1040 ut'uutva
1061 995 1158 1040 serua
1175 985 1271 1039 natus
1285 995 1421 1058 regna-s

256 1078 306 1142 uit
320 1098 398 1142 ann.
413 1075 558 1139 XLIIII.
591 1074 644 1141 hio
661 1085 773 1140 uotum
792 1076 871 1141 lecit
888 1087 925 1140 ut
940 1085 1097 1165 quotquot
1111 1077 1215 1142 annos
1229 1084 1401 1162 regnasset

256 1189 304 1244 tot
325 1180 410 1243 ostia
434 1177 477 1242 ad
499 1177 698 1242 frumentum
720 1177 887 1263 publicum
913 1180 1136 1244 constitueret.
1185 1193 1397 1254 'rauQvlutva

257 1295 432 1345 sveuuuvs
451 1280 604 1366 regnauit
625 1301 702 1344 ann.
725 1277 835 1343 XXV.
872 1281 932 1345 hic*
946 1281 1035 1366 prior
1056 1280 1242 1346 hominibus
1263 1279 1398 1344 adiuue-

257 1383 306 1446 nit
320 1382 496 1448 lautumias
507 1389 680 1446 tormenta
695 1381 798 1446 fustes
820 1381 953 1446 metalla
966 1381 1099 1466 flagella
1117 1405 1266 1448 carceres
1286 1381 1397 1446 exilia.

256 1485 326 1570 ipse
341 1484 431 1570 prior
446 1481 581 1546 exilium
604 1485 731 1548 meruit.
752 1485 839 1547 iuter
854 1481 935 1547 duos
953 1493 1068 1570 pontes
1081 1506 1101 1547 a
1115 1485 1236 1572 populo
1253 1483 1399 1546 Romano
1409 1501 1434 1544 ιι

256 1586 344 1650 fuste
364 1593 522 1649 mactatus
536 1583 613 1668 (est)
626 1592 659 1648 et
673 1587 800 1670 positus
819 1585 854 1648 in
869 1586 956 1652 circo
975 1589 1118 1652 maximo
1135 1585 1196 1650 sub
1215 1583 1398 1672 delphinos.

256 1760 334 1809 ouius
353 1757 477 1823 germani
495 1756 597 1806 seruuli
615 1757 674 1806 uita
692 1757 777 1808 tuerit
793 1756 929 1822 spoliatus
947 1763 976 1808 et
992 1757 1104 1821 lumine,
1123 1757 1187 1824 quid
1205 1757 1238 1808 da
1250 1759 1308 1808 suis
1327 1773 1399 1808 oom-

256 1828 385 1878 meruarit
402 1826 523 1886 ciuibus,
546 1829 577 1874 ut
601 1825 626 1874 ei
649 1827 686 1874 sit
705 1824 845 1890 abnegata
863 1825 970 1876 telluris
989 1831 1120 1892 paternae
1139 1825 1300 1892 sepultura)
1335 1827 1398 1876 Scr-

255 1897 316 1946 vius
334 1897 403 1946 Aen.
422 1895 490 1943 VIII
509 1892 570 1943 345:
596 1892 724 1954 ‘Quidam
743 1893 839 1942 dicunt
857 1909 917 1944 cnm
937 1895 1063 1958 capitolii
1081 1895 1129 1944 ubi
1147 1909 1219 1944 nunc
1239 1899 1281 1944 est
1299 1895 1398 1944 sanda-

256 1969 349 2014 menta
367 1964 540 2022 iacerentur,
565 1966 649 2025 caput
667 1962 811 2010 humanum
837 1962 910 2026 quod
926 1962 983 2011 Olli
1005 1962 1143 2012 diceretur
1166 1965 1321 2024 inuentum,
1345 1979 1399 2028 quo

256 2047 350 2082 omnes
372 2030 537 2080 sollicitatos
561 2029 718 2078 conditores
740 2030 848 2078 misisse
872 2031 906 2080 ad
930 2030 1060 2080 'russiam
1085 2031 1119 2080 ad
1143 2031 1297 2096 aruspicem
1321 2031 1399 2081 illius

256 2100 386 2164 temporis
405 2100 589 2158 nomiuatum,
609 2098 654 2161 qui
674 2097 728 2146 iarn
747 2097 924 2147 indicauerat
940 2099 1014 2162 Argo
1033 2097 1088 2148 filio
1107 2113 1155 2148 auo
1173 2099 1305 2150 tributum
1324 2101 1398 2150 sata-

255 2167 320 2217 IIter
338 2183 408 2229 ease,
428 2171 458 2216 ut
476 2167 499 2215 is
519 2165 595 2216 locus
613 2165 674 2214 orbi
692 2165 842 2230 imperaret
859 2166 888 2214 in
906 2181 959 2230 quo
978 2166 1044 2215 illud
1063 2172 1146 2231 caput
1159 2173 1235 2216 esset
1245 2168 1397 2219 inuentum.

255 2237 331 2286 obuii
350 2236 435 2300 igitur
452 2236 525 2298 Argo
544 2234 572 2282 hi
595 2233 639 2298 qui
664 2233 740 2282 missi
759 2237 852 2295 eraut,
871 2234 984 2283 ubinam
1003 2239 1078 2284 esset
1094 2241 1187 2299 pater,
1208 2236 1397 2301 interrogaue-

255 2310 331 2366 runt‚
352 2304 398 2368 qui
422 2303 537 2368 cognita
561 2317 647 2351 eausa
669 2301 778 2350 itineris
808 2315 900 2350 eorum
928 2317 1008 2351 omne
1037 2316 1196 2368 responsum
1220 2306 1309 2368 patris
1335 2320 1397 2368 pro·

255 2373 324 2422 didit
342 2373 500 2436 monuitque
519 2377 549 2419 ut
568 2377 699 2419 cauereut
716 2384 751 2418 ne
771 2370 806 2419 ab
829 2385 861 2419 eo
886 2371 1103 2434 interrogatione
1123 2371 1323 2436 deciperentur.
1343 2373 1398 2438 ⁴sed

256 2451 316 2490 cum
341 2440 429 2506 legati
453 2440 487 2488 ιιι
512 2453 572 2488 eum
596 2437 787 2502 peruenissent
814 2443 843 2486 et
871 2437 904 2488 de
929 2439 1135 2502 alguifioatione
1160 2439 1267 2488 inuenti
1296 2441 1398 2506 capitIs

256 2513 430 2572 quaererent,
448 2507 544 2556 nolens
563 2506 609 2555 ille
629 2506 797 2554 dominatum
816 2505 890 2555 orbis
909 2507 1018 2572 patrIao
1037 2521 1104 2556 suae
1128 2507 1219 2572 potius
1238 2508 1397 2560 adscribere

254 2577 445 2641 interrogauit,
467 2591 536 2624 arrae
556 2574 610 2634 hic,
630 2573 720 2624 locum
738 2587 816 2623 suum
833 2575 990 2636 ostendens,
1011 2577 1189 2624 inuenissent.
1224 2576 1281 2625 illie
1294 2591 1397 2640 negau-

255 2646 329 2694 tibus
347 2645 502 2708 suspicatus
521 2642 655 2706 proditum
675 2655 736 2692 esse
753 2657 913 2706 responsum
933 2643 1073 2706 quaesiuit
1090 2657 1126 2690 an
1138 2644 1273 2707 quendam
1286 2643 1396 2695 obuium

256 2715 402 2772 fecissent,
428 2709 484 2760 illis
502 2710 667 2775 simpliciter
690 2708 886 2760 confitentibus
908 2712 1062 2760 occurrisse
1086 2711 1140 2760 sibi
1163 2711 1305 2775 iuuenem,
1331 2718 1396 2762 tune

183 2823 188 2833 .
255 2794 374 2844 aruspex
393 2793 543 2828 conscenso
562 2793 632 2842 equo
651 2783 762 2828 secutus
780 2779 881 2842 Argum
899 2778 1004 2828 oooidit
1022 2793 1055 2827 eo
1073 2777 1134 2828 loeo
1152 2779 1200 2828 ubi
1218 2791 1290 2828 nunc
1309 2781 1397 2830 Roma

256 2855 310 2908 est,
337 2863 353 2896 a
376 2848 454 2896 ouius
477 2845 562 2896 caede
585 2844 757 2910 Argiletum’
793 2846 890 2895 Livius
914 2847 949 2896 ab
973 2847 1040 2896 urba
1059 2846 1171 2897 condita
1189 2847 1202 2896 1
1220 2847 1266 2898 552
1291 2848 1397 2914 ‘Caput

254 2915 401 2964 humanum
424 2916 533 2978 Integra
552 2913 625 2962 facio
650 2913 840 2978 aperientibus
865 2915 1044 2964 fundamenta
1067 2914 1163 2980 templi
1185 2915 1287 2964 dicitur
1309 2932 1396 2982 appa·

254 2984 356 3032 ruisse:
376 2996 446 3047 quae
465 2983 527 3030 uisa
544 2982 653 3046 species
672 2981 744 3030 baud
762 2997 812 3046 per
830 2983 962 3048 ambages
982 2997 1074 3032 arcem
1093 2998 1153 3032 earn
1173 2983 1281 3048 imperii
1299 2990 1396 3050 eaput-

255 3065 306 3114 que
331 3065 420 3100 rerum
445 3051 503 3100 lore
521 3049 712 3116 portendebat.
754 3049 836 3114 quue
859 3051 900 3099 ita
919 3051 1045 3100 cecinere
1063 3057 1144 3100 uates
1163 3052 1262 3115 quique
1281 3053 1307 3101 iu
1328 3053 1394 3102 urbe

255 3123 334 3168 erant
353 3132 473 3182 quosque
493 3117 528 3166 ad
547 3133 608 3167 cam
626 3131 683 3166 rem
702 3117 910 3168 consultandam
930 3135 963 3168 er
977 3119 1086 3168 Etruria
1106 3117 1284 3169 acciuerant'

339 3187 355 3236 5
373 3203 431 3250 sqq.
451 3185 576 3234 Aurelius
591 3185 687 3234 Victor
704 3185 737 3234 de
756 3186 823 3236 viris
841 3185 995 3236 illustribus
1013 3187 1042 3236 7:
1070 3185 1188 3250 (Servius
1210 3187 1313 3248 Tullius)
1332 3187 1395 3253 ‘po-

254 3253 348 3321 pulatu
370 3255 398 3303 ln
423 3259 539 3318 quatuor
565 3253 653 3303 tribus
680 3253 821 3304 distribuit
849 3271 882 3304 ac
904 3261 966 3320 post
988 3255 1063 3320 plebi
1086 3255 1226 3304 distribuit
1249 3271 1394 3306 annonam.

254 3337 397 3374 mensuras
415 3322 537 3388 pondera
555 3321 660 3372 classes
679 3323 873 3386 centuriasque
893 3321 1055 3374 constituit’

338 3393 353 3440 7
367 3407 424 3458 sqq.
438 3389 575 3440 Eusebius
588 3405 690 3440 armen.
705 3389 748 3438 01,
761 3390 804 3453 58,
822 3391 851 3439 ’ὶι
878 3392 1052 3456 ‘TarquIniua
1066 3391 1205 3457 Superbus
1224 3393 1396 3458 excogitauit

252 3460 366 3510 uincula
388 3459 505 3510 uerbera
526 3473 626 3508 ιιιιιιοι
649 3473 776 3508 carceres
803 3459 943 3510 custodias
969 3459 1114 3525 compedes
1139 3459 1256 3510 collaria
1279 3466 1395 3510 cotenus

253 3529 340 3579 anilia
352 3528 544 3578 damnationes
558 3527 593 3576 ad
606 3525 737 3577 metalla)
773 3525 957 3591 Hieronymus
975 3528 1017 3578 Ol.
1037 3527 1083 3592 58,
1106 3528 1132 3577 l:
1153 3529 1327 3592 ‘Tarquinius
1345 3529 1396 3578 Sn-

252 3597 353 3662 parbus
371 3596 543 3660 excogitauit
558 3595 670 3646 uiuoula
687 3600 799 3644 taureas
819 3595 906 3646 fustes
924 3596 1072 3646 lautumias
1091 3611 1218 3646 carceres
1238 3595 1321 3646 exilia
1339 3612 1394 3646 me-

253 3666 322 3714 talla
341 3665 487 3730 compedes
511 3670 539 3714 et
562 3661 695 3715 catenas)
736 3663 856 3712 Ioannes
879 3663 1068 3714 Antiochensis
1086 3664 1207 3728 (Miiller.
1232 3666 1311 3730 frgm.
1330 3664 1394 3715 blst.

253 3747 345 3798 graec.
365 3733 422 3782 1111
440 3749 466 3798 p.
486 3731 562 3797 blial:
582 3724 673 3798 δεσμά
690 3745 720 3781 aa
738 3727 789 3780 aul
840 3725 945 3796 ’στιγας
963 3725 1078 3792 ιιιιιιοιις
1097 3730 1230 3794 ξυλίνους
1247 3727 1296 3782 και
1314 3730 1394 3796 σιδη-

288 3799 321 3860 ὄς
338 3795 430 3859 πέδας
447 3791 562 3859 ἁλύσεις
573 3793 697 3866 piratio
714 3795 764 3850 ιιαι
783 3789 796 3848 ἐ
814 3797 901 3861 aolus
919 3791 1057 3864 lpeupoia
1095 3801 1234 3850 Gedrenus
1252 3801 1264 3850 1
1282 3817 1308 3865 p.
1328 3801 1394 3850 252:

253 3815 351 3934 liedes
375 3863 466 3934 δεσμὰ
489 3861 629 3934 μάστιγας
652 3860 723 3932 ξύλα
747 3861 862 3932 εἰρκτὰς
879 3862 1012 3932 φυλακὰς
1030 3861 1145 3928 statoris
1166 3863 1258 3927 uidua
1280 3859 1396 3927 ἁιόσιις

253 3927 367 4000 ἔξορίας
384 3931 518 4002 μέταλλα.
555 3937 676 3987 Isidorus
699 3935 785 4001 origg.
804 3935 829 3984 V
846 3936 888 3998 27,
908 3935 954 3987 23:
980 3939 1038 3986 ‘est
1060 3942 1088 3986 ct
1106 3937 1248 3987 lautumna
1266 3937 1395 4003 supplicii

252 4021 340 4072 genus
359 4005 394 4056 ad
412 4005 612 4056 uerberaudum
632 4009 738 4071 aptum,
764 4005 904 4056 iuuentam
923 4021 940 4056 a
958 4003 1110 4070 Tarqquio
1128 4005 1252 4070 Superbo
1276 4005 1312 4054 ad
1329 4021 1395 4070 poe·

338 4192 351 4243 ι
368 4173 561 4258 XXXVIII]
574 4179 615 4252 cs.
625 4177 753 4236 Momm.
768 4181 787 4236 ι.
803 4197 830 4237 o.
845 4172 859 4256 ll
874 4187 891 4240 ι
905 4187 1044 4250 oaunret,
1055 4177 1172 4238 inuenit
1186 4176 1395 4236 Mammam:

254 4251 388 4324 calcaret
404 4275 435 4324 et
456 4265 624 4324 inuenisset
644 4266 705 4320 cod.
722 4257 735 4344 ll
750 4275 766 4326 5
784 4261 933 4324 Seruilius
950 4268 1014 4324 cod.
1030 4258 1044 4344 ΙΙ
1059 4271 1075 4326 6
1094 4263 1223 4322 XLIIII
1245 4263 1393 4322 Mommse-

253 4368 308 4408 ιιιιι
324 4351 375 4423 (cs.
395 4355 468 4408 idem
491 4354 511 4409 l.
526 4353 589 4420 .o.).·
621 4346 716 4408 XXV
736 4352 798 4408 eod.
820 4344 833 4430 ΙΙ
852 4357 870 4412 8
895 4347 1054 4410 adiuuenit
1068 4349 1278 4408 Mommseaas:
1309 4347 1395 4406 uenit

252 4437 315 4494 eod.
332 4429 346 4516 ΙΙ
363 4445 392 4496 lt
412 4443 459 4494 est
470 4438 579 4494 addidit
593 4435 785 4492 Mommsenar
1197 4468 1267 4521 ,Η
