3072 5064
354 416 589 464 sternentium
613 415 874 466 stratocliano
897 419 1100 464 aousnoavn
1237 404 1294 468 rat

149 565 215 631 gine
228 567 387 633 tegebatur.
413 582 478 620 uam
491 573 556 620 ante
565 567 719 633 Augustam
731 567 881 622 Caesarem
891 569 997 622 incerto
1010 569 1088 622 modo
1107 587 1206 624 sunum
1224 587 1295 624 com-

149 636 297 700 putabant,
317 635 363 699 qui
381 636 454 701 apud
465 635 616 701 Aegyptios
629 641 757 700 quattuor
774 637 912 688 mensibus
929 637 1141 700 terminabatur,
1164 641 1235 704 apud
1246 641 1296 690 Ar-

149 703 235 752 cadas
249 703 346 762 tribus,
358 703 598 768 apudncarnanas
608 719 667 766 aaa,
678 703 795 754 inltalia
808 705 1019 770 apudbauinios
1029 705 1169 769 tredecim,
1184 722 1296 772 quonam

149 785 238 820 annus
256 771 391 820 trecentis
408 771 586 836 septuaginta
605 775 633 820 et
650 777 778 835 quattuor
794 773 890 822 diebus
908 772 1057 824 terebatur.
1082 775 1198 824 nomam
1216 775 1295 824 initio

150 853 251 888 mnam
265 837 364 888 docem
376 838 514 889 mensibus
527 844 756 903 computauemnt
769 856 785 889 a
798 840 899 891 Martio
913 841 1090 905 auspicantes
1108 843 1177 892 adeo
1195 849 1224 891 ut
1237 843 1295 892 eius

149 904 194 956 dic
212 907 303 970 prima
319 906 353 956 dc
367 907 422 956 aris
434 906 593 956 Vestalibus
605 907 684 972 ignes
697 908 895 969 accenderent,
917 913 1051 958 mutarent
1073 909 1212 960 ueteribus
1230 909 1294 960 uiri-

149 973 198 1022 dea
211 972 332 1032 lacerans,
345 979 458 1024 senatus
471 979 499 1022 et
511 973 626 1038 populus
639 975 750 1024 comitia
765 979 895 1041 agerent,
909 981 1050 1025 matronae
1063 977 1150 1026 seruis
1163 978 1219 1028 stris
1233 993 1294 1028 coe·

148 1055 201 1092 aaa
223 1047 360 1105 ponerent
376 1041 458 1092 aienti
475 1041 666 1092 Saturnalibus
689 1041 803 1092 domini:
827 1042 894 1092 illae
915 1047 945 1091 ut
964 1057 1014 1108 per
1031 1043 1147 1094 bonores
1165 1045 1296 1109 promtius

148 1107 312 1172 obsequium
329 1113 524 1174 prouocarent:
548 1109 576 1158 bi
598 1109 677 1173 quasi
699 1111 818 1174 gratiam
838 1115 1020 1175 repensarent
1043 1111 1160 1176 perlecti
1178 1112 1294 1162 laboris:

149 1177 324 1240 maximeque
336 1176 408 1226 himo
420 1191 540 1226 mensem
553 1176 704 1242 principem
716 1182 834 1228 testatur
847 1177 941 1240 iubae,
956 1179 1026 1242 quod
1039 1179 1085 1242 qtii
1106 1179 1141 1228 ab
1155 1179 1205 1230 boc
1219 1180 1294 1244 quiu-

148 1253 193 1293 tna
207 1247 269 1292 erat
281 1243 411 1304 Quintilis
423 1243 512 1292 dictus
525 1253 575 1306 est,
589 1243 688 1293 deinde
705 1259 817 1294 numero
839 1246 1001 1294 decurrente
1016 1247 1170 1294 December
1187 1247 1294 1296 sollem-

148 1327 214 1360 nem
227 1311 371 1360 circuitum
383 1311 498 1360 liniebat
510 1312 583 1362 iutra
596 1311 668 1361 diem
691 1313 912 1362 trecentesimum
926 1318 1058 1376 quartum.
1079 1319 1143 1362 tunc
1158 1315 1228 1364 enim
1242 1315 1294 1364 iste

149 1393 281 1428 uumerus
293 1379 425 1444 explebat
437 1394 545 1438 anunm,
559 1378 599 1428 ita
611 1383 641 1428 ut
653 1393 701 1428 sex
713 1393 821 1430 menses
834 1381 967 1430 tricenum
980 1380 1083 1430 dierum
1097 1387 1203 1442 esseut,
1217 1389 1293 1446 quat-

148 1453 213 1496 tuor
226 1445 325 1511 reliqui
337 1446 449 1496 tricenis
463 1452 490 1496 et
502 1446 617 1512 siugulis
631 1447 833 1511 expedirentur.
858 1448 906 1496 scd
925 1463 985 1496 etun
1004 1449 1073 1498 ratio
1090 1448 1140 1498 illa
1159 1455 1222 1498 ante
1240 1451 1293 1498 Nu-

149 1530 225 1562 mam
239 1529 255 1562 a
269 1513 351 1564 lunae
364 1529 444 1564 cursu
456 1514 633 1579 discreparet,
646 1513 737 1564 lunari
754 1516 956 1580 computatione
976 1531 1075 1565 annum
1093 1523 1295 1581 peraequnnmt

149 1581 354 1646 qninquaginta
372 1587 400 1630 et
417 1596 470 1631 uno
487 1581 532 1631 die
551 1582 648 1634 auctis.
677 1585 708 1632 ut
725 1597 790 1647 ergo
807 1583 971 1648 perlicerent
983 1583 1035 1632 XII
1054 1599 1175 1645 incuses,
1193 1584 1226 1634 dc
1245 1600 1294 1634 sex

148 1647 293 1698 mensibus
305 1649 489 1714 superioribus
502 1648 679 1699 detraxerunt
691 1649 750 1698 dies
762 1649 884 1716 singulos
897 1665 998 1715 eosque
1019 1651 1216 1716 quinquaginta
1234 1651 1295 1702 istis

149 1722 179 1765 et
191 1731 248 1765 uno
261 1715 356 1766 diebm
370 1715 565 1776 adnexuerant,
588 1717 711 1782 factique
729 1717 928 1782 quinquaginta
946 1719 996 1768 Vll
1014 1719 1096 1768 diuisi
1108 1725 1170 1768 sunt
1187 1721 1215 1768 in
1228 1722 1295 1770 duos

148 1799 277 1846 menses,
297 1799 407 1848 quorum
426 1783 496 1833 alter
508 1784 637 1834 XXVIIII
657 1784 727 1834 alter
738 1785 855 1834 XXVIII
872 1785 931 1834 dies
949 1786 1120 1836 detinebant.
1150 1787 1189 1836 sic
1208 1803 1295 1836 annrrs

148 1851 258 1900 habere
276 1851 393 1916 quinque
412 1857 494 1916 atque
513 1852 711 1916 quinquaginta
725 1857 752 1901 ct
764 1857 902 1904 trecentos
920 1853 978 1902 dics
1000 1854 1100 1918 coepit.
1125 1856 1295 1919 postmodnm

147 1933 213 1968 cnm
228 1919 418 1983 perspicerent
435 1924 538 1968 temere
552 1933 653 1968 aunum
675 1919 797 1970 clausum
813 1921 887 1970 intra
905 1921 964 1970 dies
983 1936 1050 1984 quos
1068 1937 1151 1986 supra
1169 1923 1294 1984 diximus,

146 1987 373 2052 quandoquidem
386 1991 533 2051 appareret
545 1987 611 2036 selis
625 1993 744 2036 mestum
761 2001 815 2037 nen
832 1991 897 2036 ante
915 1990 1135 2038 trecentesimam
1154 1991 1295 2056 sexagesi-

147 2071 225 2103 mum
239 2053 360 2117 quintum
372 2053 444 2104 diem
457 2054 615 2104 abundante
628 2055 739 2119 insrurer
756 2055 916 2118 quadrantis
933 2055 1069 2121 particula
1087 2057 1228 2107 zodiacum
1247 2057 1293 2106 dc-

147 2121 238 2171 licere
250 2121 406 2182 decursum,
421 2121 599 2186 quadrantem
612 2122 688 2171 illam
701 2127 729 2171 et
740 2122 836 2172 decem
848 2123 906 2172 dies
920 2123 1096 2186 addiderunt,
1114 2129 1144 2172 ut
1163 2125 1198 2174 ad
1215 2125 1293 2190 liqui-

146 2191 215 2239 dum
231 2204 318 2238 annm
330 2190 460 2239 trecentis
472 2189 568 2239 diebus
581 2189 727 2253 sexaginta
740 2190 856 2254 quinque
868 2195 895 2239 ct
905 2191 1055 2254 quadrante
1066 2197 1219 2252 constaret,
1233 2191 1293 2242 hor-

146 2263 232 2306 tante
245 2257 438 2306 obseruatione
451 2257 564 2322 imparis
576 2257 694 2318 numeri,
716 2272 795 2320 quem
807 2257 980 2322 Pythagoras
998 2259 1099 2308 monuit
1116 2259 1247 2324 praeponi
1265 2261 1294 2308 iu

146 2323 280 2374 omnibus
292 2329 426 2389 oportere.
451 2323 522 2374 unda
534 2329 647 2389 propter
658 2324 716 2374 dies
729 2325 848 2389 impares
866 2324 917 2374 diis
935 2327 1041 2389 superis
1060 2331 1087 2374 ct
1099 2327 1241 2376 lanatarius
1254 2327 1293 2376 di-

147 2399 235 2442 catur
247 2397 275 2439 st
287 2392 413 2441 Martius:
432 2396 543 2457 propter
555 2407 636 2457 pares
649 2391 815 2442 Februarius
828 2393 906 2458 qnasi
919 2393 1055 2442 oniindsus
1073 2393 1124 2442 diis
1137 2393 1234 2442 inieris
1246 2395 1293 2442 de·

146 2466 275 2526 putatur.
301 2475 360 2508 curn
378 2459 471 2524 itaque
490 2459 561 2508 baec
574 2459 697 2508 definitio
715 2465 772 2510 toto
786 2460 849 2510 orbe
864 2459 1028 2524 placuisset,
1043 2460 1214 2510 cristodiendi
1227 2474 1292 2526 qua·

145 2527 261 2578 drantia
273 2527 363 2592 gratia
377 2543 393 2576 a
405 2527 521 2576 diuersis
534 2527 662 2592 gentibus
673 2527 751 2576 uarie
768 2527 987 2577 intercalabatur
1000 2543 1052 2578 neo
1064 2543 1190 2592 umquam
1200 2534 1294 2578 tamen

146 2595 185 2646 ad
199 2593 332 2658 liquidnm
345 2593 430 2646 fiebat
443 2599 593 2659 temporum
606 2595 794 2659 peraequatio.
820 2595 921 2644 Graeci
939 2611 1004 2662 ergo
1021 2595 1137 2659 singulis
1159 2597 1238 2646 aunis
1255 2597 1294 2646 XI

145 2659 212 2712 efres
227 2667 256 2710 et
268 2663 446 2727 quadrantem
460 2661 642 2712 detrahebant
660 2677 761 2726 eosque
774 2664 860 2712 octies
878 2661 1074 2728 multiplicatos
1087 2664 1115 2712 in
1129 2679 1228 2714 anatim
1246 2679 1293 2714 no-

146 2747 216 2780 num
231 2730 420 2792 reserunbaat,
434 2737 463 2779 ut
475 2735 633 2780 contractus
644 2731 848 2795 nonagenarius
861 2745 986 2780 naimarus
1004 2732 1032 2780 in
1045 2732 1111 2780 treis
1124 2747 1232 2782 mensas
1245 2747 1295 2797 per

145 2799 276 2848 tricenos
288 2797 346 2846 dies
358 2797 541 2848 scinderetur:
555 2798 600 2861 qui
613 2812 685 2846 anno
702 2813 774 2848 nono
786 2799 905 2846 restituti
919 2799 1078 2848 alliciebant
1095 2800 1154 2850 dies
1168 2795 1294 2864 quadrin-

146 2871 254 2931 gentos
272 2865 454 2930 qnadraginta
473 2871 612 2929 quattuor,
632 2879 698 2928 quos
711 2865 870 2915 embolimos
887 2867 931 2915 uel
944 2866 1155 2932 hypoballontas
1172 2869 1294 2918 nomina-

145 2935 230 2983 bant.
262 2933 332 2996 quad
349 2947 409 2982 cnm
425 2933 454 2981 in
472 2933 550 2982 initio
569 2933 684 2982 Romani
701 2934 865 2998 probassent
883 2935 1116 2998 contemplatione
1133 2935 1228 3000 parilis
1246 2951 1294 2984 nu-

146 3001 220 3051 meri
246 2999 401 3065 neglectum
425 2999 502 3049 breui
523 2999 700 3065 perdiderunt
720 3000 858 3050 translata
879 3001 908 3050 iu
931 3002 1089 3052 sacerdotes
1111 3003 1295 3052 intercalandi

146 3073 302 3134 potestate,
313 3068 359 3132 qui
368 3067 524 3133 plenumque
537 3066 726 3132 gratiiicantea
736 3069 887 3118 rationibus
900 3068 1106 3133 publicanorum
1119 3087 1167 3135 pro
1181 3071 1294 3120 libidine

144 3153 201 3186 aua
213 3135 416 3185 subtrahebant
433 3141 555 3200 ternpore
572 3133 618 3185 uel
637 3137 785 3200 augebant.
811 3151 872 3186 cum
893 3135 962 3186 baec
979 3137 1019 3187 sic
1037 3139 1129 3187 forent
1146 3139 1296 3188 constituta

145 3205 303 3266 modusque
320 3202 503 3254 intercalandi
525 3203 660 3252 interdum
683 3203 846 3254 cumulatior
867 3204 1002 3254 interdum
1024 3205 1102 3254 tieret
1119 3206 1294 3268 imminuticr,

144 3271 193 3320 nel
207 3270 321 3320 «tmuiuo
334 3270 518 3320 dissimulatus
531 3271 735 3334 praeteriretur,
748 3285 949 3336 nonnrrmquam
963 3273 1123 3335 accidebat,
1145 3279 1174 3322 ut
1187 3288 1295 3323 menses

145 3341 196 3406 qni
210 3339 324 3388 inerant
336 3338 469 3388 transacti
482 3337 570 3386 bieme
585 3339 663 3388 medo
677 3339 811 3388 aestiuum
829 3341 907 3389 modo
926 3340 1083 3389 autumnale
1101 3347 1208 3406 tempus
1225 3341 1294 3390 inci·

144 3409 260 3458 darent.
277 3406 371 3470 itaque
384 3405 490 3455 Caesar
501 3407 656 3456 unluersam
667 3405 739 3456 hanc
752 3407 965 3456 inconstantiam
974 3407 1063 3456 incisa
1077 3413 1226 3472 temporam
1239 3413 1294 3456 tnr-

145 3474 267 3524 bationc
280 3473 445 3538 composuit,
465 3478 492 3522 et
508 3479 538 3522 ut
555 3479 656 3522 statum
674 3479 776 3523 certum
795 3476 961 3539 praeteritus
975 3491 1049 3524 error
1062 3476 1216 3540 acciperet,
1234 3475 1294 3525 dies

145 3543 215 3592 xxi
229 3548 259 3590 et
271 3541 451 3605 quadrantem
463 3539 543 3590 simul
559 3540 749 3590 intercalauit:
769 3558 820 3606 quo
833 3548 915 3606 pacto
928 3541 1068 3606 regradati
1081 3557 1189 3592 menses
1201 3542 1234 3592 de
1248 3559 1293 3592 ce·

144 3617 210 3660 tero
223 3613 331 3658 statuta
344 3601 445 3658 ordinm
458 3609 500 3657 sui
513 3613 637 3673 tempora
653 3609 818 3658 detinerent.
843 3609 890 3658 llle
908 3605 973 3674 ergit
992 3623 1078 3659 annus
1096 3610 1170 3660 solus
1187 3615 1293 3660 trecen-

142 3683 192 3728 tos
204 3675 313 3726 XLIIII
326 3675 385 3724 dies
397 3675 501 3737 babuit,
516 3675 562 3725 alii
575 3676 705 3740 deinceps
718 3681 893 3728 trecentenos
905 3691 1060 3743 sexagenos
1073 3677 1169 3741 quinos
1188 3683 1216 3726 et
1228 3693 1293 3742 qua-

141 3747 287 3794 drantem.
314 3747 342 3791 et
360 3749 423 3792 tnnc
441 3758 546 3807 quoque
563 3743 659 3794 uitium
672 3743 819 3794 mulbaum
833 3751 875 3794 est
891 3745 1119 3809 pcrsacasdotes.
1151 3761 1215 3796 nem
1234 3760 1294 3795 curn

143 3817 331 3878 praeceptum
351 3815 437 3872 asset,
457 3825 529 3860 anno
547 3816 643 3876 quarto
660 3817 692 3860 nt
707 3812 905 3862 intercalarent
921 3827 1003 3863 unum
1021 3811 1092 3862 diem
1111 3817 1139 3862 et
1156 3819 1295 3878 oporteret

143 3879 281 3930 coniecto
294 3883 390 3942 quarto
404 3893 475 3928 auno
488 3879 515 3928 id
528 3879 669 3930 obseruari
687 3875 833 3943 autequam
852 3881 960 3945 quintus
979 3881 1182 3945 auspicaretur,
1200 3879 1241 3929 illi
1254 3882 1293 3928 iu-

143 3947 274 4012 cipieate
293 3951 390 4010 quarto
407 3945 607 3996 intercalarent
623 3961 677 3996 non
695 3947 847 3998 desinente.
876 3948 916 3998 sic
934 3965 984 4014 per
1002 3963 1088 3998 anuos
1104 3963 1153 3998 sex
1171 3953 1200 3998 et
1217 3948 1294 3997 XXX

143 4031 212 4066 curn
230 4029 331 4064 nouem
349 4013 407 4062 dics
425 4014 610 4064 tantummodo
627 4015 756 4065 sulficere
779 4015 952 4078 debuissent,
976 4017 1028 4066 XII
1046 4021 1108 4064 sunt
1125 4015 1293 4065 intercalati.

143 4082 223 4150 qnod
236 4079 432 4146 reprehensum
445 4083 582 4146 Augustus
595 4069 755 4132 reformassit
771 4083 902 4148 iussitque
923 4099 1009 4133 annos
1026 4083 1078 4132 XII
1095 4084 1156 4132 sine
1174 4084 1294 4133 interca·

142 4149 256 4201 latione
270 4149 425 4210 decurrere,
439 4156 468 4197 ut
481 4153 536 4198 tres
549 4149 589 4198 illi
602 4150 669 4211 dies,
684 4149 728 4214 qui
740 4150 813 4200 ultra
825 4165 923 4200 nouem
935 4151 1107 4200 necessarios
1117 4155 1221 4201 temero
1235 4151 1293 4200 iue-

142 4223 216 4268 rant
227 4216 402 4278 intercalati,
419 4216 471 4266 boe
489 4217 567 4266 modo
585 4225 697 4282 possent
713 4219 863 4283 repensari.
889 4234 922 4269 ex
941 4235 994 4283 qua
1012 4218 1159 4284 disciplina
1176 4219 1294 4268 omniurn

143 4290 252 4352 postea
264 4291 417 4349 temporum
431 4283 547 4334 lundata
561 4286 646 4336 rectio
660 4291 710 4336 est.

238 4351 378 4402 I’olemius
401 4351 501 4402 Silvius
528 4353 623 4402 latere.
648 4369 672 4418 p.
696 4353 744 4402 241
768 4353 811 4404 ed.
829 4355 951 4404 Momms.
984 4353 1131 4414 (Abbandl.
1149 4345 1176 4402 d.
1197 4353 1293 4404 Siicba.

143 4425 221 4476 Ges.
233 4421 260 4470 d.
273 4419 318 4469 W.
332 4419 395 4484 111).
414 4421 508 4470 Annam
520 4421 633 4486 primum
646 4423 741 4470 decem
755 4422 887 4472 mensium
902 4423 1012 4488 reliqui
1024 4429 1165 4476 trecentos
1177 4427 1205 4474 et
1217 4427 1294 4488 quat·
