3072 5064
542 441 585 484 ns
607 441 747 484 ussurus
771 443 881 484 snuvu
1221 429 1283 491 245

141 610 212 654 esse
236 590 270 653 in
292 577 421 655 modum
446 591 602 677 spongiae
624 587 730 676 adque
752 591 785 652 in
811 588 917 654 medio
940 591 1026 654 aeris
1047 589 1132 669 mole
1156 613 1215 654 sua
1236 591 1285 655 in·

140 691 294 755 mobilem
314 690 457 778 pendere
480 693 592 778 sicque
612 699 648 754 ut
668 691 831 778 aequabili
854 701 941 754 motu
972 691 1048 756 hinc
1071 691 1178 778 adque
1206 693 1284 757 inde

140 793 242 856 ueluti
270 790 396 872 alarum
419 791 566 857 subfulta
593 793 739 877 remigiis
761 813 804 857 ex
832 793 917 857 omni
948 802 1041 879 parte
1070 793 1189 858 librata
1210 815 1283 880 prc-

139 893 282 981 pendeat
304 914 364 957 nec
387 895 421 958 in
444 903 568 980 partem
591 895 694 980 possit
715 893 865 959 inclinari
884 895 1030 958 alteram.

117 1117 132 1156 s
227 1095 400 1182 Sapientes
423 1095 534 1165 dicunt
556 1105 677 1161 terram
701 1098 734 1160 in
757 1098 888 1160 modum
911 1099 1068 1184 spongiae
1092 1121 1182 1178 csso,
1205 1088 1396 1163 con-159*

140 1209 336 1285 ceptumque
353 1208 488 1261 uentum
510 1199 611 1262 rotari
637 1207 669 1261 et
689 1199 735 1261 ire
756 1219 815 1284 per
841 1221 1014 1282 caurernas3
1054 1222 1193 1286 cumque
1216 1209 1284 1264 tan-

140 1309 209 1364 tum
233 1301 309 1363 ierit
330 1309 486 1386 quantum
505 1309 592 1363 terra
615 1319 731 1385 cupere
755 1320 820 1362 non
843 1301 961 1384 possit,
990 1303 1053 1365 huc
1077 1301 1184 1388 adque
1206 1300 1285 1365 illuc

140 1409 259 1464 uentus
281 1400 445 1464 fremitum
470 1409 502 1464 et
523 1421 688 1464 murmura
710 1401 825 1482 mittit,
849 1399 967 1464 dehinc
989 1403 1176 1488 quaerentis
1197 1403 1283 1465 uiam

139 1501 304 1566 euadendi
327 1499 403 1565 dum
428 1503 587 1566 sustinere
605 1502 672 1564 uim
692 1511 779 1565 terra
803 1525 866 1566 non
890 1504 1008 1588 possit,
1028 1513 1083 1567 aut
1100 1505 1209 1567 tremit
1229 1511 1286 1566 sut

103 1599 338 1666 radchiscitut
361 1611 493 1668 uentum
516 1610 637 1686 egerat.
683 1602 759 1668 inde
779 1603 873 1666 aiunt
894 1602 964 1667 lieri
990 1620 1128 1667 TERRAE
1150 1620 1285 1686 1101111,

140 1703 219 1768 dum
242 1705 398 1768 uniuersa
425 1714 542 1768 uentus
569 1703 715 1768 inclusus
746 1705 908 1776 concutit..
942 1705 1029 1768 unde
1053 1714 1084 1768 ct
1105 1704 1282 1769 Salustius:

139 1805 291 1886 ‘uentis’,
316 1805 446 1890 inquid,
473 1811 544 1891 ‘per
565 1827 646 1869 caue
666 1813 772 1869 terrae
795 1807 1019 1892 praecipitatis
1042 1807 1129 1892 rupti
1150 1803 1281 1892 aliquod

139 2033 197 2077 tam
219 2027 329 2076 inmane
347 2027 462 2093 pondus,
482 2027 614 2092 quomodo
638 2043 691 2076 non
710 2027 898 2094 demergatur,
918 2035 966 2078 aut
983 2030 1117 2093 quomodo
1135 2030 1286 2094 aequitatis

139 2095 241 2144 libram
260 2101 407 2145 teneatue
426 2096 455 2145 in
474 2096 589 2144 alteram
607 2100 715 2160 partem
734 2111 869 2160 propensu
888 2097 1038 2159 incumbet,
1058 2095 1110 2146 hoc
1129 2095 1197 2146 nulli
1215 2113 1285 2146 mor·

138 2163 239 2212 talium
263 2164 335 2212 scire
360 2163 403 2213 las
422 2168 534 2214 estnec
553 2163 631 2213 nobis
650 2163 789 2212 discutere
804 2163 891 2228 adque
905 2165 1073 2228 perscrutari
1091 2164 1159 2213 licet
1177 2169 1284 2214 tantem

139 2231 255 2280 diuinae
281 2232 349 2280 artis
373 2229 581 2292 excellentiam,
607 2230 668 2279 dum
693 2235 801 2280 constet
825 2247 886 2280 enm
909 2231 970 2295 lege
994 2232 1149 2281 maiestatis
1172 2231 1217 2280 dei
1236 2237 1285 2280 ant

139 2313 225 2362 super
236 2313 324 2414 aquas
337 2303 385 2347 aut
397 2313 478 2363 snper
491 2299 577 2348 nubes
590 2297 718 2347 stabilem
732 2313 902 2363 permanere.
917 2299 985 2359 Quis
999 2301 1085 2359 euim,
1099 2298 1193 2362 inquid
1206 2297 1288 2352 Salo·

138 2381 213 2428 mon,
227 2381 259 2416 su
274 2365 334 2414 licit
345 2381 457 2416 narrare
470 2381 555 2430 opera
567 2364 641 2414 illius
652 2371 700 2415 aut
713 2365 773 2430 quis
782 2365 963 2429 inuestigsbit
975 2364 1116 2430 magnalia
1129 2367 1205 2415 eins?
1218 2381 1284 2430 ergo
1377 2363 1385 2380 '

139 2433 213 2498 quod
226 2433 382 2482 mortalium
394 2440 509 2482 naturae
523 2439 658 2483 secretum
672 2437 727 2494 est,
741 2433 853 2482 diuinae
866 2434 1007 2496 potentiue
1021 2431 1208 2497 reliquendum
1222 2431 1284 2481 est!

138 2501 302 2550 Ambrosius
325 2501 359 2550 H.
384 2501 397 2550 1
420 2499 483 2549 022:
510 2501 564 2549 ‘De
593 2506 683 2550 terrae
713 2515 818 2564 quoquc
845 2498 890 2548 uel
920 2500 1055 2564 qualitate
1078 2499 1123 2550 uel
1147 2500 1283 2564 positione

138 2575 265 2618 tractare
283 2567 352 2617 nihil
371 2572 462 2634 potest
481 2568 515 2618 ad
533 2583 609 2633 spem
629 2568 727 2628 futuri,
755 2581 814 2616 cum
834 2566 902 2616 satis
921 2567 957 2617 sit
976 2567 1011 2618 ad
1028 2568 1188 2629 scientium,
1213 2567 1285 2631 quod

138 2636 341 2700 scripturarum
360 2635 512 2684 diuinorum
531 2637 617 2685 serice
636 2634 854 2699 comprehcndit:
887 2635 958 2696 Quia
976 2635 1118 2700 suspendit
1136 2640 1237 2684 terram
1255 2635 1284 2684 in

139 2703 238 2752 nihilo.
280 2703 344 2768 quid
362 2703 440 2752 nobis
458 2703 605 2764 discutere,
628 2709 716 2752 utrum
739 2703 767 2751 in
791 2718 855 2752 uere
879 2701 999 2767 pendent
1022 2718 1057 2751 an
1075 2717 1157 2766 super
1175 2717 1284 2766 squam,

138 2777 171 2819 nt
188 2771 253 2820 inde
278 2777 409 2820 nascatur
433 2771 635 2830 controuersia,
661 2769 793 2834 quomodo
812 2769 884 2820 aeris
907 2775 1006 2818 natura
1024 2769 1115 2819 tenuis
1134 2774 1162 2820 et
1179 2769 1286 2820 mollior

139 2838 241 2888 molem
261 2839 348 2902 possit
365 2843 522 2888 sustentare
541 2839 696 2887 terrenam?
723 2841 770 2887 aut
794 2837 939 2901 quomodo,
965 2839 989 2888 si
1007 2853 1090 2902 snper
1107 2853 1208 2903 aquus,
1231 2852 1285 2886 non

138 2905 319 2970 demergatur
343 2906 370 2955 in
395 2921 494 2970 uquam
517 2906 611 2970 grauis
631 2905 712 2954 ruina
735 2893 885 2954 tdrrarum?
914 2909 962 2954 aut
990 2904 1124 2969 quomodo
1148 2907 1174 2954 ci
1201 2905 1285 2954 meris

139 2973 215 3022 undu
234 2987 290 3022 non
309 2973 405 3034 cedat,
425 2979 453 3023 et
476 2973 504 3022 in
522 2971 613 3022 latera
632 2974 690 3022 eius
708 2988 768 3022 sese
788 2971 849 3022 loco
867 2988 916 3023 suo
934 2978 1008 3022 mota
1031 2973 1184 3022 diffundat?
1207 2972 1285 3022 multi

140 3042 226 3090 etiam
245 3041 274 3089 in
292 3040 382 3090 medio
401 3041 473 3090 aeris
492 3045 593 3089 terram
612 3056 672 3090 csse
691 3039 819 3090 dixerunt
838 3045 865 3088 et
882 3039 953 3090 mole
973 3055 1022 3089 sua
1040 3039 1206 3090 immobilem
1224 3055 1284 3105 per-

138 3123 270 3168 manere,
290 3109 361 3173 quod
385 3108 525 3172 aequabili
548 3113 623 3157 motu
640 3108 705 3157 hinc
725 3113 807 3172 atque
825 3107 888 3156 iude
907 3105 1097 3173 propendeat.’

230 3189 304 3245 1511*
322 3193 442 3242 Isidorus
461 3191 494 3242 de
514 3199 614 3242 natura
631 3207 720 3240 rerum
738 3191 840 3240 XLVI:
870 3191 920 3241 ‘De
933 3197 1023 3242 terrae
1037 3197 1121 3240 motu.
1140 3191 1284 3256 Sapien-

141 3267 195 3310 tes
214 3259 309 3310 mundi
327 3259 446 3308 dicunt
536 3260 668 3309 existit.
705 3259 746 3308 sic
766 3259 838 3307 enim
858 3264 886 3307 et
904 3259 1033 3309 Lucanus
1051 3260 1106 3308 ait:
1144 3259 1284 3308 Terraene

140 3327 305 3378 dehiscent?
341 3333 369 3376 et
387 3327 531 3392 Virgilius:
566 3325 690 3376 Incolitis
708 3331 878 3375 tremuerunt
896 3327 1015 3375 motibus
1040 3326 1132 3390 Alpes.
1168 3331 1285 3374 terrae

218 3397 265 3446 Iit
288 3401 406 3444 terrae
430 3400 547 3444 motus.
588 3394 669 3444 huius
699 3399 790 3442 autem
821 3399 911 3443 terrae
936 3394 1078 3442 commotio
1106 3393 1226 3456 pertinet
1249 3391 1285 3440 ad

139 3463 289 3524 Iudicium,
318 3461 426 3526 qnando
450 3467 612 3527 peccatores
636 3467 664 3510 et
686 3461 790 3510 terreni
812 3459 936 3510 homines
959 3461 1057 3526 spiritu
1080 3460 1134 3509 oris
1156 3461 1201 3510 dci
1220 3474 1285 3509 con-

231 3695 241 3745 1
261 3684 293 3741 in
310 3681 437 3768 meridip
454 3683 533 3741 aeris
549 3683 574 3739 A
584 3701 636 3740 om.
653 3683 682 3737 E
695 3675 708 3760 ΙΙ
723 3679 806 3738 mols
817 3697 854 3737 re
872 3674 910 3754 B¹
926 3675 1053 3737 melate
1068 3673 1108 3736 B²
1124 3673 1136 3758 [Ι
1152 3697 1205 3736 suo
1219 3675 1285 3736 AB¹

139 3769 196 3828 sun
218 3763 259 3827 3²
282 3763 295 3848 {l
315 3751 489 3826 inlnonilcm
508 3764 543 3823 Β1
560 3761 573 3846 ΙΙ
590 3775 606 3826 ’1
622 3765 666 3822 sic
685 3785 805 3845 quoquc
826 3759 879 3844 ΑΗ
896 3763 1031 3843 equabili
1047 3785 1082 3822 *s
1096 3766 1122 3820 B
1137 3759 1149 3843 ΙΙ
1165 3773 1182 3825 3
1198 3783 1285 3821 omne

142 3851 181 3912 B¹
197 3851 211 3935 {l
227 3863 340 3930 partes
356 3855 382 3910 Β
398 3847 410 3932 ll
426 3859 441 3908 1
456 3851 590 3931 pendeat
601 3855 626 3907 A
641 3843 654 3930 ll
670 3850 817 3908 inclinare
838 3851 864 3905 B
879 3845 922 3929 lle
943 3849 1090 3930 spungiae
1105 3853 1129 3904 A
1145 3848 1286 3924 spongia·

140 3959 207 3998 rum
225 3941 250 3995 B
265 3932 279 4018 ΙΙ
294 3945 313 3998 8
328 3945 491 4015 querentes
507 3936 678 4014 Aquerens
694 3937 720 3991 B
735 3929 748 4014 ΙΙ
763 3935 824 3991 uim
839 3935 864 3989 Α
883 3933 913 3990 ui
930 3934 1008 3990 uiam
1029 3935 1155 3990 Grialitts
1171 3927 1184 4012 ll
1198 3931 1286 3994 9uim

138 4026 264 4095 scripsi.-
280 4041 348 4078 eum
362 4024 416 4079 ΑΒ
436 4015 449 4102 Η
470 4020 581 4099 poterit
601 4014 637 4076 B¹
655 4018 787 4096 potuerit
800 4013 838 4074 Β2
859 4011 874 4098 ll
898 4028 929 4078 10
945 4017 1090 4075 deiscitur
1107 4012 1143 4072 A¹
1160 4015 1288 4073 deicitur

138 4103 181 4167 A'
195 4107 304 4165 iscitur
316 4099 355 4163 Βι
371 4105 516 4164 deiecitur
536 4099 574 4162 Β2
589 4098 602 4183 ll
618 4123 658 4160 e*
672 4112 728 4160 sat
740 4098 773 4159 Β1
792 4097 805 4182 ll
820 4101 926 4178 algunt
937 4097 972 4158 A¹
987 4110 1080 4177 egunt
1096 4095 1132 4158 A²
1148 4095 1161 4180 ΙΙ
1179 4109 1208 4160 11
1221 4100 1286 4157 uni·

138 4211 234 4250 uersa
251 4199 334 4248 terra
353 4193 380 4247 Β
396 4190 568 4248 uniuersum
589 4193 662 4246 crint.
684 4188 833 4245 Beckeras
853 4186 865 4264 {1
888 4189 1040 4244 Sallustius
1060 4188 1158 4242 histor.
1177 4185 1285 4256 fragm.

140 4277 180 4337 11
201 4281 242 4333 52
265 4277 359 4333 Kritz.
381 4269 395 4355 11
420 4283 450 4335 tt
465 4274 564 4336 uentis
586 4276 789 4346 equitaniam
811 4275 891 4330 libris
905 4274 934 4327 ia
952 4275 1041 4344 oripg.
1063 4270 1163 4326 XIIII
1187 4274 1204 4326 1
1226 4269 1289 4326 Otto

135 4363 284 4436 probante
308 4361 435 4416 Krateia:
467 4358 549 4416 uenti
574 4360 627 4414 ΑΒ
648 4353 662 4438 ΙΙ
682 4356 890 4436 praecipitatis
915 4357 994 4414 Otto:
1024 4353 1199 4433 precipitati
1220 4348 1287 4410 ΑΒι

138 4445 320 4526 precipitati
339 4439 378 4500 1³²
394 4439 407 4525 ΙΙ
422 4443 514 4522 irupti
526 4437 565 4499 Βι
580 4437 594 4523 Η
611 4451 680 4501 sunt
691 4439 816 4520 aliquod
832 4444 858 4499 B
