3162 5058
597 415 739 458 ιτυιοαε
762 416 918 459 mmm
1271 405 1333 466 325

185 561 284 644 διχάς
314 563 449 646 ἔλεγον,
478 555 562 626 αὐτό
586 553 680 628 τετὸ
701 554 1034 647 άναρριπτούμενον,
1064 555 1149 628 ὅθεν
1171 569 1333 649 παροιμία

185 657 329 748 τραγικῆ
349 663 405 728 τό·

336 758 389 830 άελ
410 757 475 848 γάρ
496 751 536 830 εὖ
556 769 739 832 πίπτουσιν
758 768 794 831 οί
812 759 895 842 Διὸς
916 764 1031 851 κύβοι·

184 863 241 932 καί
265 858 327 950 τῆν
354 864 392 931 έν
414 858 505 956 αύτῷ
531 866 675 952 μονάδα.
708 861 794 934 ὅθεν
814 872 937 952 λυθείη
960 862 1003 932 άν
1032 884 1114 952 φησι
1140 866 1195 933 καλ
1216 861 1254 934 τό
1275 872 1291 948 ζ
1312 905 1339 920 -

161 965 353 1052 ιτούμενον
374 967 411 1032 έν
433 968 479 1057 τῷ
501 961 591 1052 παρὰ
609 963 872 1052 Ἀριστοφάνους
892 968 1148 1058 κωμῳδουμένη)
1170 973 1286 1057 στίχῳ·

336 1062 477 1154 βέβληκ’
497 1062 665 1152 Ἀχιλλεύς
688 1066 751 1136 δύο
772 1067 866 1154 κύβω
890 1069 946 1138 καὶ
966 1069 1107 1154 τέτταρα

183 1167 239 1235 καὶ
261 1167 351 1254 ἑξῆς·
397 1170 486 1254 λέγει
506 1164 570 1255 γάρ
599 1167 662 1238 δύο
683 1169 833 1256 μονάδας
851 1171 907 1238 καὶ
928 1171 1078 1254 τέτταρα.
1124 1175 1231 1238 ἔκειτο
1254 1165 1287 1236 δ’
1312 1163 1331 1237 ὁ

183 1275 295 1355 στίχος
316 1271 353 1337 έν
372 1273 419 1360 τῷ
440 1266 630 1357 Εὐριπίδου
652 1276 792 1361 Τηλέφῳ
813 1266 879 1338 σύν
901 1268 1015 1350 ἄλλοις
1037 1276 1220 1358 ίαμβικοῑς,
1244 1276 1331 1340 ἔνθα

183 1370 392 1458 κυβεύοντας
432 1368 512 1450 τούς
545 1368 657 1460 ῆρωας
692 1371 856 1460 είσῆγαγε.
924 1376 1109 1462 περιῃρέθη
1143 1375 1183 1440 δι’
1224 1392 1330 1459 φησιν

150 1499 174 1540 ιι
183 1467 266 1540 ὅλον
286 1474 395 1540 έκεῖνο
418 1468 456 1540 τό
483 1471 674 1540 ἐπεισόδιον
701 1477 948 1560 χλευασθέντος
970 1471 1022 1542 ἐπ’
1046 1470 1138 1565 αύτῷ
1154 1478 1215 1541 τοὺ
1230 1473 1329 1560 ποιῆ-

182 1599 296 1661 ματος.
342 1576 431 1660 λέγει
461 1574 497 1642 δλ
527 1569 545 1643 ό
572 1578 677 1642 ταῦτα
706 1571 914 1661 παραδιδούς
940 1577 995 1644 καὶ
1017 1569 1061 1654 άς
1089 1579 1124 1643 οἱ
1147 1578 1187 1664 τῆ
1214 1580 1355 1665 παιδιᾷ.

181 1675 288 1764 ταύτη
309 1675 475 1764 χρεόμενοι
496 1672 563 1745 άπὸ
584 1679 651 1744 τῶν
680 1679 717 1744 ἐν
742 1693 811 1756 τοῖς
833 1676 950 1764 κύβοις
969 1677 1147 1765 τρημάτων
1169 1693 1328 1765 τρηματλ-

181 1805 237 1846 ται
259 1779 414 1864 ἐλέγοντο
434 1777 598 1865 παράγειν
619 1781 674 1847 καὶ
694 1782 813 1866 χρῆσιν
837 1780 1026 1866 Σώφρονος
1045 1777 1099 1846 τό·

336 1881 519 1967 δειπνήσας
541 1875 708 1963 ὠστίζεται
731 1897 801 1959 τοῖς
824 1880 1132 1969 τρηματιζόντεσσι·

147 2003 172 2044 ιε
182 1981 237 2049 καὶ
259 1976 310 2050 ότι
337 1983 559 2064 ἐσπουδάζετο
579 1977 600 2068 ῆ
623 1989 743 2070 κνβεία
760 1977 802 2050 ού
821 1983 930 2068 μόνον
950 1979 1040 2070 παρὰ
1059 1989 1213 2061 Σικελοῖς
1242 1978 1329 2050 ἀλλά

182 2084 238 2150 καλ
258 2079 463 2170 Ἀθηναίοις,
488 2090 523 2152 ολ
542 2085 597 2152 καὶ
619 2085 657 2151 ἐν
674 2089 777 2172 ίεροῑς
798 2081 1037 2170 άθροιζόμενυι
1057 2085 1241 2170 ἐκύβευον,
1272 2085 1328 2152 καλ

180 2186 325 2276 μάλιστα
346 2185 383 2252 έν
405 2187 449 2276 τῷ
470 2189 527 2272 τῆς
554 2185 714 2271 σκιράδος
736 2183 879 2274 Ἀθηνᾶς
898 2190 944 2277 τῷ
972 2186 1025 2253 ἐπὶ
1048 2193 1168 2276 σκίρηι,
1200 2182 1261 2270 ἀφ’
1285 2175 1328 2252 ού

181 2287 237 2354 καὶ
266 2281 306 2353 τά
334 2283 419 2354 ἄλλα
448 2287 653 2374 κυβευτῆρια
682 2285 861 2374 σκιράφεια
892 2283 1095 2374 ὠνομάζετο·
1138 2287 1170 2367 ἐξ
1196 2275 1245 2353 οἷν
1271 2287 1328 2354 καλ

181 2389 291 2456 πάντα
314 2383 353 2455 τά
369 2388 634 2476 πανουργῆματα
657 2385 712 2456 διά
732 2385 793 2477 τῆν
815 2392 851 2457 ἐν
874 2395 1083 2476 σκιραφείοις
1105 2391 1327 2476 ῥᾳδιουργίαν

145 2497 342 2576 κοσκίραφοι
367 2490 561 2558 ἐκαλοῦντο.
597 2485 777 2572 Ἱππῶναξ·

333 2598 369 2658 τί
385 2616 426 2678 με
448 2591 627 2678 σκιράφοις
648 2589 846 2675 άτιτάλλεις;

181 2699 379 2780 πεποίηνται
406 2693 445 2762 δέ
467 2715 551 2781 φησι
578 2695 633 2762 καὶ
654 2697 837 2780 προστάται
858 2699 919 2761 τοῦ
941 2689 1029 2762 οὕτω
1057 2700 1185 2776 παίζειν
1209 2687 1327 2781 Ἑρμῆς

181 2797 235 2864 καλ
265 2791 344 2864 Πάν
374 2791 465 2863 καθά
491 2799 547 2884 τῆς
575 2800 739 2884 μουσικῆς
767 2792 939 2864 Ἀπόλλων
968 2797 1023 2863 καὶ
1051 2799 1199 2863 Μοῦσαι.
1246 2792 1326 2874 τούς

181 2896 217 2966 δὲ
243 2889 389 2976 πεσσυός
411 2899 499 2983 λέγει
526 2896 662 2985 ψῆφους
686 2897 771 2966 εἶναι
794 2901 910 2980 πέντε,
939 2892 990 2977 αἷς
1012 2897 1065 2965 ἐπὶ
1094 2897 1192 2965 πέντε
1217 2922 1326 2984 γραμ-

145 3001 254 3086 τιμύν
276 3005 410 3081 ἔπαιζον
431 2999 660 3086 ἑκατέρωθεν,
691 3004 746 3068 ἴνα
767 3002 906 3080 ἕκαστος
928 3003 994 3068 τῶν
1017 2997 1247 3067 πεττευόντων
1268 3007 1325 3087 ε’χη

180 3095 239 3179 τάς
259 3097 339 3170 καθ’
364 3099 495 3168 ἑαυτόν.
542 3104 739 3189 Σοφοκλῆς·
881 3112 887 3125 ’

199 3205 202 3212 ’
333 3203 388 3270 καλ
411 3197 518 3270 πεσσά
537 3200 777 3290 πεντάγραμμα
796 3205 852 3272 καί
874 3206 990 3290 κύβων
1011 3211 1122 3289 βολαί.

265 3381 358 3443 4sqq.
399 3379 490 3429 Schol.
515 3379 654 3445 Λτίελορλι.
678 3397 736 3430 ran.
762 3379 839 3430 1-100:
875 3369 992 3447 βέβληκ’
1014 3367 1159 3444 Ἀχιλλεύς]
1187 3369 1322 3440 Ἀρίσταρ-

179 3439 229 3512 ιός
253 3462 341 3511 φησιν
364 3439 527 3506 ἀδεσπότοις
546 3447 629 3498 τοῦτο
647 3442 863 3512 προφέρεσθαι,
888 3441 925 3506 ὡς
945 3437 1112 3521 Εύριπίδοιη
1132 3439 1323 3516 πεποιηκότός

180 3509 356 3580 κυβεύοντας
375 3505 407 3566 έν
425 3514 462 3580 τῷ
483 3510 613 3580 Τηλέφῳ,
633 3503 684 3574 ούς
702 3513 751 3565 καλ
770 3518 903 3578 περιεῖλε.
939 3521 971 3579 (μ
986 3505 1059 3565 ’ποτ’
1078 3531 1130 3564 ουν
1147 3507 1264 3566 ἐκεῖθεν
1275 3531 1322 3579 ην.

179 3577 339 3648 μᾶλλονδὲ
364 3573 533 3648 έσγεδιακώς
556 3577 594 3634 δν
618 3582 663 3662 είη
686 3575 894 3650 Ἀριστοφάνης.
931 3533 998 3634 ούδδ
1017 3575 1071 3648 γάρ
1089 3577 1139 3632 τόν
1158 3573 1324 3659 Εὐριπίδην

180 3650 265 3702 τοῦτο
284 3645 511 3717 προφερόμενον.
540 3643 612 3702 άλλά
637 3669 687 3706 τον
710 3645 852 3702 Διόνυσον
880 3643 1060 3716 χλευάζοντα.
1101 3643 1176 3706 τινὲς
1202 3645 1248 3712 δέ,
1278 3667 1322 3701 οτι

181 3712 213 3770 έν
230 3717 268 3783 τῷ
282 3713 440 3786 Φιλοκτήτῃ
450 3707 636 3797 ῆνδτόπος.
667 3715 696 3770 σι’.
714 3715 746 3794 δὲ
765 3712 796 3772 ἐν
814 3719 847 3786 τῆ
864 3709 1016 3784 Ἰφιγενείᾳ
1035 3718 1069 3786 τῇ
1082 3709 1112 3769 έν
1124 3709 1237 3770 Αύλίδι.
1275 3709 1323 3784 έμ-

180 3785 281 3852 φαίνει
300 3781 332 3838 δὲ
350 3785 400 3838 καλ
419 3787 544 3846 Ευτιολις
563 3787 646 3840 τοῦτο
666 3783 758 3846 είδως.

438 3846 626 3928 α’ποφθαρελς
644 3849 675 3906 δὲ
692 3849 748 3929 δύο
766 3848 843 3922 κύβω
862 3852 911 3906 καί
930 3852 1058 3918 τέτταρα.

179 3919 263 3974 τούτο
283 3917 314 3973 δὲ
327 3917 468 3984 Διόνυσος
486 3919 641 3989 οποβάλλει
660 3923 738 3988 αυτῷ
751 3917 914 3989 χλευάζων.)
946 3940 1016 3990 quae
1030 3923 1225 3985 inclamant,
1247 3939 1263 3972 α
1277 3939 1321 3973 co-

179 3992 242 4042 dice
261 3991 425 4043 Ravennate
446 3993 554 4043 absunt.
863 4023 865 4030 ·

267 4060 610 4138 l7pqq.Etymologj011m
629 4076 770 4124 magnum:
791 4051 968 4138 Σκειράφηα,
986 4050 1020 4108 τά
1039 4057 1156 4136 κυβίεία·
1175 4047 1238 4138 ῆτορ
1259 4049 1321 4108 ἐπεὶ

180 4123 337 4208 σκείραφος
360 4144 403 4186 τις
427 4121 504 4180 έστλν
528 4143 652 4194 σργανον
674 4127 858 4194 κυβευτικον.
878 4146 895 4194 η
914 4143 971 4176 απο
990 4127 1159 4192 Σκειραφου
1177 4141 1254 4184 τινος
1272 4143 1321 4175 κν·
1419 4137 1428 4154 ·

179 4191 293 4262 βεοτου·
311 4213 329 4261 η
348 4185 391 4247 ὅτι
411 4188 443 4248 έν
460 4196 499 4264 τῷ
517 4197 568 4264 τῆς
586 4192 737 4262 σκειράδος
753 4187 875 4261 Ἀθηνᾶς
893 4189 964 4260 ίερρλ
979 4189 1009 4245 οί
1026 4191 1162 4262 κυβευταλ
1182 4189 1308 4256 ἔπαιζον.

263 4339 536 4430 δἈριστοφάοους]
554 4371 618 4410 ran.
639 4358 716 4410 1400
731 4347 743 4430 Ιλ
763 4359 793 4411 14
808 4341 990 4430 Σώφρονος]
1005 4353 1171 4409 99Αλτεαε.
1187 4345 1200 4432 Η
1216 4359 1251 4412 λθ
1261 4338 1320 4408 Ἰπ-

177 4429 291 4518 ativae]
309 4443 349 4497 86
366 4439 474 4514 Ber-qk.
491 4431 505 4519 ΙΙ
520 4447 555 4500 ‘26
567 4433 739 4514 Σοφοκλῆς]
757 4440 900 4524 Ναυγίίνε
919 4441 975 4494 393
993 4437 1107 4494 Nauck.
