3190 5098
252 365 314 428 392
453 333 460 350 Ι
565 378 788 430 ovassrroues
817 377 1041 418 svaronrnuac

252 536 317 594 bari
329 533 457 594 bominis
465 542 513 592 est
525 531 627 590 dicere
641 530 772 616 aliquem
785 538 854 608 post
862 549 971 587 anurrm
982 528 1265 611 quinquagesimum
1277 547 1388 588 nonum

253 638 434 696 decessisse.
468 655 531 694 rem
552 633 674 692 conficit
699 632 880 710 Hieronymi
906 631 1125 705 testimonium,
1150 649 1241 710 quem
1262 631 1292 690 in
1312 629 1387 690 Sue·

253 739 335 798 tonio
360 737 472 814 legisse
499 739 591 794 LVII
609 738 712 793 aetatis
733 752 805 792 saae
828 753 904 792 auno
924 732 1061 812 adparet.
1101 732 1181 813 quod
1204 731 1327 812 quidem
1350 751 1389 790 ne

254 839 431 918 simpliciter
452 858 633 920 reponamus
656 835 824 896 cavendum
847 844 903 894 est.
944 855 1013 894 nam
1038 844 1070 894 ut
1087 845 1201 894 certum
1223 844 1295 914 puto
1314 835 1388 894 Stre-

254 941 367 1000 tonium
387 921 545 1020 scripsisse
569 943 660 999 LVII
678 943 780 997 aetatis
803 938 852 997 vel
873 943 976 996 aetatis
997 955 1068 996 suae
1089 936 1170 1017 quod
1193 937 1319 1018 perinde
1344 944 1391 994 est

256 1063 342 1115 antro,
360 1043 401 1101 ita
413 1051 481 1116 post
495 1043 648 1102 residuam
663 1041 844 1121 particulam
861 1040 999 1100 existimo
1015 1039 1223 1112 additamenti,
1238 1058 1297 1118 que
1315 1035 1389 1096 Sue-

254 1146 355 1205 tonius
378 1146 546 1224 simplicem
569 1143 712 1222 tcmporis
738 1144 923 1202 notationem
954 1141 1194 1220 amplificaverit.
1236 1142 1295 1199 iam
1317 1161 1390 1198 vero

257 1247 380 1307 Cassius
399 1248 459 1307 Dio
477 1246 571 1304 tradit
588 1247 642 1304 LV
662 1250 677 1305 7
694 1265 772 1303 anno
793 1249 859 1316 745,
883 1265 942 1325 qno
962 1244 1123 1302 Horatium
1140 1243 1242 1302 obisse
1265 1243 1390 1302 Suetoni

256 1349 428 1408 testimonio
446 1357 579 1420 constat,
596 1347 766 1407 decessisse
783 1347 910 1404 amicum
927 1346 991 1404 eius
1008 1347 1227 1405 Maecenatem.
1252 1365 1309 1403 nec
1325 1343 1390 1402 fatti

255 1451 362 1510 videor
384 1453 409 1510 si
432 1452 497 1510 cius
519 1449 620 1510 verbis
646 1447 773 1508 indicari
799 1447 950 1506 contendo
975 1446 1163 1507 immensam
1182 1445 1390 1526 Septembrem

257 1553 308 1611 rel
324 1553 495 1629 Augustum
517 1563 642 1612 mortem
664 1551 746 1610 illius
771 1549 925 1608 incidisse.
960 1569 1029 1608 nam
1048 1551 1078 1609 in
1101 1552 1145 1609 eis
1166 1567 1245 1630 quae
1266 1567 1390 1626 praece·

258 1656 333 1715 dunt
351 1675 449 1712 sermo
470 1655 527 1712 luit
548 1654 586 1712 de
602 1673 706 1712 mense
726 1651 851 1724 Sextili,
867 1649 949 1730 quod
971 1653 1036 1709 cius
1053 1671 1161 1712 nomen
1178 1652 1236 1710 hoc
1258 1671 1336 1710 anno
1362 1650 1392 1707 in

257 1759 402 1816 honorem
419 1755 551 1833 Augusti
570 1762 769 1815 commutatus
787 1760 843 1811 cst.
873 1753 974 1831 pergit
989 1752 1112 1812 Cassius
1128 1754 1187 1812 sic:
1207 1748 1255 1812 tat
1270 1749 1325 1829 pia
1339 1735 1392 1810 oda

259 1850 373 1928 τούτοις
398 1853 575 1934 dyoecesim,
601 1855 654 1914 τοῦ
682 1851 713 1912 δὲ
742 1843 782 1930 δὴ
809 1843 977 1928 Μαικήνου
1001 1845 1226 1930 τελευτήσαντος
1254 1843 1391 1933 ἤλγησεν.

259 1960 368 2042 quodsi
394 1961 616 2018 meminerimus
641 1958 801 2016 Horatium
826 1975 931 2015 mense
953 1955 1119 2014 Novembri
1146 1968 1293 2016 mortuum
1315 1976 1392 2028 esse,

260 2069 424 2140 conparato
442 2062 546 2137 fragm.
566 2062 619 2123 10*
636 2069 765 2118 mortuus
779 2067 821 2116 est
837 2056 1015 2136 (Caecilius)
1032 2078 1108 2118 anno
1120 2069 1188 2132 post
1202 2067 1318 2118 mortem
1333 2063 1395 2116 eius

261 2162 361 2240 (Enni
382 2162 452 2221 olim
474 2161 716 2239 contubernalis)
737 2167 972 2218 consentancum
998 2168 1044 2219 est
1064 2170 1188 2220 mortem
1204 2161 1394 2222 Maecenatis

260 2285 279 2322 a
296 2264 441 2324 Suetonio
464 2263 507 2322 sic
529 2247 793 2322 conrmcrnoratam
809 2283 891 2322 esse:
916 2261 1067 2340 (decessit
1084 2262 1248 2340 Horatius)
1264 2271 1328 2336 post
1350 2265 1394 2320 Le

260 2372 320 2426 dies
338 2386 423 2440 qaam
439 2368 594 2424 Maecenas
612 2369 677 2424 oeta
694 2367 785 2424 LVII
801 2369 904 2442 aetatis
927 2385 1012 2423 arrasa.
1043 2373 1128 2444 patet
1145 2366 1239 2444 ipsam
1257 2385 1395 2423 numero-

213 2459 232 2472 ”
260 2489 324 2528 rum
346 2467 574 2526 similitudinem
589 2471 621 2527 in
644 2488 736 2528 causa
756 2468 852 2526 fuisse
874 2474 1006 2548 atquae
1030 2449 1201 2546 supplenda
1219 2485 1286 2526 csse
1307 2465 1395 2524 intel·

260 2561 390 2631 lenimus
408 2571 634 2630 interciderent.

347 2674 485 2732 Transeo
511 2671 549 2730 ad
576 2673 670 2731 vitam
698 2673 830 2744 Lucani,
858 2673 942 2730 cuins
963 2673 1047 2749 origo
1070 2671 1258 2731 Suetoniana
1283 2669 1397 2728 diserta

262 2785 455 2835 externorum
471 2774 708 2833 testimoniorum
724 2775 784 2834 fide
799 2795 857 2833 non
875 2776 987 2832 nititur.
1021 2793 1081 2831 non
1099 2771 1208 2830 desunt
1225 2791 1296 2830 rere
1314 2779 1397 2828 certa

263 2875 419 2955 scriptoris
440 2875 562 2932 indicia.
599 2897 668 2935 nam
685 2885 807 2956 praeter
822 2876 1014 2956 apertissima
1030 2873 1234 2934 Suetoniauae
1257 2872 1397 2932 dictionis

264 2979 410 3054 vestigia,
429 2996 508 3055 quae
525 2977 676 3038 Weberus
692 2981 722 3036 in
740 2986 963 3058 programmate
981 2974 1206 3054 limburgensi,
1225 2959 1272 3035 ciri
1292 2976 1396 3034 inscri-

263 3087 347 3158 ptum
360 3087 406 3137 est
432 3081 512 3136 Vitae
523 3080 563 3137 M.
578 3083 690 3139 Annaei
701 3083 814 3139 Lucani
827 3084 961 3138 collectae
978 3099 995 3136 a
1011 3082 1078 3138 Car.
1093 3081 1172 3136 Frid.
1193 3083 1305 3137 Weber.
1322 3082 1396 3136 Par-

264 3185 351 3240 ticala
368 3183 398 3254 I,
414 3200 444 3258 p.
458 3189 475 3242 6
491 3183 716 3242 accuratissime
733 3181 883 3259 conlegit,
907 3180 1002 3240 rerba
1020 3200 1098 3260 qnae
1118 3182 1149 3238 in
1169 3183 1228 3240 fine
1249 3181 1332 3239 vitae
1354 3179 1409 3237 le-.

263 3293 374 3360 guntur
389 3303 418 3362 p.
435 3293 484 3353 52,
500 3293 516 3344 2
530 3303 575 3364 sq.
596 3293 729 3358 poemata
748 3287 809 3340 eius
826 3287 910 3340 etiam
925 3286 1060 3358 praelegi
1081 3287 1197 3341 memini
1209 3303 1269 3342 non
1286 3281 1399 3341 cadunt

263 3387 294 3444 in
311 3385 488 3464 scriptorem
505 3385 581 3443 alius
595 3387 713 3459 aetatis,
730 3404 820 3464 quam
833 3405 892 3464 qua
905 3385 1068 3444 Suetonius
1081 3380 1167 3444 uixit.
1195 3383 1305 3442 deinde
1322 3381 1397 3440 invi·

265 3487 377 3547 diosior
390 3489 420 3546 in
431 3488 588 3546 Lucanum
602 3488 729 3560 animus,
746 3507 835 3567 quem
850 3485 927 3546 haec
944 3489 1008 3546 vita
1022 3486 1133 3566 prodit,
1150 3485 1236 3545 testis
1253 3494 1300 3544 est
1315 3485 1397 3542 locu·

263 3589 467 3668 pletissimus,
484 3587 654 3648 non'vitam
670 3590 854 3649 scholiastae
871 3609 955 3661 csse,
979 3590 1030 3667 qui
1053 3608 1112 3646 non
1133 3596 1238 3666 posset
1253 3585 1291 3645 de
1308 3595 1400 3664 poeta

265 3711 321 3749 suo
338 3699 397 3750 tam
416 3692 518 3771 inique
537 3691 683 3749 iudicare.
716 3710 842 3772 quornm
858 3699 1100 3767 argumentorum
1117 3690 1252 3768 speciem
1268 3709 1327 3746 non
1342 3686 1397 3746 tal-

265 3793 363 3851 lacem
385 3813 454 3851 esse
476 3794 628 3871 excerptis
649 3793 686 3851 de
708 3795 772 3853 vita
790 3795 907 3852 Lucani
923 3791 1168 3873 Hieronymianis
1185 3789 1398 3870 conprobatur,

265 3913 345 3974 quae
359 3914 392 3953 re
406 3915 480 3954 vera
494 3915 531 3954 ex
547 3895 605 3952 hac
618 3896 681 3954 vita
698 3877 850 3975 exscripta
866 3897 935 3954 sint.
970 3914 1048 3973 qnae
1070 3913 1137 3954 cum
1149 3896 1193 3953 ita
1208 3900 1327 3964 essent,
1344 3911 1398 3950 suo

266 3997 331 4055 iure
351 3995 490 4072 Scaliger
511 3997 541 4054 in
564 3997 734 4077 appendice
754 3995 864 4073 Virgili
889 3996 929 4054 ad
955 3997 1061 4055 culicis
1082 3997 1198 4056 initium
1220 3993 1399 4055 Suetonium

266 4098 443 4177 scriptorem
471 4098 648 4178 adpellavit.
690 4099 751 4158 alia
782 4099 873 4157 etiam
900 4099 1016 4158 ratione
1041 4099 1205 4178 peculiaris
1226 4100 1308 4157 vitae
1328 4116 1398 4155 con·

266 4199 340 4258 ditio
353 4209 410 4260 est.
436 4201 541 4280 incipit
553 4203 633 4261 euim
646 4203 676 4261 in
686 4199 770 4261 libris
782 4201 841 4261 sic:
850 4205 949 4275 prima
959 4206 1066 4276 irryenir'
1075 4198 1274 4275 'experimenta
1289 4221 1315 4260 e.
1324 4221 1352 4280 q.
1363 4219 1398 4271 a,

265 4310 299 4360 ut
312 4303 430 4362 initium
443 4305 507 4364 eius
522 4313 693 4364 truncatum
706 4323 774 4363 cssc
786 4313 900 4384 pateat.
931 4304 1015 4362 cuius
1028 4305 1072 4362 rei
1085 4291 1163 4384 quae
1178 4305 1254 4362 ratio
1270 4305 1317 4376 sit,
1330 4321 1399 4381 per·

269 4405 409 4482 spiritur,
432 4407 457 4464 si
479 4407 718 4485 reputaverimus
737 4408 768 4466 in
784 4407 932 4466 Beruensi
948 4405 1053 4466 codice
1067 4413 1120 4469 370
1143 4407 1204 4482 (Β)
1220 4405 1317 4485 primo
1332 4403 1399 4462 loco
