3064 5064
554 425 598 466 nn
621 423 708 466 rrnrs
732 423 948 466 renueremus
1267 401 1328 470 137

172 567 245 632 lent
264 566 327 632 bse
346 567 485 634 litterse.
523 565 648 634 Oeessr
668 591 798 658 quoque
820 571 991 656 Augustus
1014 571 1058 636 ud
1080 569 1201 636 lilium:
1233 576 1328 661 ‘quo-

172 663 282 751 niam',
303 669 427 758 inquit,
450 670 703 736 innumerabilia
724 671 876 736 incidunt
896 671 1029 738 assidue
1053 693 1137 760 quue
1160 674 1262 738 scribi
1283 675 1327 740 ud

173 768 370 836 ulter-utrum
392 780 542 858 oportent
554 781 587 836 et
602 793 675 836 esse
692 781 836 856 secrete,
856 773 1034 868 bebeemus
1054 776 1141 840 inter
1155 795 1215 840 nos
1232 785 1326 840 notus

174 869 204 934 si
225 872 277 934 uis
300 871 401 955 tales,
431 883 467 937 ut
489 893 563 937 cum
591 872 717 960 aliquid
739 875 826 939 notis
849 874 1059 942 scribendum
1084 877 1146 940 erit
1165 898 1225 964 pro
1246 897 1326 941 unu·

159 991 313 1060 sqnsque
335 972 445 1040 littere
464 973 647 1040 scribamus
664 983 855 1062 sequentem
871 975 932 1041 hoc
952 975 1065 1042 modu:
1094 999 1153 1063 pro
1168 999 1188 1040 e
1209 977 1245 1058 b,
1267 998 1327 1064 pro

176 1069 200 1136 b
223 1095 242 1137 c
264 1083 297 1138 et
318 1075 472 1162 deinceps
497 1073 611 1140 eudem
632 1076 759 1140 rstione
781 1085 923 1160 ceteram
961 1097 1020 1162 pro
1042 1099 1066 1141 x
1087 1087 1197 1143 autom
1219 1079 1327 1142 littere

172 1173 378 1242 redeundum
407 1180 470 1242 erit
496 1177 539 1241 ud
568 1175 692 1264 duplex
720 1179 766 1242 u.’
807 1179 941 1264 quidem
963 1179 1063 1243 etium
1085 1182 1192 1243 uersis
1214 1179 1325 1244 uerbis

174 1275 377 1343 scribebant.
1438 1359 1441 1364 Α

4 1461 5 1470 ¹
302 1377 408 1446 Notae
432 1377 518 1444 XXI
540 1399 624 1466 quse
645 1379 798 1445 uersibus
820 1381 941 1466 apponi
963 1389 1173 1446 consuerunt.
1335 1369 1439 1444 108*

3 1485 5 1548 l
142 1501 170 1541 so
266 1515 311 1530 -·
322 1479 448 1546 obelus.
464 1495 493 1555 ※
505 1481 693 1548 asteriscus.
714 1500 784 1556 rs-
794 1481 971 1546 asteriscus
987 1503 1061 1546 cum
1074 1481 1178 1547 obelo.
1196 1493 1230 1549 >
1250 1481 1324 1546 sim·

173 1576 254 1664 plex
275 1578 402 1646 ductus.
435 1581 593 1670 >diple
632 1591 667 1659 >
686 1581 776 1668 diple
797 1583 1060 1670 periestigmene.
1091 1583 1323 1668 &antisigmu

3 1665 21 1764 Η
174 1667 405 1768 §antisigma
425 1705 500 1749 cnm
519 1693 650 1772 puncto.
688 1667 866 1750 [coronis.
902 1695 982 1758 >—
1000 1683 1093 1771 diple
1110 1684 1321 1750 obelismene.

171 1909 228 1955 tnr.
264 1905 337 1955 unde
356 1911 385 1956 et
401 1907 488 1957 hebet
505 1921 554 1972 per
571 1906 691 1956 medium
709 1905 808 1967 telum,
833 1904 862 1955 id
886 1909 928 1956 est
945 1906 1042 1956 mortis
1059 1908 1178 1973 signum.
1214 1907 1249 1956 de
1268 1921 1323 1972 qus.

173 1971 287 2022 Persius
304 1974 357 2024 sit:
376 1975 413 2025 Et
431 1976 502 2040 potis
521 1979 564 2024 eet
581 1977 689 2040 nigrum
707 1974 777 2024 uitio
795 1973 950 2039 praefigere
969 1973 1058 2024 theto.
1089 1991 1151 2026 cum
1170 1979 1262 2026 sutem
1280 1977 1321 2024 iu-

173 2039 303 2105 peritism
321 2042 481 2107 significare
499 2041 618 2104 uellent,
637 2042 662 2092 A
684 2039 796 2091 lambda
819 2041 914 2090 littera
938 2042 980 2090 usi
1004 2048 1082 2105 suut,
1112 2043 1184 2092 sicut
1207 2049 1321 2092 mortem

172 2107 384 2172 significabunt,
410 2125 471 2160 cum
494 2111 635 2176 ponebant
657 2109 735 2158 theta
759 2109 796 2158 sd
814 2113 906 2174 ceput.
942 2109 970 2157 iu
994 2109 1192 2174 stipendiorum
1211 2125 1319 2174 quoque

172 2175 324 2240 lugitioue
347 2179 475 2244 propriae
500 2185 579 2228 ersnt
601 2178 706 2228 notse.'
744 2177 789 2226 24:
829 2177 883 2226 ‘De
906 2177 980 2226 notis
1003 2177 1167 2228 litterarum.
1209 2178 1317 2228 Notus

172 2243 278 2292 etism
298 2243 538 2295 litterarum..
555 2242 807 2295 ,scribebant'
834 2243 881 2294 25:
903 2245 958 2292 ‘De
971 2245 1045 2294 notis
1064 2245 1220 2308 digitorum.
1250 2245 1318 2294 Sunt

171 2312 310 2375 quaedum
335 2317 363 2362 et
385 2313 533 2378 digitorum
557 2317 655 2372 notae,
684 2317 748 2362 sunt
771 2317 799 2362 et
821 2310 973 2372 oculorum,
999 2313 1097 2376 quibus
1122 2327 1215 2362 secum
1239 2314 1320 2362 teciti

170 2379 321 2444 proculque
340 2380 476 2432 distantes
494 2381 672 2432 collocuntur.
703 2381 743 2430 sic
762 2395 820 2430 mos
839 2391 882 2430 est
900 2378 1043 2440 militaris,
1062 2385 1093 2430 ut
1112 2381 1239 2444 quotiens
1256 2395 1319 2430 con·

171 2445 257 2495 sentit
280 2447 419 2498 exercitus
443 2450 508 2514 quie
530 2465 598 2498 uoce
618 2464 672 2498 nou
695 2453 786 2513 potest
803 2462 886 2496 nrunn
909 2447 1064 2512 promittut;
1097 2445 1147 2496 ulli
1166 2447 1231 2512 quia
1249 2463 1319 2496 uoco

170 2527 227 2564 nou
246 2519 374 2580 possunt,
395 2516 547 2582 gladiorum
566 2521 639 2566 motu
657 2515 790 2565 salutent.
827 2515 932 2564 Ennius
951 2517 1035 2578 (inimo
1052 2515 1174 2564 Naeuius
1192 2515 1228 2578 rs.
1250 2515 1318 2565 Puc-

169 2585 209 2631 tus
228 2583 301 2632 Festi
317 2599 339 2634 s.
357 2601 379 2634 o.
399 2586 524 2648 aduictut)
544 2585 577 2635 de
597 2584 715 2649 quadum
733 2583 885 2647 impudice:

734 2651 827 2712 Qusee
846 2651 874 2700 in
893 2648 975 2700 obord
994 2647 1052 2714 pilu

378 2718 475 2770 lude'ne
493 2719 610 2771 detstim
629 2717 676 2769 dit
694 2733 724 2767 se
744 2724 772 2767 ct
791 2716 960 2768 commuudm
979 2717 1058 2768 lucit.

378 2786 463 2837 ulidm
481 2792 571 2848 tenet,
592 2787 642 2838 ulii
661 2785 793 2848 dduutst,
814 2783 882 2836 ulibl
901 2801 997 2835 munus

378 2861 421 2904 est
439 2855 589 2920 decnputu,
610 2852 660 2904 alii
678 2853 748 2920 pede
767 2851 897 2918 percellit
915 2854 1020 2918 pedem,

378 2922 427 2972 ulii
446 2923 493 2972 dut
512 2923 623 2974 anulum
641 2920 852 2988 demetendum,
872 2921 958 2970 isdem
978 2920 993 2970 sl
1012 2919 1098 2970 labris
1196 2971 1200 2982 ,

377 2990 462 3040 ulium
480 2987 593 3042 inuocat
613 3003 726 3054 cumque
746 2988 932 3050 dilucescunt,
952 2987 982 3038 dt
1000 2993 1093 3038 tumen

378 3057 426 3108 ulli
444 3059 493 3108 det
511 3058 598 3122 digito
616 3054 751 3108 lltterss.'
784 3078 787 3083 ·

169 3125 196 3188 (c
221 3126 279 3176 eod.
299 3125 402 3176 Moneo.
428 3133 453 3176 et
476 3125 598 3176 Iltlrbeelri
621 3126 700 3175 Nure.
725 3125 803 3190 tsqq.
827 3139 942 3174 cerretum
963 3123 1145 3188 restitutione).
1172 3150 1199 3160 -
1220 3123 1316 3176 Sueto-

168 3195 234 3244 nius
245 3193 316 3258 Aug.
335 3191 382 3242 88:
403 3194 549 3255 ‘Quotiens
569 3199 661 3243 sutem
679 3207 729 3258 per
746 3199 828 3242 notus
845 3189 956 3254 scribit,
975 3190 1001 3240 B
1019 3206 1067 3256 pro
1080 3193 1120 3254 A,
1142 3193 1225 3257 Gpro
1239 3192 1265 3242 B
1284 3209 1317 3242 uc

168 3261 306 3326 deinceps
325 3261 422 3310 eudem
440 3263 547 3312 rstiouc
561 3261 703 3326 sequentis
720 3259 830 3308 litteras
842 3259 932 3324 pouit,
950 3273 999 3324 pro
1011 3259 1036 3307 X
1049 3265 1141 3310 sutem
1155 3258 1255 3324 duplex
1267 3261 1299 3308 A.
1311 3264 1318 3284 ⁹

244 3323 315 3382 llld*
331 3329 501 3380 Auecdotum
524 3329 679 3380 I’srisinum
704 3345 719 3377 e
743 3329 802 3377 cod.
829 3327 957 3376 Parisino
980 3323 1048 3376 7530
1076 3343 1102 3376 c.
1126 3325 1177 3374 780
1205 3335 1318 3376 exarato

169 3413 187 3446 u
199 3397 252 3447 Tb.
264 3398 434 3448 Mommseno
452 3397 630 3461 descriptum,
649 3395 746 3446 deinde
765 3411 782 3444 u
796 3393 847 3444 Th.
861 3393 983 3459 Bergkio
1001 3393 1107 3459 publici
1125 3393 1193 3442 iuris
1213 3394 1317 3444 tectum

169 3465 198 3514 in
216 3464 381 3515 zeitschrift
399 3465 444 3514 fiir
461 3465 663 3515 Alterthumsw.
685 3461 751 3513 1845
768 3479 794 3528 p.
814 3461 846 3512 85
857 3477 914 3526 sqq.
935 3461 1067 3512 Suetonio
1090 3460 1162 3510 idem
1180 3461 1318 3524 Bergkius

169 3532 335 3584 vindicarit.
356 3559 388 3568 —-
408 3531 530 3584 Isidorus
548 3533 636 3597 origg.
655 3532 668 3582 l
687 3531 734 3580 20:
766 3532 773 3554 ⁸
789 3532 832 3580 De
851 3531 925 3581 notis
943 3530 1148 3594 scriptursrum.
1165 3527 1318 3578 Praetores

168 3602 309 3666 quaedam
328 3601 526 3666 scripturarum
544 3608 628 3650 notae
648 3599 721 3664 upud
740 3597 937 3649 celeberrimos
950 3603 1079 3647 suctores
1094 3595 1217 3658 luerunt,
1237 3611 1318 3660 quus·

258 3767 269 3816 l
289 3775 347 3814 ese
364 3760 445 3830 culpo
461 3748 474 3835 Η
488 3749 594 3832 filium]
610 3754 650 3827 cf.
675 3756 827 3811 Weiclsert.
843 3755 915 3828 Aup.
932 3755 984 3809 rel.
996 3769 1029 3824 p.
1049 3755 1105 3807 155
1123 3749 1252 3822 fortusse
1266 3749 1315 3808 Li·

167 3841 251 3898 uium
271 3843 342 3897 latet
361 3835 374 3920 Η
396 3839 537 3918 quoniam
552 3839 667 3896 Monac.
691 3840 745 3896 Gu.
765 3843 791 3895 2.
809 3843 827 3894 3
850 3835 932 3916 quod
945 3839 997 3894 Gu.
1018 3843 1037 3892 t
1054 3853 1145 3912 quum
1162 3837 1244 3908 culpo
1267 3833 1279 3912 Η
1300 3841 1317 3895 2

165 3917 317 3986 incedunt
340 3927 393 3984 Gu.
416 3929 434 3982 3
454 3921 596 3982 accident
614 3927 650 3982 ut.
668 3915 681 4003 Η
696 3921 788 3982 scribi
803 3923 919 3979 Monac.
945 3923 1026 3995 culpo
1042 3917 1177 3978 scribere
1199 3923 1251 3976 Gu.
1270 3926 1285 3978 1
1301 3915 1314 4001 Η

166 4009 209 4070 sd
225 4009 404 4069 alterutrum
423 4011 520 4082 urslpo:
551 4007 727 4066 alterutrum
742 4007 858 4064 Monac.
882 4008 936 4064 Gu.
956 4011 980 4063 1.
999 4011 1023 4062 2.
1042 4009 1068 4061 3.
1089 4010 1108 4060 t
1129 3999 1142 4084 Η
1163 4011 1180 4064 3
1198 4013 1317 4082 oportet

167 4099 253 4170 culpo
266 4089 281 4176 Η
296 4103 328 4153 et
341 4109 432 4168 super
443 4109 516 4152 vers.
533 4094 663 4166 Monac,
685 4111 737 4150 om.
758 4093 810 4150 Gu.
825 4097 851 4148 2.
871 4095 897 4148 3.
916 4097 936 4147 t
951 4084 964 4170 Η
979 4097 1115 4147 secretas
1134 4089 1185 4146 Gu.
1201 4095 1219 4145 4
1233 4085 1247 4169 Η
1263 4089 1315 4148 bs-

166 4180 296 4240 bsemus
313 4198 387 4256 ergo
403 4179 483 4238 iuter
497 4195 552 4236 nos
568 4180 650 4251 culpo
668 4177 820 4236 internos
837 4172 1003 4233 habeamus
1020 4175 1075 4232 Gu.
1095 4179 1110 4231 l
1126 4170 1315 4255 {licumque

166 4269 222 4324 Ge.
242 4259 286 4344 ΙΗ
301 4263 389 4324 nobis
405 4265 458 4322 Gu.
477 4256 522 4340 3Η
538 4273 555 4324 5
570 4261 629 4320 hoc
649 4261 740 4320 modo
756 4280 810 4319 om.
830 4261 882 4318 Gu.
900 4265 920 4316 4
935 4253 978 4340 ΗΊ
996 4256 1036 4318 ud
1058 4257 1174 4338 duplex
1191 4277 1210 4316 u
1232 4281 1250 4318 a
1267 4277 1315 4318 re·

165 4347 322 4408 denudum
336 4349 395 4406 erit
410 4351 464 4406 θα.
483 4351 496 4403 t
510 4343 524 4430 Η
542 4343 644 4422 etiem]
661 4354 761 4406 sutem
775 4348 828 4404 Gu.
845 4351 864 4402 2
878 4337 891 4425 Η
906 4345 1003 4404 uersis
1014 4363 1067 4402 orn.
1080 4347 1133 4404 Gu.
1152 4351 1170 4402 2
1185 4341 1198 4426 Η
1212 4353 1229 4408 8
1241 4345 1314 4404 ecri-

164 4433 245 4492 bunt
261 4427 329 4516 α1.Η
346 4441 455 4513 losqq.
471 4433 585 4507 fiyurus
602 4434 632 4488 iu
649 4433 745 4490 codice
759 4431 837 4504 sulse
854 4432 949 4504 pictus
962 4435 1082 4490 corrruu'
