3078 5072
248 375 287 434 64
620 393 662 433 un
686 393 774 434 vrnrs
795 393 1009 434 ruuvsrrnnvs

248 547 361 624 egerat
387 561 460 604 cum
490 539 605 621 Vario,
639 539 829 624 priusquam
852 537 949 602 Italia
977 539 1165 621 decederet,
1198 548 1235 604 ut
1259 541 1284 604 si
1310 539 1391 627 quid
1425 573 1432 580 ·

249 639 311 704 sibi
343 639 518 704 accidisset
556 640 706 704 Aeneida
739 640 958 723 combureret3
1010 640 1068 705 scd
1100 641 1128 705 is
1156 639 1317 704 iacturum
1354 665 1391 706 se

248 749 452 828 pernegarat.
487 741 586 827 igitur
610 742 643 804 in
667 749 813 806 extreme
834 739 1022 806 ualetudine
1038 742 1170 806 assidue
1192 743 1313 806 scrinia
1334 741 1389 806 de·

249 842 407 908 siderauit
436 849 638 906 crematurus
671 842 756 928 ipse:
808 864 922 906 uerum
956 843 1085 906 nemine
1119 843 1274 908 offerente
1305 843 1389 908 nihil

248 943 379 1030 quidem
399 944 591 1007 nominatim
613 943 654 1008 de
677 963 716 1008 ea
738 943 842 1023 cauit,
869 952 1011 1008 ceterum
1035 945 1142 1010 eidem
1162 943 1263 1008 Vario
1284 965 1323 1008 ac
1346 945 1387 1008 si·
1400 969 1412 1004 .·.
1485 1025 1492 1032 .

248 1043 316 1108 mul
337 1043 466 1108 Tuccae
490 1045 610 1130 scripta
637 1065 696 1108 sua
718 1043 780 1108 sub
803 1066 842 1108 ea
868 1045 1053 1110 conditione
1078 1045 1216 1130 legauit,
1248 1046 1389 1133 nequid
1486 1104 1490 1110 .

247 1147 383 1211 ederent
407 1145 492 1232 quod
515 1167 580 1209 uon
609 1167 629 1208 a
655 1167 689 1209 se
713 1145 835 1210 editum
862 1154 959 1210 esset.
996 1145 1100 1212 edidit
1125 1155 1390 1213 autem'uuctorc

185 1285 191 1296 ·
248 1248 399 1332 Augusto
415 1247 533 1310 Verius
555 1245 613 1310 sed
627 1247 810 1310 summatim
827 1247 1013 1323 emendata,
1033 1256 1070 1311 ut
1087 1249 1142 1335 qui
1161 1269 1275 1312 uersus
1290 1250 1387 1312 etianr

247 1347 445 1434 inperfectos
475 1348 558 1412 siout
586 1359 678 1411 erant
702 1343 889 1432 reliquerit;
919 1371 999 1434 quos
1022 1349 1113 1414 multi
1140 1371 1216 1414 nrox
1238 1348 1390 1436 supplere

152 1511 155 1516 .
249 1451 355 1514 conati
378 1471 443 1514 non
467 1447 604 1535 perinde
627 1448 800 1512 caluerunt
822 1449 863 1513 ob
891 1448 1134 1532 difficultatem,
1165 1450 1253 1537 quod
1280 1453 1426 1516 omnium

248 1551 317 1616 iere
340 1551 425 1638 apud
455 1573 528 1614 cum
556 1549 759 1614 hemistichia
786 1549 936 1614 absoluto
958 1552 1167 1640 perlectoque
1191 1561 1265 1616 suut
1291 1575 1389 1616 sensu

247 1661 377 1740 praeter
399 1651 495 1716 illud:
541 1656 654 1737 ‘quem
682 1652 742 1715 tibi
770 1650 898 1714 Troia'.
945 1652 1046 1716 Nisus
1074 1655 1303 1738 grammaticus
1333 1675 1388 1718 au·

249 1753 337 1818 disse
345 1776 380 1818 se
392 1775 412 1817 a
424 1751 605 1817 senioribus
617 1751 734 1832 aiebat,
747 1751 882 1817 Varium
894 1753 1059 1838 [duorum]
1074 1755 1229 1820 librorum
1242 1755 1389 1822 ordinem

249 1864 465 1920 commutasse
493 1864 526 1918 et
553 1855 608 1940 qui
631 1875 716 1916 nunc
743 1855 905 1918 secundus
933 1855 976 1918 sit
1003 1856 1052 1938 (in
1079 1857 1216 1942 prinlum
1224 1903 1233 1938 ,
1258 1857 1389 1920 tertium

334 2060 347 2110 l
366 2077 424 2125 sqq.
460 2060 567 2112 Plinius
584 2060 617 2110 N.
636 2059 671 2109 H.
690 2060 742 2110 l'II
760 2059 802 2123 30,
821 2060 866 2111 31:
904 2062 1000 2112 ‘Diues
1019 2063 1157 2127 Augustus
1180 2062 1302 2112 carmina
1321 2063 1388 2112 Ver·

249 2129 299 2196 gili
323 2129 438 2179 cremari
463 2133 559 2178 corrtre
582 2129 641 2178 eins
664 2129 825 2178 testamenti
846 2131 1042 2180 uerecundiam
1070 2132 1158 2179 uetuit
1180 2131 1321 2194 maiusque
1350 2133 1389 2180 ita

249 2198 307 2247 uati
327 2197 512 2246 testimonium
536 2196 667 2260 contigit,
690 2196 813 2260 quamsi
835 2197 893 2262 ipse
921 2212 972 2247 sua
994 2197 1189 2262 prouenisset)
1226 2199 1261 2247 cs.
1282 2198 1390 2247 (lellins

248 2265 327 2314 XVII
348 2263 392 2326 10,
412 2264 426 2312 7
446 2264 603 2314 hluerobius
622 2267 675 2313 sat.
694 2265 707 2312 1
725 2264 771 2326 ut,
790 2261 815 2316 6.

334 2331 366 2384 13
378 2347 435 2397 sqq.
455 2331 565 2382 Servius
578 2332 666 2398 praef.
682 2333 763 2380 hem:
784 2330 866 2382 ‘Ordo
885 2348 989 2397 quoque
1003 2334 1166 2382 manifestus
1185 2339 1236 2396 erat,
1250 2332 1316 2382 licet
1330 2335 1389 2398 qui·

249 2401 453 2466 damsuperllue
466 2399 569 2462 dicant,
583 2399 729 2449 secundum
742 2401 855 2464 primum
871 2416 930 2448 csse
945 2402 1054 2450 tertium
1070 2401 1218 2450 secundum
1232 2407 1259 2450 et
1272 2403 1388 2466 primum

203 2461 207 2468 ¹
249 2469 374 2517 tertium:
398 2467 460 2518 ideo
479 2469 544 2532 quia
562 2468 649 2531 primo
667 2467 746 2516 Ilium
765 2467 894 2528 concidit,
915 2475 976 2534 post
998 2470 1102 2518 errauit
1126 2470 1247 2528 Aeneas,
1273 2469 1389 2518 indeed

249 2535 365 2586 Didonis
388 2551 475 2599 regne
498 2536 637 2600 peruenit:
666 2535 821 2584 nescientes
850 2535 922 2584 hunc
946 2553 1005 2584 cnse
1032 2541 1117 2586 artem
1141 2539 1294 2600 poeticum,
1319 2544 1347 2586 ut
1372 2554 1389 2586 u

250 2603 346 2654 mediis
376 2604 542 2668 incipientes
570 2617 619 2666 pcr
642 2603 826 2652 narrationem
851 2603 885 2652 ad
909 2605 996 2668 prima
1019 2605 1162 2652 redeamus
1186 2609 1213 2654 et
1235 2619 1289 2654 non
1313 2620 1387 2653 num·

249 2687 329 2734 quam
348 2669 441 2720 futura
459 2685 700 2735 praeoccupemus,
720 2677 749 2718 ut
768 2686 816 2734 per
834 2672 1071 2720 rraueinatioucnr.
1109 2671 1178 2735 qued
1197 2673 1281 2720 etiam
1300 2672 1389 2721 Hora·

248 2741 303 2787 tius
322 2739 362 2787 sic
375 2740 513 2802 praecipit
531 2739 560 2786 in
573 2743 631 2786 arte
650 2738 774 2801 poetica:
793 2738 829 2787 vt
848 2739 902 2788 iarn
920 2754 992 2788 nrrrrc
1006 2739 1081 2788 dicat
1094 2740 1147 2788 inm
1167 2755 1237 2788 nuuc
1257 2739 1389 2789 debentia

248 2806 314 2868 dici,
333 2805 468 2871 Pleraque
486 2804 597 2854 differat
616 2810 644 2854 et
661 2821 791 2870 praesens
805 2806 833 2854 in
851 2811 958 2872 tempus
970 2807 1089 2856 omittet.
1126 2807 1196 2855 unde
1213 2813 1323 2857 constat
1341 2825 1387 2872 pe-

247 2875 299 2922 rite
318 2873 419 2923 iecisse
438 2870 603 2938 Virgilium.¹

250 3061 287 3120 dc
309 3063 375 3140 ipss
396 3061 503 3120 cadem
527 3080 559 3119 re
580 3079 686 3119 uersus
701 3061 804 3140 plures
827 3073 857 3121 et
874 3061 1050 3136 clarissimi,
1069 3081 1195 3141 quornm
1210 3058 1330 3121 initium
1346 3065 1390 3122 its

250 3156 310 3204 est:
336 3145 477 3222 ‘Ergone
492 3145 639 3224 supremis
654 3147 752 3224 potuit
766 3167 826 3205 uox
844 3147 979 3225 improba
990 3147 1093 3206 rrerbis
1107 3146 1185 3204 'Pam
1197 3146 1293 3206 dirum
1305 3168 1389 3207 man·

249 3231 322 3289 dare
337 3228 445 3289 nefas?
464 3249 535 3306 ergo
549 3229 603 3288 ibit
617 3231 649 3288 in
665 3233 750 3308 ignes
766 3233 939 3312 Magnaque,
960 3231 1126 3310 doctiloqui
1144 3233 1287 3291 morietur
1300 3233 1390 3292 Musa

248 3315 417 3375 Maronis‘i'
450 3323 480 3374 et
502 3315 697 3394 paulopost:
729 3316 802 3374 ‘sed
827 3317 929 3393 legum
951 3315 1101 3375 seminuda
1121 3317 1212 3375 fides:
1247 3337 1390 3396 suprema

248 3401 388 3460 noluntas
404 3399 493 3478 Quod
510 3399 633 3462 mandat
648 3400 774 3480 fierique
792 3401 889 3472 inhef,
909 3421 1017 3478 parere
1036 3421 1161 3460 neccsse
1180 3411 1235 3460 est.
1252 3403 1388 3480 Frarrga-

250 3497 297 3545 tur
312 3486 416 3564 potius
429 3485 531 3563 legum
547 3484 723 3544 uenerande
734 3495 888 3565 potestas:
919 3486 1017 3564 Quam
1037 3495 1082 3546 tot
1102 3497 1261 3564 congestos
1284 3495 1390 3548 noctes

239 3572 376 3652 diesque
398 3570 519 3630 labores
536 3571 683 3629 Hauserit
701 3589 762 3630 uns
780 3570 873 3630 dies.'
907 3581 937 3628 ct
953 3591 990 3630 ea
1006 3591 1085 3650 qnae
1105 3581 1279 3651 sequuntur.
1312 3571 1390 3632 nihil

250 3657 341 3733 igitur
356 3665 479 3715 auctore
493 3657 630 3733 Augusto
648 3655 758 3715 Varius
773 3655 869 3715 edidit
890 3655 1023 3732 (addidit
1039 3655 1250 3735 Burmannus),
1266 3655 1345 3736 quod
1359 3667 1391 3716 et

250 3743 334 3801 Maro
351 3751 564 3821 praeceperat,
596 3741 651 3800 scd
665 3742 835 3801 summatim
851 3740 1040 3812 emenduuit,
1060 3751 1093 3800 ut
1107 3744 1159 3821 qui
1176 3763 1281 3802 uersus
1298 3743 1390 3804 ctiam

249 3829 444 3905 imperfectos
460 3829 484 3884 si
502 3827 553 3906 qui
570 3833 656 3884 crant
670 3827 802 3906 reliquit.
831 3827 885 3886 hos
902 3826 986 3885 multi
1001 3846 1072 3884 mox
1094 3827 1236 3904 supplere
1255 3827 1354 3886 conati
1374 3849 1392 3896 ς

250 3909 254 3992 l
280 3924 289 3973 l
308 3931 382 3971 uero
402 3907 456 3992 ΒΗ
473 3921 488 3971 ⁵2
508 3911 561 3970 sed
576 3915 695 3984 scripsi:
717 3922 746 3969 et
765 3913 819 3968 BR
835 3905 848 3993 Η
864 3931 954 3989 super
968 3921 1098 3988 negarat
1115 3915 1141 3970 R
1157 3908 1170 3993 ll
1186 3923 1202 3974 3
1220 3911 1390 3970 ualitudine

231 3998 275 4053 -R
295 3992 309 4078 ΙΙ
328 4007 343 4058 5
360 4015 433 4055 uaro
448 4001 475 4074 Β
496 3991 509 4077 ll
529 4007 547 4058 8
561 4015 652 4054 uerus
668 3999 693 4052 R
711 3991 723 4078 Ι]
738 4007 754 4060 9
767 3997 961 4076 imperfectos
977 3999 1025 4065 Βς
1039 3991 1052 4080 ΙΙ
1067 3998 1145 4055 sicut
1160 4001 1335 4056 Gronovius:
1363 3999 1390 4056 si

249 4081 301 4160 qui
316 4084 390 4151 ΒΒς
403 4077 416 4164 [Ι
435 4092 461 4142 ll
477 4099 544 4140 eum
558 4101 610 4139 om.
625 4083 651 4138 Β
666 4075 679 4162 ll
696 4081 873 4141 emisthicha
885 4085 912 4138 Β
928 4077 941 4161 Η
954 4081 1146 4142 hemistichia
1158 4089 1280 4160 praeter
1296 4081 1388 4142 illud:

248 4165 367 4243 ‘Quaem
382 4167 436 4224 tihi
456 4167 512 4224 iarn
528 4167 623 4224 Troia
644 4166 780 4244 peperit’
797 4187 917 4225 sensum
933 4165 1075 4226 uidentur
1090 4167 1202 4226 habere.
1220 4168 1390 4244 perfeetum

249 4248 293 4332 ςΗ
309 4259 376 4308 sunt
395 4271 449 4310 arn.
475 4255 502 4310 Β
524 4246 665 4333 {sensura
689 4245 745 4334 ΒΗ
766 4261 797 4314 13
818 4271 918 4311 soom.
942 4255 968 4308 Β
984 4246 1309 4334 {ldicobatglluannn
1331 4249 1387 4334 llll

248 4336 372 4394 duorum
393 4340 498 4394 seclusi
510 4331 514 4416 l
542 4347 572 4397 ll
591 4336 642 4414 qui
665 4355 745 4394 nuno
765 4335 917 4396 secundus
938 4338 976 4395 sit
992 4339 1047 4394 BR
1072 4339 1122 4418 qui
1148 4347 1209 4395 turn
1236 4337 1390 4396 sccundus

248 4429 314 4484 erut
327 4443 345 4491 ς
357 4415 371 4503 ΙΙ
386 4421 416 4478 in
427 4420 569 4507 primum,
581 4421 700 4480 tertium
712 4421 743 4480 in
753 4421 934 4497 seeundum,
945 4423 1072 4501 primum
1088 4425 1187 4482 addidi
1194 4439 1209 4480 e
1222 4423 1321 4482 Seruio
1332 4427 1351 4482 l.
1363 4441 1389 4484 c.
