3064 5064
538 417 580 462 aa
602 417 691 464 rrars
712 417 925 464 runvsraravs
1238 407 1294 468 tlt
1355 487 1368 502 ἱ

244 554 283 634 >’<
309 564 361 629 chi
384 575 417 630 et
439 587 486 630 ro.
527 566 608 631 haec
635 566 706 632 sola
727 589 770 634 ex
791 567 960 634 uoluntate
981 569 1236 658 uniuscuiusque
1257 572 1300 637 ad

152 665 283 753 aliquid
307 666 529 732 adnotandum
550 668 690 754 ponitur.

241 765 359 858 {fiet
380 791 427 838 ro.
469 767 550 832 haec
571 779 778 856 apponuntur
801 773 951 857 quotiens
974 771 1027 836 uel
1047 772 1237 838 emendatio*
1245 773 1298 838 uel

154 872 304 957 (sensus)
325 871 396 934 eius
418 890 533 934 uersus
556 868 729 936 sollicitius
751 881 801 937 est
823 873 1057 959 inspiciendus.

133 993 145 1029 a
244 953 401 1056 [ancora
422 971 570 1058 superior
594 970 636 1036 ad
656 972 788 1060 aliquod
811 976 985 1062 praecipue
1006 973 1139 1040 dictum.

251 1072 397 1155 {ancora
423 1072 560 1138 inferior
586 1072 629 1137 ad
652 1073 807 1160 humilius
832 1075 886 1140 uel
910 1076 1193 1142 inconuenientius
1221 1077 1300 1164 quid

153 1158 373 1240 enuntiatum.

582 1275 686 1342 Notae
709 1277 884 1365 simplices.

244 1391 280 1450 >
305 1376 357 1442 bis
379 1377 510 1442 dictum.
545 1388 571 1450 ὓ
592 1377 720 1444 alienus
741 1401 883 1444 uersus»
897 1379 935 1450 ,f
954 1380 1171 1468 metaphrasis
1187 1380 1298 1447 latina.

122 1484 187 1544 ισΦ
210 1478 429 1568 metaphrasis
450 1501 579 1562 graeca.
626 1479 657 1548 M
682 1481 802 1545 malum
825 1490 963 1548 metrum
990 1491 1051 1555 aut
1069 1473 1223 1565 ἀπρεπές.
1266 1489 1303 1550 Π

155 1589 271 1646 contra
289 1579 470 1645 historiam.
520 1585 549 1644 Θ
569 1603 804 1668 superuacuus.
842 1615 876 1640 ·-
896 1604 1093 1669 repugnans.
1138 1582 1198 1654 lit<
1213 1594 1300 1650 recte
1380 1611 1386 1616 ·

154 1684 282 1768 positus
312 1691 345 1746 et
371 1683 530 1767 pugnanti
557 1683 749 1747 contrarius.
796 1721 832 1732 -
862 1686 1062 1772 propositum
1091 1688 1162 1750 sine
1187 1707 1300 1750 conse-

155 1785 282 1870 quenti.
328 1812 361 1840 ,-
383 1803 586 1870 consequens
609 1784 679 1848 sine
701 1785 898 1871 praeposito.
932 1797 971 1859 32
996 1786 1122 1852 alienus
1138 1795 1171 1852 et
1189 1808 1300 1874 super·
1343 1771 1347 1782 ⁵

155 1905 291 1949 uacuus.
336 1871 465 1967 <Diffi
487 1906 607 1972 graeca
629 1879 845 1974 metaphrasis
867 1895 900 1951 et
924 1887 976 1951 bie
998 1889 1121 1954 dictum
1149 1897 1182 1952 et
1206 1911 1301 1978 repu-

120 2007 274 2072 agnans.
327 1990 387 2050 ΦΡ
411 2009 532 2072 graeca
559 1986 773 2073 metaphrasis
801 1996 834 2052 et
861 2009 1058 2075 repugnans.
1110 1991 1168 2056 cf
1200 1999 1300 2056 meta·

154 2087 286 2173 phrasis
309 2109 429 2172 graeca
450 2096 483 2152 et
504 2088 616 2154 latina.

155 2243 202 2290 nbi
224 2241 330 2307 aliquid
348 2243 529 2294 obscuritatis
548 2249 590 2292 est
609 2243 642 2292 ob
662 2243 879 2295 sollicitudinem
897 2245 1016 2309 ponitur.
1047 2247 1156 2296 Ancora
1175 2247 1299 2312 superior

156 2311 271 2374 ponitur
289 2310 336 2358 nbi
355 2311 450 2376 aliqua
468 2325 513 2360 rea
531 2327 632 2377 magna
651 2312 760 2361 omnino
778 2317 830 2361 est.
865 2314 976 2362 Ancora
994 2313 1110 2362 interior
1127 2313 1174 2364 ubi
1193 2315 1299 2378 aliquid

156 2377 293 2427 uilissima
311 2377 357 2428 ucl
374 2380 616 2430 inccnuenientius
635 2378 826 2428 denuntiatum
845 2386 895 2429 est.
933 2380 1047 2430 Coronis
1066 2385 1132 2430 nota
1150 2385 1255 2430 tantum
1270 2382 1298 2430 in

157 2445 210 2494 line
229 2445 295 2494 libri
315 2445 470 2511 adponitur.
504 2445 626 2510 {alogus
638 2441 725 2512 'nota3
750 2461 820 2510 quae
839 2448 874 2496 ad
892 2447 1005 2496 mendas
1024 2447 1178 2497 adhibetur.
1214 2449 1298 2498 Fiunt

155 2519 184 2560 et
197 2513 273 2562 alias
287 2512 400 2563 notulae
419 2514 551 2564 librorum
563 2530 612 2579 pro
626 2515 809 2578 agnoscendis
826 2514 871 2564 his
890 2530 959 2579 quae
972 2531 1022 2579 per
1041 2517 1231 2566 extremitates
1249 2531 1298 2580 pa·
1325 2545 1329 2552 ·

154 2582 283 2644 ginanrm
296 2586 476 2645 exponuntur,
495 2585 534 2642 ut,
554 2581 600 2630 ubi
613 2581 702 2631 lactor
713 2582 742 2631 in
755 2581 850 2632 limine
863 2582 1016 2633 huiusmodi
1028 2584 1136 2648 signum
1150 2583 1299 2647 inuenerit,

155 2648 189 2696 ad
208 2654 314 2698 textum
334 2663 478 2698 recurrens
497 2649 619 2698 eiusdem
638 2649 772 2698 sermonis
794 2649 839 2698 uel
863 2649 995 2700 uersiculi
1018 2652 1091 2700 sciat
1110 2665 1171 2701 esse
1190 2657 1298 2716 exposi-

155 2716 275 2778 tionem,
294 2716 373 2765 cnins
388 2715 506 2768 similem
521 2717 743 2782 superiacentem
758 2723 852 2766 notam
867 2717 1026 2768 inuenerit.'

243 2883 255 2935 l
274 2892 312 2930 ex
327 2869 485 2929 uoluntate
496 2873 618 2943 scripsi.-
644 2870 694 2928 uix
710 2869 749 2928 ad
767 2869 954 2930 uoluntatem
974 2874 1001 2930 P
1013 2867 1025 2954 ΙΙ
1041 2881 1058 2934 4
1073 2893 1180 2934 sensus
1201 2878 1301 2932 addidi

155 2953 170 3038 l!
185 2965 331 3019 Saarna.
346 2971 517 3016 smrnrcas
533 2948 547 3035 ΙΙ
562 2954 757 3018 9metafrasis
773 2957 800 3012 P
814 2956 865 3043 (sic
877 2961 1002 3032 semper)
1019 2954 1033 3040 Η
1051 2968 1237 3046 loapraepes
1250 2955 1297 3042 Pl}

158 3044 324 3118 ragrecar‘
335 3043 388 3116 (sic
400 3035 568 3120 pastoralia
581 3039 721 3098 latinaF.
733 3038 771 3098 de
786 3040 866 3100 notis
877 3041 1042 3119 probianis.
1054 3061 1137 3102 aran
1148 3047 1302 3104 aoraa.P

150 3312 364 3374 EPIMETRI
396 3311 509 3372 LOCO
545 3310 574 3370 V
601 3309 843 3371 OOMMENTA
876 3309 1050 3373 GRAECA
1081 3316 1140 3374 Da
1167 3313 1296 3403 Nouis

483 3411 747 3473 ARISTAROHI
769 3411 959 3475 ADPOSVI
1043 3470 1050 3489 ,
1238 3412 1243 3421 '

515 3563 743 3614 ANEODOTVM
761 3563 942 3615 ROMANVM
997 3616 1000 3627 ,

461 3645 500 3686 aa
515 3644 632 3686 osanna
648 3643 873 3686 mastaurorum
885 3643 994 3686 alimum

175 3775 220 3844 Tri
236 3781 459 3864 παρατιθέμενα
474 3789 535 3856 τοῖς
546 3773 715 3862 Ὁμηρικοῖς
729 3783 836 3862 στίχοις
847 3773 1051 3864 Ἀριστάρχειοι
1065 3791 1170 3866 σημεῖα
1185 3777 1276 3866 docy-

381 3947 385 3956 ,
450 3891 537 3946 καῖον
550 3887 665 3965 γνῶναι
678 3876 747 3958 τούς
763 3879 1002 3966 ἐντυγχάνοντας.

638 4049 643 4058 ·
713 4007 740 4064 I.

244 4107 343 4182 Διπλῆ
357 4095 560 4186 σἰιτερίστιιιτος
736 4129 764 4164 ›-

243 4226 344 4302 Διτιλῆ
360 4221 583 4304 περιεστιγμένη
735 4219 762 4284 >¹-

238 4315 356 4402 Ὀβτλός
397 4387 400 4392 ⁴
733 4365 771 4376 -

238 4421 422 4513 Ἀστερίσιιος
436 4423 512 4494 καθ’
531 4425 636 4492 ἔαυτόν
731 4443 759 4500 ><
