3064 5064
525 405 569 446 nr.
593 405 681 446 aaao
705 405 908 448 concacava
1228 388 1286 448 165

139 551 430 628 mero†imbrium
454 552 561 638 adque
584 548 672 616 ueris
694 559 892 639 acceperunt
912 550 1082 617 uocabula.
1115 575 1212 640 porro
1238 569 1285 616 ra-

139 669 302 718 avaarvu
331 675 373 717 ex
398 655 528 718 nomine
552 653 624 717 Iani
647 662 860 734 uocauerunt,
881 653 938 717 sed
961 652 1147 740 specialiter
1168 653 1285 720 Ianua·

138 757 208 818 rius
233 755 421 841 appellatur
453 776 491 818 eo
523 755 610 840 quod
637 757 737 819 ianua
764 756 807 819 sit
834 757 912 818 anni
942 754 1049 841 adque
1075 755 1284 842 priucipium.

138 871 368 920 rsaavaurvra
393 862 502 919 autem
530 877 551 917 e
572 855 712 920 Februis
735 857 836 922 sacris
859 856 1080 944 Lupercorum
1100 855 1284 943 appellaue·
1348 919 1355 936 ,

116 965 229 1022 arunt.
273 957 383 1043 itaque
404 956 491 1043 apud
514 958 667 1042 antiquos
687 956 822 1021 Latinos
844 957 955 1022 decem
978 957 1145 1022 mensibus
1169 979 1284 1024 cursus

135 1059 218 1122 anni
244 1056 504 1144 computabatur.
542 1059 601 1123 sed
624 1057 814 1122 Ianuarium
837 1058 994 1124 Romanis
1012 1068 1045 1124 et
1065 1057 1283 1127 Februarium

136 1203 195 1246 tum
221 1195 314 1245 XVIII
336 1195 364 1245 5:
391 1196 452 1246 ‘sed
476 1203 504 1246 et
527 1195 665 1246 mensibus
689 1198 877 1262 Imposuerunt
898 1197 1010 1247 nomiae
1028 1198 1139 1248 deorum
1164 1213 1281 1248 sucrum.

136 1269 251 1330 propter
269 1263 399 1314 honorem
412 1265 513 1331 qnippe
527 1265 644 1322 Romuli,
664 1265 729 1329 quie
742 1281 802 1316 eum
815 1265 913 1316 Martia
926 1263 1011 1316 filium
1025 1263 1207 1326 credIdcrunt,
1228 1267 1283 1331 pri·

137 1347 211 1381 marn
231 1347 352 1380 mensem
371 1333 453 1382 Marti
473 1332 598 1382 dicantes
617 1332 746 1382 Martium
765 1341 944 1382 uocauerunt.
982 1339 1009 1382 et
1033 1333 1095 1382 inde
1120 1333 1240 1398 Aprilem
1266 1351 1283 1384 ιι
1330 1386 1335 1398 ‚

136 1399 214 1449 nullo
233 1399 279 1448 dei
295 1401 338 1448 sui
357 1400 466 1449 nomine
485 1399 534 1449 aed
553 1415 569 1448 a
587 1417 616 1450 re
636 1401 697 1464 ipsa
716 1401 795 1465 quasi
815 1400 947 1466 aperilem
966 1401 1037 1465 quod
1056 1406 1120 1450 tunc
1139 1402 1282 1465 plurirnum

136 1467 272 1534 germinis
291 1469 433 1531 aperiatur
451 1469 479 1516 iu
498 1467 599 1518 florem.
630 1468 693 1518 inde
713 1469 823 1518 tertium
842 1484 962 1518 mensem
975 1469 1078 1518 Maium
1097 1469 1166 1532 quod
1180 1469 1283 1518 Meiaru

136 1535 271 1585 Mercurii
295 1541 409 1584 matrem
432 1535 512 1584 dcem
531 1535 633 1585 colunt.
670 1536 732 1585 inde
757 1543 882 1600 quartum
907 1537 1015 1586 IunInm
1034 1552 1050 1586 a
1070 1537 1181 1588 lunone.
1220 1536 1282 1586 inde

136 1610 248 1652 ceteros
267 1617 352 1666 usque
372 1602 407 1651 ad
426 1603 605 1652 Decembrem
626 1619 642 1652 a
661 1605 781 1653 numeris
800 1605 983 1654 nominarunt.
1020 1604 1068 1654 scd
1087 1619 1120 1654 ex
1139 1605 1179 1654 eis
1198 1606 1282 1666 Quin-

135 1669 196 1720 tilla
216 1675 300 1734 atque
320 1669 433 1720 Sextilis
456 1671 612 1720 nominibus
633 1670 771 1720 homiuum
796 1672 893 1736 quibus
917 1671 1025 1722 diuinos
1048 1671 1164 1722 honores
1188 1671 1283 1722 decre·

135 1745 239 1788 nerant
257 1737 392 1802 appellati
410 1744 474 1787 surrt
492 1737 577 1788 Iulius
602 1744 630 1788 et
647 1739 794 1804 Augustus.
832 1755 895 1788 narn
918 1740 1050 1804 septimus
1069 1739 1232 1806 September
1256 1747 1283 1790 ct

134 1805 227 1856 ceteri
253 1811 285 1854 ut
306 1805 365 1854 diui
387 1821 472 1870 nsque
492 1806 527 1855 ed
545 1805 725 1856 Decembrem
750 1822 920 1856 numerorum
940 1823 974 1856 ex
992 1806 1087 1856 ordine
1105 1807 1283 1872 pronuntian-

134 1881 189 1923 tur.
226 1889 308 1938 porro
328 1873 472 1922 Ianuarius
491 1889 508 1922 a
527 1873 595 1924 Iauo
615 1872 770 1939 appellatus
785 1879 835 1934 est,
854 1875 1023 1925 Februarius
1036 1875 1182 1924 aFebruis
1195 1876 1283 1926 saeris

135 1938 344 2006 Lupercorum!
369 1941 552 2004 Hieronymus
565 1959 660 1991 eornm.
676 1943 703 1990 in
717 1941 799 1992 Zaeh.
814 1941 842 1992 II
860 1939 876 1990 8
889 1947 952 1994 torn.
966 1942 1005 1991 vl
1018 1959 1043 2008 p.
1057 1939 1107 1991 85⁴2
1122 1942 1207 1992 Vella
1228 1943 1281 1992 ‘Ia-

134 2009 251 2058 nuarius
270 2025 304 2058 eo
323 2008 394 2074 quod
412 2009 496 2058 Ianua
515 2010 581 2058 anni
597 2012 634 2060 sit
652 2015 734 2074 atque
753 2010 917 2074 principium
936 2009 1057 2060 dicitur)
1089 2011 1125 2060 cl.
1145 2026 1239 2060 comm.
1254 2011 1282 2060 in

133 2075 240 2126 Bacch.
258 2075 340 2126 vnn
352 2073 386 2124 29
398 2081 462 2126 tom.
478 2077 538 2141 Vp.
553 2075 601 2128 3⁴1
616 2076 687 2126 Vall.
713 2103 734 2111 -
752 2077 864 2126 Servius
876 2093 971 2142 georg.
989 2076 1048 2128 143
1067 2077 1148 2140 (raude
1162 2078 1282 2128 Isidorus

131 2145 224 2210 origg.
233 2142 252 2194 l.
261 2159 286 2193 c.
294 2143 427 2193 nonnulla
437 2145 607 2209 exscripsitl:
623 2145 737 2194 ‘Nouum
748 2161 795 2194 uer
805 2145 867 2196 ideo
878 2145 926 2206 ait,
939 2145 1003 2209 quia
1014 2143 1079 2194 abui
1090 2145 1197 2194 Initium
1208 2161 1281 2195 men-

131 2213 175 2262 ois
194 2217 238 2262 est
255 2210 381 2262 Martius.
406 2218 434 2261 et
450 2211 592 2262 sciendum
611 2212 705 2262 decern
724 2217 830 2261 tantum
849 2227 956 2264 menses
970 2213 1056 2262 Iuleae
1069 2212 1142 2278 apud
1154 2214 1281 2263 maiores.

131 2279 266 2330 Martium
286 2285 377 2329 autem
395 2279 460 2328 anni
478 2280 643 2344 principium
662 2280 764 2330 habere
787 2279 931 2330 uoluerunt
948 2285 1060 2344 propter
1080 2281 1196 2329 Martem
1214 2295 1281 2330 suae

131 2347 227 2411 gentis
238 2351 389 2396 auctorem.
402 2347 472 2411 quod
483 2347 573 2397 multia
584 2347 705 2396 lirnratur
716 2348 883 2398 auctoribus.
894 2347 1022 2413 NIgidius
1033 2348 1060 2395 in
1070 2347 1280 2412 sphaeraGrae-

132 2415 236 2464 canica
249 2429 349 2463 nouum
364 2429 464 2464 aunum
478 2415 680 2478 aequinoctium
694 2415 806 2464 uernalc
819 2417 951 2465 nominet.
975 2415 1062 2464 Varro
1075 2414 1281 2480 epistolicarurn

132 2483 343 2547 quaestionum:
362 2481 438 2531 Inter
450 2498 569 2532 mensam
582 2483 762 2532 Februarium
777 2483 823 2547 qui
836 2488 898 2532 tuuc
913 2487 987 2532 easet
1000 2488 1149 2542 extremus,
1169 2485 1197 2532 et
1210 2482 1282 2532 inter

131 2549 269 2600 calendas
283 2549 399 2600 Martius
413 2565 483 2613 quae
497 2555 560 2600 tune
575 2557 654 2599 eraut
666 2551 780 2614 primae.
809 2551 888 2600 Atta:
908 2551 1013 2600 Annum
1026 2565 1124 2600 nounm
1137 2545 1283 2600 uoluerrInt

132 2633 194 2668 aeae
215 2617 333 2683 primum
347 2633 467 2666 mensem
480 2617 616 2667 Martium.
642 2617 680 2668 'et
695 2618 777 2667 alibi:
794 2619 915 2668 Maiores
928 2618 1055 2666 llartiurn
1069 2618 1182 2683 prImuru
1196 2616 1282 2667 habu-

131 2693 223 2734 errmt.
247 2683 351 2750 Aprilis
368 2700 433 2734 uero
445 2685 536 2734 dictae
549 2691 590 2734 cst
607 2686 687 2750 quasi
699 2691 786 2735 terres
797 2692 891 2751 tepore
907 2687 1049 2750 aperiens,
1063 2685 1153 2736 Maius
1165 2700 1182 2734 a
1194 2685 1278 2743 Maia,

132 2753 230 2802 Iunius
244 2769 261 2801 ιι
275 2751 393 2800 Iunone:
415 2768 577 2817 quamquam
592 2753 640 2802 alii
663 2769 679 2802 a
693 2753 845 2802 maioribus
862 2759 890 2802 et
901 2753 1053 2803 iunioribus
1065 2752 1113 2802 hos
1126 2753 1193 2804 ‹luos
1206 2769 1279 2802 men·

131 2835 179 2870 sea
191 2819 283 2870 uelint
296 2821 459 2869 nomiuatos.
496 2835 559 2870 narn
579 2826 642 2870 unte
656 2819 771 2886 populus
790 2819 928 2870 Romanus
946 2821 974 2870 in
988 2820 1127 2870 centurias
1145 2821 1279 2873 iuniorum

131 2893 161 2936 et
174 2888 315 2936 seniorum
328 2887 434 2937 diuisus
448 2887 545 2936 luerat.
577 2888 675 2953 reliqui
688 2889 741 2937 iam
756 2903 772 2936 a
785 2904 896 2938 numero
909 2888 1129 2948 nominabantur,
1149 2887 1281 2950 Quintilis

132 2955 249 3004 sextilia
269 2955 432 3019 September
450 2953 571 3006 October
588 2955 742 3006 Nouember
766 2957 927 3006 December.
966 2963 993 3006 et
1019 2956 1047 3005 hi
1072 2961 1151 3006 erant
1174 2959 1279 3006 tantum

131 3025 230 3073 decem
256 3038 374 3072 menaea.
411 3023 463 3074 duo
492 3039 558 3073 acro
581 3030 692 3088 propter
720 3025 855 3074 rationem
877 3026 1017 3088 signorum
1042 3024 1107 3073 anni
1131 3024 1278 3074 intercala-

131 3092 244 3152 bantur,
265 3091 313 3154 qui
331 3093 428 3154 postea
447 3106 464 3140 a
482 3090 550 3142 Iano
569 3097 597 3140 ct
620 3107 637 3140 a
655 3091 763 3140 Februo
786 3093 922 3142 nominati
938 3097 1009 3142 sunt.
1047 3091 1169 3142 Februua
1188 3096 1279 3142 autem

131 3167 176 3208 est
195 3159 272 3207 Ditis
291 3165 372 3224 pater
391 3157 435 3207 cui
455 3175 487 3208 eo
506 3175 599 3207 menae
618 3159 838 3209 sacrificabatur.
870 3159 1001 3220 Quintilis
1018 3165 1044 3208 et
1058 3159 1170 3208 Sextilis
1182 3160 1278 3208 mutati

130 3233 195 3276 sunt
215 3233 315 3290 postea
335 3227 362 3274 in
381 3225 509 3276 honorem
528 3226 592 3275 Iulii
611 3227 741 3276 (laesuris
761 3232 789 3276 et
807 3228 931 3292 Augusti.
967 3227 1037 3276 unde
1061 3233 1124 3276 eunt
1142 3226 1228 3276 Iulius
1252 3233 1279 3275 ct

129 3296 281 3358 Augustus.
319 3294 360 3342 sic
378 3293 494 3344 Ouidius
513 3295 540 3342 in
561 3291 660 3351 iustu?
681 3321 711 3328 —
737 3295 822 3343 Varro
840 3295 872 3344 L.
892 3295 923 3344 L.
943 3295 980 3343 VI
998 3293 1031 3344 33
1049 3311 1102 3358 aq:
1129 3295 1278 3344 ‘Maesium

130 3363 246 3412 nomiae
266 3361 324 3410 irre
345 3367 441 3426 aperta
460 3367 522 3411 aunt
546 3361 569 3410 si
593 3377 609 3410 a
627 3361 728 3412 Martio
747 3367 776 3410 nt
799 3363 906 3427 antiqui
925 3363 1126 3412 constituerunt
1144 3377 1278 3412 numeres.

129 3445 195 3478 nam
208 3429 315 3494 primns
334 3443 351 3476 a
369 3429 467 3478 Marte.
504 3429 639 3479 secundus
662 3435 690 3478 ut
709 3429 822 3479 Fuluius
845 3431 943 3479 scribit
967 3435 994 3478 et
1018 3429 1112 3478 Iunius
1136 3445 1152 3478 a
1171 3430 1277 3482 l'cucrc

129 3497 203 3561 quod
224 3512 260 3546 eu
278 3496 315 3545 sit
333 3496 497 3560 Aphrodite:
518 3497 613 3561 (piolus
632 3512 730 3545 nomen
750 3513 800 3560 ego
814 3498 936 3561 antiquis
948 3496 1049 3546 litteris
1063 3495 1132 3560 quod
1147 3511 1278 3560 uursquarn
1351 3549 1359 3558 ,

129 3565 242 3624 iuueni,
269 3564 359 3628 magis
377 3569 442 3628 puto
467 3565 568 3614 (lictum
594 3565 663 3630 quod
687 3581 735 3613 rrer
753 3565 845 3614 omnia
868 3564 958 3629 aperit
981 3563 1110 3628 Aprilem.
1147 3565 1243 3614 tertius
1263 3579 1278 3611 u

128 3633 286 3682 maioribus
306 3631 412 3692 Maius,
438 3639 549 3695 quartus
573 3648 589 3680 a
614 3632 766 3682 iunioribus
789 3631 878 3681 dictus
902 3632 1005 3682 Iunius.
1046 3631 1145 3680 dehinc
1169 3631 1279 3695 quiuitus

128 3699 268 3762 Quintilis
288 3705 315 3748 ct
334 3699 375 3748 sic
394 3699 526 3764 deInccps
544 3715 628 3764 rusque
653 3699 687 3748 ad
707 3699 889 3749 Decembrem
912 3716 929 3748 a
952 3714 1072 3749 nurnero.
1110 3699 1144 3748 ed
1164 3697 1214 3747 hos
1234 3697 1279 3762 qui

128 3769 221 3816 additi
242 3768 318 3832 prior
337 3781 353 3816 a
371 3767 495 3832 principe
515 3767 566 3818 deo
584 3767 731 3816 Ianuarius
750 3766 918 3832 appellatum
944 3767 1079 3832 posterior
1100 3771 1129 3816 ut
1149 3765 1219 3816 idem
1238 3765 1278 3814 di·

134 3859 337 3870 .-.-—-—

221 3915 232 3966 l
252 3915 346 3982 atque
361 3898 484 3985 AB²E11
500 3905 677 3982 acciperunt
690 3901 786 3962 AB¹D
799 3898 815 3985 H
829 3902 989 3963 uocablnm
1009 3911 1032 3960 A
1049 3899 1062 3983 ll
1078 3903 1213 3962 ianuario
1237 3897 1274 3959 B¹

128 4040 130 4057 ,
170 3991 260 4050 2ἰιιιι
275 3995 302 4047 Α
318 3987 333 4070 ss
347 3987 390 4048 s&
406 3985 444 4046 13¹
461 3999 489 4047 et
503 3993 543 4046 ito
555 3991 623 4063 sere
637 4007 750 4063 semper
765 3985 810 4070 ll³
830 3989 981 4068 apellatur
996 3992 1024 4046 B
1039 3983 1053 4070 ll
1067 3997 1159 4068 alque
1177 3985 1244 4044 AB²
1263 3981 1274 4066 ‚l

124 4091 143 4138 4
160 4073 352 4134 febroarinm
367 4069 404 4131 Α1
422 4067 436 4155 ΙΙ
451 4071 570 4132 februas
584 4069 621 4131 B¹
640 4070 653 4154 ΙΙ
668 4075 763 4132 sacris
779 4087 810 4134 et
824 4073 935 4133 ualidis
954 4077 979 4130 A
1000 4069 1013 4154 Η
1035 4073 1227 4151 lupercorum
1245 4071 1276 4130 id

125 4169 181 4220 eat
193 4179 211 4216 a
229 4159 357 4237 plutone
373 4159 422 4216 cui
437 4177 474 4218 ec
489 4178 593 4218 mense
607 4155 856 4235 sacrificabantur
867 4158 982 4216 romani
997 4161 1023 4215 B
1038 4152 1050 4239 ll
1066 4157 1276 4235 apellauerunt

128 4249 157 4302 B
173 4240 190 4324 Η
204 4253 221 4306 6
238 4245 385 4302 Romania
401 4243 574 4302 Ianuarium
591 4251 623 4302 et
637 4243 835 4302 Februarium
851 4245 1017 4301 Beckerue:
1043 4243 1212 4300 ianuarium
1229 4263 1274 4299 rn-

124 4329 214 4390 mani
231 4327 417 4388 februarium
438 4323 505 4386 Aa*
522 4329 690 4387 manerium
711 4329 826 4386 romani
851 4327 994 4386 dixerunt
1009 4325 1190 4386 februarium
1210 4324 1276 4384 ‚lili

122 4411 299 4474 ianuarium
316 4414 433 4472 romani
443 4411 627 4472 addiderunt
644 4413 828 4472 februarium
845 4415 871 4470 D
