3072 5064
238 343 301 406 200
741 358 870 400 raarvu

363 505 421 572 bas
448 507 535 570 inter
559 505 762 594 mediamque
781 505 865 570 duae
888 505 1078 571 mortalibus
1098 508 1207 592 aegris

363 629 497 673 munere
519 629 693 674 concessae
712 608 833 673 diuum.

239 709 296 776 sed
320 711 374 798 qui
402 711 544 797 proximi
572 718 648 774 sunt
674 710 799 775 aestiuo
823 709 960 792 circulo,
995 709 1058 796 ipsi
1090 720 1167 776 sunt
1194 709 1375 798 Aethiopes

237 813 338 880 nimio
359 812 467 878 calore
485 812 619 900 perusti.

131 999 231 1072 l26*
321 1032 453 1082 Passus
490 1015 603 1081 mundi
636 1025 789 1102 quattuor
823 1025 913 1080 sunt:
960 1018 1048 1102 ignis
1083 1037 1248 1104 aeraque
1275 1025 1399 1082 terra.⁵

238 1141 374 1206 quarum
407 1118 488 1184 haec
517 1127 567 1182 est
598 1128 732 1184 natura:
769 1134 863 1184 mals
894 1119 1001 1184 tenuis
1036 1127 1152 1183 acutus
1174 1129 1208 1184 et
1235 1119 1376 1201 mobilis,

238 1236 308 1284 aaa
328 1219 458 1289 mobilis
483 1230 597 1286 acutus
620 1229 652 1284 et
672 1241 817 1304 crassus,
847 1237 942 1298 aava
964 1241 1075 1285 crassa
1099 1221 1238 1319 obtunsa
1254 1230 1287 1286 et
1308 1243 1375 1286 mo·

391 1416 426 1478 ου’
437 1420 495 1494 μὴν
507 1415 594 1492 ὕδωρ,
613 1417 677 1478 ἄλλ’
690 1417 777 1486 αὐτὸς
789 1417 843 1478 α’π’
855 1417 1019 1490 οὐρανόθεν
1031 1420 1202 1492 κρύσταλλος

391 1497 482 1546 νεῖται
495 1494 514 1577 ³5
526 1485 684 1562 α’ναπὲοχε,
697 1488 872 1560 manaucatis
885 1489 917 1547 dl
930 1493 1067 1546 τέτυκται.

390 1557 461 1614 α’ὶλά
474 1581 509 1614 ια
544 1557 575 1613 ἓν
587 1566 705 1629 χερσαῖα
718 1560 767 1614 καὶ
779 1553 892 1630 ἄμβαια
905 1554 1095 1628 ἀνθρώποισι·

316 1651 329 1668 ·
392 1628 470 1682 δοιαὶ
483 1579 593 1682 d'dllon
607 1625 686 1682 ἔασιν
700 1623 828 1684 ἐναντίαι
842 1623 1000 1697 ditificent,

390 1693 531 1765 μεσσηγὺς
544 1692 646 1764 tripede
658 1715 687 1750 τε
700 1695 749 1750 καὶ
762 1693 859 1750 desino
871 1693 1055 1782 κρυστάλλου.

391 1757 478 1834 ἄμφω
491 1759 627 1833 trinepte!
641 1783 671 1818 ιε
683 1763 732 1818 acl
745 1757 868 1833 ὄμπνιον
879 1767 935 1818 nid
947 1761 1073 1818 ὀιιοοοαι

392 1826 685 1915 ιιαρπὸνἘλευοινίης
698 1830 871 1904 Appenninos.
898 1785 974 1887 tali
986 1851 1036 1902 μιν
1048 1826 1153 1900 ἄνδρες

392 1901 548 1962 aminoen
560 1902 683 1954 ναίουσι.

240 1969 329 2022 ταῦτα
342 1961 619 2038 μὲνἘοαιοοθένης.
643 1971 782 2038 Vergilius
795 1989 887 2038 georg.
901 1969 1057 2024 1233—39:

392 2041 509 2105 quinque
522 2045 618 2090 tenent
630 2039 736 2090 caelum
750 2055 850 2104 zonae,
864 2057 976 2105 quarum
988 2056 1043 2090 una
1056 2056 1168 2091 corusco

392 2123 501 2175 semper
513 2109 571 2159 sole
584 2109 684 2158 rubens
698 2114 726 2158 et
738 2109 842 2160 torrida
853 2124 962 2174 semper
974 2109 1008 2158 ab
1021 2109 1092 2174 igni3

393 2192 473 2242 qnam
486 2173 588 2228 circum
601 2182 740 2226 extremae
753 2177 849 2226 dextra
861 2176 998 2241 laeuaque
1012 2176 1154 2226 trahuntur

393 2244 523 2295 caerulea
535 2245 627 2311 glacie
641 2252 788 2296 concretae
803 2251 884 2309 atque
897 2243 1028 2294 imbribus
1042 2245 1117 2294 atris.

392 2313 443 2364 has
456 2313 528 2362 inter
539 2312 710 2378 mediamque
723 2312 792 2362 dnae
806 2312 967 2362 mortalibus
980 2313 1071 2377 aegris

392 2397 503 2430 munere
517 2397 666 2431 concessae
680 2381 777 2430 diuom.
803 2381 848 2430 uia
861 2385 939 2429 secta
952 2397 1001 2445 per
1013 2381 1116 2442 ambas,

393 2449 517 2514 obliquus
530 2463 583 2513 qua
596 2464 625 2498 se
639 2449 778 2514 signorum
790 2453 912 2497 uerteret
923 2448 997 2497 ordo.

239 2517 344 2568 Probus
354 2531 448 2583 georg.
459 2517 472 2566 1
483 2517 545 2566 bil:
560 2516 641 2566 ‘hanc
654 2523 747 2566 tanton
758 2517 914 2567 uniuersam
925 2515 1136 2581 disputationem
1148 2520 1250 2566 certum
1262 2521 1304 2566 est
1313 2515 1381 2566 Ver-

240 2585 335 2650 gilium
354 2585 525 2634 transtulisse
544 2585 578 2634 ab
596 2584 794 2646 Eratosthene,
820 2585 896 2634 cuins
918 2584 989 2634 libet
1010 2590 1051 2634 est
1067 2580 1233 2634 heranietris
1255 2584 1382 2636 uorsibus

240 2653 373 2718 scriptus,
387 2653 432 2716 qui
445 2653 562 2702 Hermes
574 2652 745 2701 inscribitur:
760 2653 836 2702 cuius
847 2652 1041 2716 disputationis
1053 2652 1109 2702 talc
1123 2653 1286 2718 principium
1299 2659 1354 2702 est:

458 2714 542 2770 πέντε
556 2711 588 2769 di
601 2713 634 2769 ni
644 2717 729 2782 ζῶναι
742 2713 890 2785 πεοιαοὲες
902 2709 1078 2785 ἔσπείοηνιο.

461 2781 494 2836 αῖ
505 2779 558 2837 δύο
571 2780 624 2852 μὲν
636 2787 772 2851 γλαυκοῖο
785 2780 955 2851 κοανόιεραι
968 2786 1088 2839 κυάνοιο

242 2861 270 2905 ct
282 2859 377 2905 cetera
390 2870 423 2904 cx
436 2855 495 2920 ipso
508 2855 578 2904 libro
595 2853 778 2918 requirenda.'
804 2855 846 2906 Of.
865 2862 994 2922 praetera
1011 2857 1156 2906 Lucretius
1169 2855 1192 2903 V
1203 2855 1253 2905 205
1266 2855 1382 2906 Ovidius

242 2927 351 2972 metam.
364 2921 378 2972 1
390 2921 423 2971 49
435 2938 494 2988 sqq.
506 2950 540 2958 -
556 2923 688 2972 Varronis
699 2939 794 2973 versus
808 2924 891 2973 ctiam
903 2925 931 2974 in
944 2923 1079 2989 glossario
1091 2923 1245 2974 Salomonis
1258 2923 1382 2988 episcopi

241 2991 462 3040 Constantiensis
485 2989 529 3040 vel
572 2991 643 3040 otius
666 2991 754 3040 leonia
773 2997 866 3040 extare
886 2997 1003 3041 testatur
1020 2993 1191 3042 Burmannus
1209 2991 1312 3042 anthol.
1330 2990 1381 3041 lat.

241 3059 265 3108 V
283 3057 317 3107 48
335 3063 400 3108 tom.
420 3058 447 3108 11
466 3074 528 3124 pag.
548 3005 598 3108 {35
616 3073 655 3122 sq.
676 3059 823 3124 exscripsit
841 3059 884 3108 Iso
902 3059 1043 3110 Isidorum.

329 3121 700 3179 l26*1sidor11sdenatura
722 3142 811 3176 rerum
828 3127 881 3176 xl:
906 3127 962 3177 ‘lie
986 3128 1109 3194 partibus
1128 3127 1227 3177 mundi.
1257 3127 1382 3177 Partes

243 3194 355 3245 mundi
437 3193 632 3260 iunguntur.
661 3193 731 3244 haec
754 3195 848 3261 itaque
870 3211 904 3244 ne
929 3197 1043 3246 confusa
1065 3197 1152 3245 minus
1175 3194 1382 3260 intellegantur,

242 3261 370 3313 subiecta
388 3261 510 3327 expressi
528 3261 635 3326 pictura
652 3261 706 3326 (flp.
725 3263 760 3326 1).
787 3269 908 3312 ceterum
921 3271 1034 3314 sanetus
1048 3263 1205 3314 Ambrosius
1223 3263 1319 3312 eadem
1332 3261 1383 3311 eli-

242 3335 335 3381 menta
352 3345 401 3395 per
418 3328 567 3394 qualitates
592 3329 689 3393 quibus
712 3331 764 3380 sibi
782 3332 900 3380 inuicem
924 3332 1040 3396 quadam
1059 3337 1173 3381 naturae
1193 3330 1383 3380 communione

243 3399 453 3450 commiscentur
470 3397 510 3447 ita
527 3397 570 3446 his
586 3397 679 3448 uerbis
697 3399 852 3465 distinguit:
875 3400 975 3461 Terra,
999 3401 1106 3464 inquid,
1129 3399 1207 3450 arida
1230 3404 1257 3448 et
1280 3397 1384 3463 frigida

244 3471 299 3526 est3
318 3481 390 3532 aqua
402 3465 503 3530 frigida
517 3465 604 3530 ndqne
617 3465 735 3528 humida,
750 3483 798 3518 aer
810 3466 916 3516 calidus
930 3467 1016 3532 adque
1030 3468 1154 3518 humidus
1167 3473 1217 3528 est,
1230 3467 1301 3534 ignis
1314 3465 1383 3515 eali-

243 3535 292 3584 dns
306 3541 348 3585 est
361 3539 389 3583 et
401 3534 500 3583 siccus.
520 3549 569 3598 per
580 3533 630 3584 has
644 3535 714 3584 enim
728 3535 835 3600 iugales
850 3535 998 3598 qualitates
1011 3535 1050 3585 sic
1064 3535 1116 3585 sibi
1130 3534 1240 3600 singula
1257 3535 1384 3584 commis-

244 3607 348 3653 centur.
372 3609 446 3652 tcrra
464 3601 535 3650 enim
552 3615 613 3650 cum
625 3601 661 3650 sit
675 3603 752 3653 arida
767 3608 794 3653 et
809 3603 911 3668 frigida
929 3605 1102 3669 coniungitur
1114 3619 1202 3667 aquae
1215 3619 1264 3667 per
1281 3617 1384 3668 cogna-

243 3671 345 3721 tionem
359 3669 498 3736 qualitatis
512 3668 644 3734 frigidam
657 3687 749 3721 rursus
760 3687 832 3736 aqna
844 3671 900 3720 aeri
912 3687 960 3736 per
972 3671 1119 3734 humorem,
1130 3671 1194 3736 quia
1206 3671 1330 3720 humidus
1341 3675 1386 3719 est

243 3755 300 3789 aer.
313 3737 547 3804 aqnaenimquasi
557 3737 1068 3804 quibusdamdnobusbracbiisfrigoris
1076 3739 1288 3804 adquebnmoris
1296 3737 1386 3788 altero

244 3813 345 3856 terram
356 3805 443 3856 altero
451 3821 542 3855 aerem
553 3804 661 3856 uidetur
670 3807 816 3872 conplecti,
825 3807 923 3872 frigido
935 3807 1040 3874 quidem
1051 3813 1151 3858 terram
1164 3823 1254 3857 aerem
1264 3805 1385 3856 humido.

244 3875 302 3940 ipse
316 3889 421 3939 quoqne
435 3889 484 3923 aer
494 3871 599 3922 medius
611 3873 683 3924 inter
696 3875 747 3925 duo
761 3877 973 3942 compugnantia
986 3884 1182 3940 perlaturam,
1195 3875 1246 3924 hoc
1261 3879 1302 3924 est
1312 3873 1386 3924 inter

245 3957 344 4008 aquam
358 3949 386 3992 et
398 3943 498 4007 ignem,
510 3944 653 4006 utrumque
665 3942 731 3992 illud
746 3943 902 3994 elimentum
915 3943 968 3994 sibi
981 3943 1126 4006 conciliat,
1146 3943 1210 4008 quia
1228 3957 1316 4006 aquae
1335 3941 1385 3991 hn-

245 4026 318 4060 more
338 4015 366 4059 et
383 4010 440 4076 igni
458 4008 550 4058 calore
569 4009 750 4076 coniungitir.
774 4011 846 4076 ignia
865 4026 969 4076 quoque
988 4027 1048 4061 cum
1066 4011 1102 4061 sit
1118 4011 1224 4061 calidus
1248 4016 1276 4060 et
1292 4009 1386 4060 siccus

246 4077 338 4128 calore
353 4077 411 4128 aeri
425 4075 593 4138 adnectitur,
612 4079 739 4129 siccitate
757 4085 848 4129 autem
865 4079 893 4128 in
912 4079 1127 4130 communionem
1146 4085 1235 4130 terrae
1253 4079 1385 4140 sociatur,

246 4146 334 4210 adque
352 4145 393 4195 ita
405 4145 457 4194 sibi
469 4143 603 4210 perhanc
617 4147 758 4197 circuitum
771 4148 849 4212 qtrasi
862 4163 910 4214 per
923 4147 1064 4214 quemdam
1077 4148 1187 4198 eborum
1201 4145 1330 4197 concordi
1341 4161 1386 4196 so·

250 4306 255 4321 '
333 4297 547 4379 lmediumque
558 4293 591 4356 Α1
606 4299 815 4382 ιοοιὶὶαοιιῳιι
830 4305 858 4360 Β
873 4297 886 4384 ΙΙ
901 4311 1014 4364 δοιιιιο
1028 4299 1065 4360 Β1
1084 4297 1097 4385 ΙΙ
1112 4301 1202 4365 5ΠΙΙ
1214 4303 1241 4360 Β
1254 4297 1267 4384 Η
1283 4308 1299 4365 'l
1313 4321 1386 4362 acu·

246 4385 284 4444 tis
301 4381 336 4443 Α1
354 4380 368 4466 ΙΙ
382 4405 500 4445 crassus
518 4378 571 4468 ΒΗ
586 4405 688 4446 crassa
705 4389 733 4444 B
