3064 5064
561 397 603 436 nn
625 394 830 438 onsronravs
1228 375 1291 438 891

1122 467 1130 500 l

132 542 287 629 plurimas
309 551 423 631 sponte
445 563 561 608 causas
583 543 671 629 apud
694 544 731 608 C.
754 543 803 616 V.‚
817 546 899 630 egit,
930 565 989 630 pro
1011 566 1076 630 qua
1102 565 1137 610 re
1159 547 1193 610 in
1214 547 1270 610 ba-

132 643 223 708 silica
250 644 338 710 Iulia
363 645 433 709 cius
462 654 569 709 statua
595 647 702 732 posita
730 653 789 710 est.
840 644 1029 712 consulatus
1055 647 1135 712 duos
1158 648 1270 732 gessit.
1308 675 1316 698 ι

131 769 249 812 uxores
272 746 388 811 habuit
407 747 504 832 duas,
525 749 662 834 primam
682 747 878 830 Domitiam,
901 747 1019 812 deinde
1042 748 1271 838 Agrippinam,

131 847 218 913 illam
242 852 391 933 amitam,
420 849 504 914 hanc
530 859 665 914 matrem
689 849 828 914 Neronis
853 851 1010 917 Caesaris.
1051 852 1199 938 possedit
1219 851 1271 916 bis

111 951 235 1016 smilies
266 953 427 1016 sestertia.
476 953 619 1017 omnium
641 953 822 1040 principum
846 953 985 1036 gratiam
1008 953 1184 1040 adpetiuit,
1213 954 1271 1020 sed

130 1055 305 1142 praecipue
336 1052 415 1140 (C.)
446 1051 616 1139 Caesaris,
649 1077 743 1140 quem
769 1054 832 1117 iter
860 1053 1034 1120 facientem
1066 1065 1196 1121 secutus
1223 1065 1272 1121 est

130 1135 281 1243 pedibus.
335 1155 387 1220 hie
416 1155 504 1220 nullo
526 1155 719 1222 audientes
749 1155 890 1222 Caesare
912 1159 1146 1244 interrogatus,
1174 1160 1270 1224 habe·

130 1269 220 1322 retne
244 1261 330 1322 sieut
353 1259 424 1344 ipse
446 1279 519 1322 cum
544 1280 653 1324 sorore
675 1280 831 1346 germana
855 1260 1139 1344 consuetudinem,
1171 1267 1270 1326 ‘non-

130 1359 224 1424 dum'
258 1360 381 1446 inquit,
410 1361 617 1448 quantumuis
649 1361 801 1428 decenter
834 1371 867 1426 et
899 1369 1010 1444 cante,
1056 1385 1097 1428 ne
1128 1372 1186 1429 aut
1216 1385 1270 1428 ne-

102 1461 237 1548 ugnndo
270 1485 344 1526 eum
376 1472 529 1548 argueret
561 1472 618 1526 aut
646 1463 861 1528 adsentiendo
891 1473 992 1530 semet
1016 1449 1186 1530 mendacio
1216 1465 1270 1530 de-

132 1561 327 1628 honestaret.
378 1565 475 1652 periit
501 1587 559 1652 pcr
581 1565 734 1641 fraudem¹
752 1566 972 1652 Agrippinae,
999 1590 1095 1654 quam
1118 1567 1270 1634 heredem

131 1665 322 1752 reliquerat,
346 1675 380 1732 et
402 1665 516 1732 funere
538 1667 670 1756 publico
691 1667 796 1733 elatus
819 1677 876 1732 est.
1339 1709 1352 1740 .

667 1787 733 1852 XV

214 1903 385 1953 nonmivs
403 1904 494 1952 arun
504 1887 736 1956 Nemausensis
748 1889 855 1955 clarus
866 1897 973 1955 orator
983 1889 1121 1955 habetur
1134 1897 1172 1970 (a.
1187 1901 1252 1972 797)
1262 1915 1269 1955 ε
1281 1871 1356 1946 72*

133 2096 311 2160 temperariit,
342 2101 372 2144 ut
400 2112 519 2146 amorem
548 2097 577 2146 in
600 2112 630 2148 se
656 2097 810 2163 principum
834 2101 1005 2163 prouocarct.
1042 2097 1112 2146 idem
1135 2104 1271 2164 postremo

133 2163 239 2212 sinrissis
258 2163 383 2228 plurimis
407 2163 472 2214 filiis
495 2164 529 2213 ab
548 2181 631 2215 imore
650 2166 787 2230 speciosa,
817 2181 896 2230 quam
915 2167 1019 2215 formae
1037 2166 1129 2231 gratia
1147 2165 1271 2230 duxerat,

134 2247 238 2280 ueneno
256 2237 373 2281 necatus
393 2238 444 2281 est.
481 2231 526 2283 hic
551 2233 617 2282 item
636 2232 748 2298 Crispus
765 2233 933 2298 Thyberinm
952 2233 1100 2284 Caesarem
1123 2251 1171 2300 per
1189 2235 1271 2300 Alpes

134 2299 184 2348 iter
201 2299 354 2349 facientem
368 2299 530 2350 adolescens
548 2304 659 2351 uetitus
678 2307 720 2350 est
739 2307 766 2350 et
784 2301 859 2352 nullo
872 2303 1000 2352 audiente
1020 2302 1054 2350 ab
1074 2302 1168 2352 eodem
1187 2304 1271 2352 inter-

134 2373 243 2432 rogatus
266 2367 419 2418 haberetne
444 2371 531 2434 stupri
550 2369 776 2419 consuetudinem
803 2369 944 2434 respondit
962 2373 1056 2420 eunte:
1086 2370 1223 2431 Nondum,
1241 2377 1272 2420 ut

134 2451 160 2484 se
179 2433 324 2484 libidinem
344 2440 457 2486 exueret
476 2443 503 2486 et
520 2452 555 2487 ne
574 2437 707 2504 principis
726 2437 866 2488 libidinosi
886 2453 966 2487 aures
985 2437 1154 2488 offenderet!
1180 2440 1208 2488 in
1225 2439 1271 2504 ¹his

134 2501 243 2552 scholiis
261 2504 391 2554 confusos
410 2521 470 2554 esse
487 2505 597 2555 Vibium
612 2505 737 2571 Crispum
755 2511 838 2570 atque
851 2505 975 2571 Crispum
988 2507 1150 2556 Passienum
1168 2508 1273 2556 monuit

134 2571 242 2636 Lipsius
255 2587 362 2622 excurs.
377 2571 412 2622 ud
422 2573 490 2623 Tac.
502 2589 566 2622 ann.
580 2573 633 2623 XII
643 2572 668 2623 6.
682 2573 916 2637 HieronymusOl.
930 2573 992 2637 204,
1007 2573 1071 2636 2(a.
1086 2575 1160 2637 wll:
1175 2575 1271 2626 ‘Pas-

136 2639 249 2688 sienus
268 2639 360 2689 lilius
374 2640 744 2692 irandehcredissuae
761 2641 930 2692 necatur)
950 2642 1022 2692 hauc
1035 2644 1206 2693 notationem
1219 2643 1271 2693 ial-

135 2721 187 2756 sam
201 2723 263 2756 esse
277 2707 407 2758 docemur
418 2725 478 2758 mox
492 2709 675 2759 memorandis
689 2709 812 2759 Senecae
826 2715 854 2760 et
866 2711 979 2760 Suetoni
992 2711 1076 2762 loeis:
1096 2727 1156 2762 eum
1170 2715 1232 2777 post
1245 2728 1272 2762 a.

136 2774 179 2823 iili
191 2775 300 2824 demum
319 2775 422 2826 obiisse
442 2780 582 2827 evincunt.
607 2778 706 2828 deinde
720 2778 817 2828 titulus
836 2779 988 2828 consularis
1007 2779 1035 2828 in
1047 2779 1141 2829 Rcvue
1153 2777 1271 2830 Archilo-

136 2841 184 2906 log.
200 2843 265 2892 isti
284 2845 355 2892 fase.
374 2843 390 2892 s
408 2861 433 2910 p.
453 2845 502 2894 -t-iu
516 2843 606 2894 editus
624 2846 785 2896 Passienum
804 2862 828 2895 a.
849 2847 897 2896 797
916 2849 1015 2897 iterum
1034 2848 1173 2898 consulem
1186 2849 1272 2898 inisse

137 2911 260 2960 ostendit.
282 2911 318 2960 ci.
331 2911 464 2976 Borghes.
483 2912 592 2962 hullett.
609 2913 634 2962 d.
654 2913 718 2963 inst.
740 2914 814 2964 arch.
832 2913 896 2964 isto
907 2931 933 2980 p.
950 2914 1043 2980 liOsq.
1062 2943 1094 2951 -
1113 2916 1220 2966 Plinius
1238 2918 1270 2968 N.
1342 2917 1348 2936 ⁸

138 2977 166 3026 ll.
183 2979 248 3028 xvi
266 2979 329 3028 ⁶242:
350 2979 409 3028 ‘Est
432 2981 461 3029 iu
480 2981 636 3032 suburbano
655 2982 806 3032 Tusculani
831 2983 890 3046 agri
911 2983 984 3036 nolle
1003 2983 1081 3033 lucus
1099 2985 1212 3050 antiqua
1230 3001 1270 3036 re·

137 3045 233 3106 ligione
248 3047 358 3096 liianac
372 3054 499 3098 sacratus
518 3065 534 3098 a
548 3051 644 3109 lontio,
665 3049 741 3099 uelut
760 3057 818 3100 arte
839 3052 932 3101 tonsili
952 3067 1029 3101 coms
1048 3053 1125 3118 fagei
1143 3056 1271 3104 nemoris.

136 3113 161 3160 in
178 3114 227 3164 hoc
247 3115 372 3165 arborem
392 3117 519 3166 eximiam
539 3123 632 3172 aetate
651 3123 745 3168 nostra
764 3119 1066 3170 adamanitPassienus
1084 3121 1209 3186 Crispus,
1229 3123 1272 3172 bis

137 3182 242 3242 consul,
260 3187 366 3244 orator,
381 3184 550 3250 Agrippinae
564 3187 737 3236 matrimonio
751 3191 778 3236 et
790 3187 897 3237 Nerone
910 3189 1037 3254 priuigno
1052 3187 1152 3238 clarior
1164 3195 1271 3254 postea,

137 3250 249 3299 osculari
268 3251 463 3316 conplectique
487 3267 548 3302 cam
566 3252 677 3315 solitus,
709 3254 787 3304 modo
811 3255 912 3308 cubare
936 3255 986 3304 sub
1014 3272 1048 3304 ea
1066 3251 1213 3323 uinnmque
1232 3259 1274 3308 illi

137 3315 293 3366 offundere)
329 3319 446 3369 Tacitus
469 3335 533 3369 auu.
557 3319 664 3370 V120:
705 3321 784 3370 ‘unde
809 3337 869 3372 mox
893 3324 992 3372 scitum
1010 3326 1137 3374 Passieni
1156 3328 1273 3376 oratoris

137 3383 232 3434 dictum
252 3387 438 3450 percrebruit,
458 3403 546 3454 neque
570 3387 711 3438 meliorem
728 3405 857 3454 umquam
875 3406 983 3440 seruum
1001 3406 1089 3456 neque
1109 3393 1271 3443 deteriorem

136 3451 267 3502 deuiimuu
286 3453 501 3519 (amoeniore)
520 3454 625 3506 inisse’
651 3459 798 3506 Suetonius
811 3457 900 3523 Calig.
921 3458 964 3507 10:
991 3459 1125 3524 ‘tantique
1145 3462 1172 3510 in
1192 3476 1271 3511 arrum

138 3523 165 3568 et
182 3522 226 3584 qui
244 3523 321 3570 iuxta
340 3529 420 3572 erant
438 3523 577 3587 obsequii,
603 3529 633 3574 nt
657 3541 710 3575 non
735 3527 870 3576 immerito
895 3529 932 3584 sit
950 3527 1065 3588 dictum,
1090 3543 1141 3578 uec
1164 3543 1272 3579 seruum

137 3587 270 3637 meliorem
288 3588 374 3638 ullum
394 3607 444 3640 nec
463 3591 627 3641 deteriorem
640 3592 776 3643 doininum
795 3592 901 3644 irrisae)
921 3621 952 3629 -
971 3595 1079 3644 Seneca
1097 3596 1130 3645 de
1148 3596 1240 3646 benef.
1260 3599 1273 3646 l

141 3654 183 3716 15,
201 3655 225 3704 δι
252 3656 375 3722 ‘Crispus
392 3660 542 3710 Passienus
560 3659 669 3710 solebat
687 3661 779 3710 elicere
798 3663 974 3726 qrrorumdam
993 3679 1022 3712 se
1041 3663 1170 3714 indicium
1189 3665 1271 3714 malle
1324 3687 1328 3700 ·

137 3738 214 3786 quiam
227 3723 404 3785 beneficiam,
418 3727 600 3791 ¹quorumdam
618 3729 782 3778 beneficium
800 3729 882 3779 malle
902 3746 980 3794 quam
1000 3731 1139 3782 iudicium.
1164 3739 1191 3782 et
1209 3733 1271 3782 sirh-

137 3790 237 3840 ieiehat
255 3793 394 3858 exempla:
430 3795 518 3857 hlalo,
542 3795 650 3859 aiebat,
675 3797 733 3846 diui
755 3798 872 3862 Augusti
896 3799 1038 3860 indicium,
1066 3799 1139 3850 malo
1163 3800 1272 3851 Claudii

138 3858 313 3910 beneficium)
344 3859 491 3913 Suetonius
508 3861 613 3914 aeno:
639 3865 741 3915 ‘nerum
758 3864 874 3916 Claudio
888 3867 1029 3932 imperinm
1044 3867 1143 3933 adepto
1158 3905 1270 3918 ........

138 3925 225 3991 Crispi
242 3929 369 3980 Passieni
387 3931 482 3980 uitrici
501 3931 544 3980 sui
561 3932 716 3982 hereditate
735 3933 839 3983 ditatus
859 3933 920 3984 est.'

219 3992 269 4048 l'Z*
287 3997 471 4062 Hieronymus
490 3997 533 4048 01.
557 3997 620 4062 205,
643 4002 668 4050 4.
709 4001 825 4051 Tacitus
849 4017 912 4051 ann.
936 4002 993 4052 1111
1015 4003 1061 4054 52:
1107 4003 1152 4054 ‘at
1168 4006 1271 4056 Romae
1301 4040 1303 4044 -

219 4179 234 4228 ὁ
251 4167 332 4227 mille
355 4170 417 4239 1³8,
432 4189 511 4228 cerr.
531 4173 666 4229 Pithoeus
680 4166 694 4253 ΙΙ
709 4180 726 4234 6
741 4171 775 4232 C.
788 4175 855 4230 odd.
872 4175 985 4246 Ligarius
998 4167 1014 4255 {l
1028 4181 1043 4238 7
1059 4174 1110 4232 illo
1130 4174 1271 4235 audiente

138 4252 246 4324 Lipsius
260 4247 273 4334 ΙΙ
288 4253 325 4311 ab
338 4253 461 4312 Nerone
471 4257 527 4324 PS‚
541 4262 668 4316 correxi.
683 4259 725 4330 es.
739 4260 852 4331 Lipsius
862 4260 882 4315 l.
895 4275 919 4316 e.
936 4254 949 4336 ll
964 4259 1128 4336 §iungendo
1141 4263 1271 4335 Lipsius:

137 4347 293 4412 negantem
310 4339 360 4396 PS
375 4359 491 4417 negans
510 4344 646 4400 Pithoeus
659 4337 673 4424 ΙΙ
689 4353 723 4404 10
734 4341 933 4403 adsentiendo
954 4348 1083 4420 Lipsius:
1100 4344 1271 4405 adsentien-

137 4429 199 4480 tem
214 4423 258 4480 PS
271 4421 446 4483 adsentiens
465 4428 600 4487 Pithoeus
