3072 5064
539 424 581 464 nn
604 423 744 466 nsrvsrs
768 425 877 466 irenen
1222 409 1285 474 233

9 511 10 572 1
140 567 395 634 innumerabiles
409 592 451 634 ex
466 569 654 636 fluminibus
670 582 727 636 aut
743 573 869 656 stagnis
885 581 942 636 aut
959 569 1105 638 fontibus
1118 574 1287 638 nominati.

140 669 202 734 duo
218 681 298 734 sunt
316 682 424 736 umen
449 683 543 736 extra
563 672 623 736 hos
646 672 767 760 ubique
786 674 921 760 spiritus
941 675 1045 758 magis
1065 695 1161 759 quam
1181 677 1288 740 uenti:

140 787 229 835 ΗΒΑ
254 781 288 836 ei
310 789 481 838 aurauvs.

223 1009 330 1058 siuns
355 1009 615 1058 rsurssrnuvu
638 994 871 1079 nauigantibus
895 995 1106 1082 Tranquillus
1129 997 1162 1060 in
1186 989 1401 1083 pratisl52*

121 1113 225 1160 suono
249 1094 334 1160 libro
351 1096 398 1160 sie
417 1094 512 1160 dicit=
546 1097 703 1168 ‘mutatio
726 1099 928 1184 tempestatis
950 1096 1153 1184 expectanda
1177 1106 1226 1162 est
1253 1099 1288 1161 iu

140 1197 307 1281 asperius,
338 1217 411 1260 eum
433 1197 467 1260 iu
497 1207 656 1262 nocturna
686 1198 896 1282 nauigatione
925 1197 1082 1262 scintillat
1108 1198 1149 1263 ad
1181 1219 1287 1262 remos

140 1417 201 1450 nam
215 1407 244 1450 et
258 1405 302 1450 cst
315 1401 499 1453 occidentalis
512 1406 540 1454 et
553 1403 661 1454 uidetur
674 1405 854 1454 exaduersum
872 1419 966 1454 eurum
979 1405 1046 1455 flare
1061 1441 1081 1456 ..
1091 1440 1096 1454 .
1106 1439 1126 1454 ..
1142 1411 1184 1456 est
1203 1407 1286 1456 etiam

139 1475 237 1520 uentus
256 1471 367 1520 nomine
386 1471 513 1531 caecias,
538 1487 617 1538 quem
642 1472 804 1523 Aristoteles
822 1473 863 1522 its
881 1473 948 1522 flare
966 1474 1048 1535 dicit,
1072 1477 1104 1522 ut
1122 1473 1208 1524 nubes
1231 1489 1286 1524 non

139 1536 232 1654 procul
247 1537 399 1604 propellat,
420 1538 468 1588 sed
486 1544 517 1588 ut
530 1540 566 1588 ad
584 1555 644 1589 sese
657 1543 760 1590 uocet.'
798 1541 855 1591 fere
871 1539 968 1596 eadem
987 1541 1116 1606 leguntur
1129 1541 1201 1606 apud
1214 1539 1286 1607 Apu-

149 1606 220 1654 eium
238 1605 272 1654 de
290 1605 389 1656 mundo
410 1605 441 1656 13
459 1621 499 1670 sq.
524 1606 657 1657 sedidem
677 1624 700 1658 c.
722 1607 750 1656 ll
765 1607 835 1658 haec
854 1607 953 1658 habet:
975 1609 1061 1658 ‘Nunc
1080 1609 1191 1659 nomina
1208 1625 1286 1660 exse-

139 1688 253 1736 quemur
271 1673 401 1738 regiones
418 1675 569 1725 uentorum.
599 1690 679 1724 euros
696 1676 787 1726 oriens
802 1677 900 1726 boreas
917 1678 1077 1742 septemtrio
1096 1677 1227 1727 occidens
1243 1693 1286 1727 ze·

138 1739 239 1805 plryros
253 1747 361 1791 austros
374 1742 478 1792 medius
496 1742 556 1792 dics
574 1743 660 1792 mittit
679 1780 705 1792 ..
726 1743 774 1793 hos
792 1748 921 1808 quattuor
938 1751 1037 1794 uentos
1050 1745 1099 1795 alii
1111 1745 1202 1811 plures
1215 1745 1288 1794 inter

139 1808 234 1858 linunt.
262 1824 330 1875 narn
345 1811 470 1874 quamuis
483 1809 571 1860 Eurus
590 1812 626 1859 sit
637 1815 735 1860 uentus
749 1811 872 1874 orientis,
894 1811 965 1862 idem
981 1819 1072 1862 tamen
1086 1814 1228 1877 aparctias
1242 1829 1286 1862 oc·

139 1876 241 1940 cipitur
254 1876 400 1938 nominari,
415 1893 475 1926 cum
489 1893 550 1927 earm
563 1879 654 1928 oriens
668 1879 776 1928 aestiuo
789 1879 884 1930 effluit.
911 1880 1045 1944 apeliotes
1059 1886 1149 1930 autem
1164 1887 1286 1942 uocatur,

139 1959 200 1994 cum
214 1943 390 2008 aequidianis
402 1945 542 1994 exortibus
552 1951 720 2010 procreatur.
748 1961 828 1996 eurus
841 1953 891 2010 est,
909 1947 1016 2011 quando
1029 1947 1142 1998 hiemali
1155 1954 1214 1998 ortu
1225 1964 1287 2012 por·

139 2012 174 2061 tis
204 2011 349 2068 emittitur.
392 2011 527 2078 zephyrus
550 2029 630 2076 nero,
660 2028 738 2079 quem
762 2013 887 2064 Romana
911 2015 1006 2080 lingua
1033 2017 1173 2066 fauonium
1196 2016 1287 2076 nouit;

139 2079 182 2128 hic
203 2093 265 2128 cum
290 2079 324 2128 de
344 2081 459 2130 aestiuis
478 2080 601 2130 occiduis
625 2082 750 2146 partibus
768 2083 867 2148 surgit,
894 2083 1007 2148 Iapygis
1031 2085 1100 2133 cieri
1118 2083 1226 2134 nomine
1244 2099 1287 2133 so·

140 2147 185 2196 let.
224 2153 256 2195 st
280 2147 326 2197 ille
351 2149 398 2212 qui
421 2149 495 2214 prior
518 2153 561 2198 est
584 2149 788 2214 aequinoctiale
816 2150 919 2215 plagae
949 2155 1041 2200 notus:
1072 2157 1101 2200 et
1125 2151 1216 2215 aquilo
1241 2151 1287 2215 qni

139 2221 245 2280 septem
264 2214 407 2264 stellarum
426 2217 538 2282 regione
558 2222 714 2282 generatur,
733 2224 762 2267 et
779 2217 843 2268 huic
861 2218 970 2268 uicinus
996 2223 1038 2267 cst
1061 2220 1211 2282 aparctias.
1242 2219 1287 2267 nic

139 2283 252 2348 propior
271 2288 314 2332 est
331 2283 451 2333 indidem
470 2285 498 2334 in
516 2285 588 2334 diem
606 2285 723 2334 medium
742 2285 880 2335 thrascias
898 2291 927 2334 ct
945 2290 1070 2350 argestes
1088 2291 1150 2336 suut
1168 2285 1287 2336 indidem

139 2351 249 2402 flantes.
285 2355 438 2402 austrorum
457 2352 485 2400 in
507 2351 663 2402 nominibus
685 2353 735 2401 illa
754 2359 796 2402 est
814 2353 962 2402 obscurata
980 2353 1134 2402 diuersitas.
1171 2369 1287 2416 namque

140 2433 199 2468 erun
224 2419 258 2470 de
284 2417 446 2469 abscondito
470 2419 532 2484 polo
550 2419 631 2470 flatus
654 2421 818 2483 maculant,
838 2426 917 2470 notus
936 2425 991 2480 est,
1011 2425 1157 2471 euronotus
1175 2419 1222 2469 ille
1242 2421 1288 2485 qui

139 2487 212 2536 inter
230 2492 324 2536 uotum
343 2491 426 2550 atquo
446 2503 539 2537 eurum
557 2487 663 2538 medius
682 2489 817 2554 effringit,
842 2505 874 2538 ex
899 2488 953 2538 alio
978 2486 1066 2537 latero
1084 2488 1236 2538 Libonotus
1255 2504 1288 2538 cx

139 2555 245 2604 duobus
269 2569 351 2602 uuum
375 2553 463 2604 lacit'
499 2556 679 2621 Philargyrus
702 2572 796 2622 georg.
820 2557 877 2606 IIII
900 2555 962 2604 ¹298:
992 2553 1140 2620 Quattuor]
1165 2557 1222 2605 ‘eos
1242 2571 1287 2604 ac-

140 2621 298 2688 cipiendum
318 2637 385 2685 quos
403 2621 539 2674 Homerus
558 2625 678 2674 notauit:
698 2639 792 2674 eurum
809 2624 957 2690 zephyrum
975 2625 1088 2674 boream
1100 2628 1201 2672 notum.
1232 2640 1287 2673 om-

140 2705 187 2740 nes
206 2695 301 2739 autern
320 2690 397 2738 uenti
414 2695 526 2754 praeter
545 2691 688 2741 enchorios
707 2692 726 2741 i.
747 2707 771 2742 e.
791 2691 947 2758 regionales
966 2696 1029 2741 sunt
1047 2691 1204 2742 duodecim:
1224 2690 1287 2740 sub-

139 2759 251 2808 solanus
264 2772 346 2806 eurus
359 2757 483 2808 Phoenix
495 2765 575 2808 notus
588 2758 726 2808 libonotus
738 2760 849 2809 Africus
862 2760 996 2825 zephyrus
1011 2763 1136 2824 argestes
1149 2759 1288 2809 thrascias

140 2825 265 2892 epartius
283 2823 383 2874 boreas
402 2824 533 2876 caecias)
569 2826 611 2876 Of.
630 2831 776 2892 praeterea
800 2833 860 2878 rota
882 2829 911 2876 in
934 2843 1027 2877 museo
1050 2825 1287 2876 Pio-Clementino

140 2907 295 2944 marmores
320 2907 390 2958 qnae
414 2909 474 2943 cum
493 2894 623 2944 Suetonio
642 2893 726 2955 facit,
755 2899 816 2944 rots
838 2895 1008 2945 scholiastae
1026 2894 1215 2944 Berolineusis
1233 2893 1287 2944 Lu-

139 2959 304 3077 canidl'lIIII
317 2957 373 3074 ¹414
396 2960 663 3080 iterpasnetonianffi
688 2961 828 3012 Vitruvius
847 2963 859 3012 I
877 2962 894 3013 o
912 2963 1033 3014 Isidorus
1051 2963 1138 3030 origg.
1158 2961 1227 3012 XIII
1247 2961 1286 3012 ll.

140 3029 297 3080 cileer.
328 3043 425 3077 .c..
495 3045 553 3078 s.

227 3046 435 3150 152⁸*Isidorlds
452 3097 486 3146 de
504 3045 604 3147 rddturs
621 3113 710 3147 rerum
727 3097 884 3148 XXXVIII:
914 3097 970 3148 ‘De
988 3099 1076 3164 signis
1094 3103 1286 3164 tempestatum

139 3163 182 3214 nel
206 3164 379 3214 serenitatis.
415 3165 577 3230 Tempestas
596 3166 675 3216 turbo
695 3173 737 3216 est
755 3166 841 3216 diuini
860 3166 969 3230 indicii,
992 3165 1064 3216 sicut
1081 3167 1215 3232 propheta
1234 3167 1286 3216 ait:

140 3233 216 3282 Ilens
235 3233 449 3297 intempestate
469 3239 497 3282 et
515 3233 624 3283 turbine
642 3233 705 3283 uiae
725 3235 797 3294 eius3
822 3236 958 3285 serenitas
981 3240 1073 3284 autem
1098 3233 1225 3298 gaudium
1246 3239 1287 3282 est

139 3301 371 3350 lueisaeternne.
409 3301 623 3366 signantem
642 3302 1182 3367 tempestatum...significare
1219 3303 1285 3350 item

138 3369 265 3420 dominns
285 3368 313 3416 in
332 3368 478 3434 euangelio
496 3368 577 3418 dicit:
597 3369 626 3418 Si
645 3370 720 3419 iacto
738 3385 854 3434 uespere
874 3369 1051 3420 rubicundum
1072 3369 1156 3419 fuerit
1168 3368 1285 3428 eaelum,

229 3517 241 3568 l
260 3503 439 3564 fulminibus
454 3508 483 3564 E
495 3501 507 3586 ll
524 3525 580 3564 ans
600 3507 699 3583 lagnis
713 3508 746 3564 Μ
756 3503 770 3587 d
784 3505 915 3582 sontibus
932 3507 1010 3565 Mon.
1024 3507 1047 3575 I,
1067 3525 1151 3579 quam
1161 3508 1284 3578 scripta-

138 3613 203 3650 ram
222 3594 337 3665 recepi:
369 3594 471 3649 relicui
489 3595 555 3650 libri
581 3595 722 3666 evulgatam
743 3592 852 3652 finibus
872 3593 1007 3650 exhibent
1028 3587 1041 3672 ΙΙ
1062 3601 1078 3652 t
1098 3599 1199 3648 tumen
1217 3597 1287 3646 sunt

140 3679 254 3736 CFKM
271 3669 285 3755 ΙΙ
306 3671 404 3756 extra]
427 3675 506 3735 intre
521 3677 598 3735 Mon.
619 3678 638 3734 Ι
656 3677 692 3733 II
703 3673 717 3756 Η
732 3676 798 3754 hos]
814 3677 920 3736 horum
938 3679 988 3734 Fa·
1008 3673 1022 3756 Η
1044 3687 1061 3739 3
1077 3685 1108 3733 et
1122 3674 1241 3733 altanus
1256 3683 1287 3732 et

139 3784 214 3822 aura
231 3763 282 3820 CF
299 3757 313 3842 Η
334 3761 468 3819 altantnr
484 3765 512 3819 II
532 3779 621 3836 super
637 3762 757 3822 altanus
777 3765 1006 3836 prraeeclisposr'tis
1021 3759 1061 3820 B²
1076 3763 1286 3832 admeruissem

138 3851 262 3906 lectores
281 3849 390 3920 relegat
412 3849 461 3903 ubi
474 3857 592 3906 extant:
623 3846 665 3922 alj
682 3844 799 3906 aloanis
822 3867 857 3904 m.
878 3853 896 3903 2
917 3850 1026 3918 scripta
1042 3843 1056 3926 Η
1071 3846 1200 3904 altanus.
1237 3843 1287 3902 De

139 3933 290 4013 qualitate
302 3940 462 3990 uentomm
481 3932 536 3990 sub
550 3931 627 3990 caeli
644 3950 701 3989 axe
713 3931 830 4014 liquido
847 3939 878 3990 et
894 3939 999 4009 aperto
1014 3931 1159 3989 inueniet.
1189 3928 1213 3986 si
1230 3928 1287 3986 cir·

140 4019 199 4078 culi
224 4005 454 4076 similitudffim
474 4017 608 4094 prudens
629 4016 726 4076 lector
751 4017 886 4096 requirat
907 4019 929 4073 G
953 4017 1094 4089 (sequitur
1117 4019 1226 4088 figura)
1242 4008 1288 4092 ll*

137 4106 259 4180 signum
275 4105 298 4158 G
314 4097 327 4182 Η
342 4102 373 4158 in
390 4101 604 4179 nauigantibus
619 4097 654 4160 B¹
671 4101 684 4181 Η
701 4101 881 4181 tranquillos
900 4096 933 4158 ΒΙ
949 4100 1156 4180 tranquillisG
1174 4103 1211 4157 al.
1227 4093 1240 4176 ΙΙ
1256 4099 1288 4157 in

139 4189 239 4266 pratis
251 4207 332 4246 nono
344 4184 422 4244 libro
435 4189 601 4247 Beclrerus:
616 4189 646 4246 in
658 4196 760 4266 partes
771 4207 831 4245 non
843 4185 994 4260 libertjsA
1007 4187 1037 4244 in
1050 4185 1145 4264 pratis
1156 4181 1244 4243 B'CD
1255 4185 1287 4242 in

138 4273 237 4350 partis
246 4267 352 4330 Blae
351 4272 383 4328 M
393 4273 424 4330 in
435 4282 538 4349 partes
545 4273 631 4331 FGin
643 4272 782 4352 partibus
792 4275 820 4330 Ε
834 4267 847 4350 ΙΙ
862 4270 994 4333 silicas
1010 4269 1022 4352 Η
1038 4269 1165 4329 mutatin
1175 4266 1210 4326 B¹
1224 4289 1285 4328 mo-

136 4359 214 4416 tatio
235 4359 344 4416 elren
357 4352 371 4434 Η
386 4357 556 4435 spectanda
571 4359 597 4414 B
614 4365 745 4435 expecta
762 4371 793 4417 ÷
814 4363 838 4414 A
844 4355 849 4392 ¹
865 4355 1076 4434 exspectanda
1090 4366 1136 4414 est
1150 4357 1229 4414 ean*
1242 4349 1287 4435 li⁶

137 4462 207 4501 cum
221 4439 266 4520 in]
281 4461 348 4500 cum
359 4443 386 4498 B
401 4439 414 4523 Η
430 4439 609 4502 sentinata*
625 4441 863 4500 scintellatCBIl
878 4441 1034 4502 scrutillat
1047 4443 1078 4500 n*
1091 4436 1104 4523 ll
1119 4460 1219 4500 remus
1233 4443 1290 4500 GH
