3078 5072
588 399 631 442 nu
655 399 772 446 roerrs
1216 381 1252 442 15

135 559 217 638 gestu
241 569 355 616 scenae
382 547 441 614 sed
470 549 504 614 in
537 547 634 636 plano
664 547 849 635 orchestrae
881 549 997 635 positis
1032 548 1258 614 instrumentis

136 655 256 718 mimicis
274 651 466 748 gatilabant.
505 651 597 716 cuius
620 649 803 738 planipedis
819 651 899 715 Atta
917 658 1102 736 togatarum
1121 650 1260 736 scriptor

134 758 172 820 ila
188 759 219 822 iu
240 753 402 820 Aedilicia
423 751 536 818 subula
558 753 720 816 meminit:
777 821 784 838 .

269 855 401 921 daturin
421 855 500 918 cetis
522 852 661 918 eurum?
693 852 818 918 exultat
837 853 997 940 planipes.

117 961 243 1046 ⁵lsiquus
264 967 373 1022 tamen
395 977 437 1022 ex
455 955 559 1021 soccis
584 954 713 1019 fabulas
735 955 893 1032 fecerant,
922 953 1050 1041 palliati
1072 959 1259 1042 pronuntia-

134 1059 220 1148 bunt]
266 1067 378 1144 togata
407 1065 614 1143 praetextata
641 1079 661 1120 a
687 1055 857 1150 tragoedia
885 1056 1009 1138 differt,
1029 1056 1116 1144 quod
1140 1059 1173 1120 in
1195 1067 1260 1122 tro:

133 1161 237 1246 goediu
259 1162 374 1226 heroes
390 1157 606 1242 inducuntur,
629 1167 665 1222 ut
684 1157 847 1223 Pacuuius
870 1159 1057 1243 tragoedias
1073 1159 1259 1223 nominibus

134 1263 256 1328 heroicis
273 1260 459 1347 inscripsit,
479 1259 629 1325 Orestem
649 1257 798 1347 Chrysen
818 1268 851 1323 et
868 1259 919 1322 his
939 1261 1075 1343 similia,
1105 1259 1182 1324 item
1203 1263 1260 1325 At-

134 1365 203 1446 tius3
213 1365 244 1428 in
261 1369 469 1450 praetextata
488 1369 595 1428 autem
609 1361 688 1446 (uiri
699 1361 852 1426 inlustres
865 1361 1081 1428 Romanorum
1092 1412 1099 1440 ‚
1111 1371 1147 1429 ut
1162 1365 1194 1426 in
1207 1363 1259 1443 eal

108 1479 206 1550 uqsue
227 1463 415 1530 inscribitur
438 1463 560 1531 Brutus
582 1463 636 1528 uel
656 1462 797 1546 Decius,
820 1465 898 1530 item
920 1462 1105 1529 Marcellus.
1149 1473 1262 1550 togata

134 1567 307 1632 tabernaria
327 1587 348 1630 a
362 1567 531 1632 coruoedia
554 1567 678 1648 differt,
699 1566 785 1651 quod
804 1567 838 1630 in
852 1565 1019 1630 comoedia
1037 1565 1156 1632 Graeci
1178 1567 1260 1632 ritus

135 1669 316 1734 inducuntur
347 1689 570 1756 personaeque
599 1668 761 1748 Graecae,
790 1667 918 1732 Laches
940 1666 1104 1752 Sostrata3
1148 1669 1182 1731 in
1204 1667 1261 1732 illa

134 1793 202 1834 uero
221 1771 370 1836 Latinae.
395 1779 525 1854 togatas
539 1771 743 1837 tabernarius
759 1769 794 1832 in
812 1791 940 1834 scenam
959 1768 1155 1836 dataueruut
1169 1791 1261 1858 prae·

135 1872 219 1958 cipue
247 1872 327 1954 duo,
357 1871 396 1936 L.
419 1870 577 1936 Afranius
606 1881 638 1936 et
660 1871 698 1934 T.
719 1868 882 1949 Quintius.
925 1872 1012 1955 [narn
1034 1873 1206 1938 Terentius
1230 1880 1262 1936 et

135 2011 209 2074 pede:
227 2011 270 2062 uel
290 2011 352 2060 idco
371 2011 443 2076 qrrod
460 2027 514 2061 uon
534 2027 567 2060 ea
586 2011 699 2076 negotia
718 2010 854 2071 continet,
874 2025 944 2076 quae
963 2027 1140 2074 personarum
1159 2011 1187 2060 in
1204 2016 1260 2060 tur·

136 2079 200 2128 ribus
221 2085 268 2130 aut
291 2081 317 2128 in
342 2079 483 2130 cenaculis
508 2079 691 2130 habitantium
716 2082 792 2138 sunt,
816 2079 864 2128 sed
883 2081 910 2128 in
928 2078 1011 2144 plano
1030 2085 1058 2130 ct
1075 2079 1172 2130 humili
1189 2079 1259 2128 loco.

137 2183 282 2197 ........
303 2147 507 2198 comoediarum
530 2148 633 2198 formae
658 2151 721 2196 sunt
739 2145 809 2208 tros,
829 2146 964 2210 palliatae
984 2147 1119 2196 Graecum
1138 2146 1261 2198 habitum

137 2215 288 2278 reserentes,
312 2221 426 2280 togatae
455 2215 531 2264 iuxta
555 2216 669 2266 formam
694 2224 869 2280 personarum
891 2215 1015 2272 habitum
1039 2221 1164 2280 togarum
1189 2215 1261 2266 desi·

136 2282 263 2346 durantes,
284 2299 353 2348 quus
371 2282 496 2332 nonnulli
515 2283 690 2333 tabernariae
707 2287 824 2342 uoceut5
844 2282 1003 2344 Atellanae,
1023 2284 1127 2334 salibus
1147 2287 1174 2332 ct
1193 2283 1261 2332 iocis

137 2352 300 2416 compositae,
321 2367 391 2416 qrroe
411 2351 438 2400 in
457 2367 485 2400 se
505 2366 559 2400 nou
578 2351 682 2401 habent
700 2350 753 2399 nisi
771 2355 907 2399 uetustum
922 2349 1109 2415 elegantiam)
1133 2351 1170 2400 cl.
1189 2351 1260 2399 ltcu-

133 2421 234 2470 ‚tensius
247 2419 309 2470 coll.
330 2419 383 2468 litt.
401 2435 434 2484 p..
447 2419 489 2482 li,
504 2419 662 2486 Schopcnus
681 2418 699 2468 l.
719 2433 743 2468 c.
762 2433 789 2483 p.
810 2416 864 2466 lut.
885 2418 1009 2467 Donatus
1023 2417 1137 2484 Adelph.
1151 2419 1218 2484 prol.
1233 2418 1261 2466 7:

137 2485 212 2536 ‘Siout
229 2487 302 2554 apnrl
314 2487 437 2537 Graecos
456 2485 552 2552 δρᾶμα
571 2489 610 2537 sic
625 2487 696 2552 upurl
715 2487 829 2536 Latinos
848 2487 1015 2552 generalitor
1034 2485 1129 2536 subula
1147 2485 1260 2534 «licitum

138 2557 203 2604 ouius
229 2556 337 2620 specics
368 2561 442 2605 strut:
477 2555 622 2620 tragoedia
645 2555 788 2605 corticellis
816 2559 910 2616 togata
932 2554 1094 2603 tabernario
1117 2558 1262 2619 praetextu

138 2623 265 2688 crepidato
283 2621 413 2672 attellana
436 2624 532 2676 mimos
551 2621 756 2673 ltlrintbonicu.'
787 2622 824 2670 cl.
844 2623 1012 2672 ltsuvonsins
1031 2621 1048 2671 l.
1068 2621 1086 2671 l.
1107 2639 1132 2686 p.
1152 2621 1199 2682 47,
1219 2621 1260 2671 us.

139 2689 217 2753 Lydus
235 2693 268 2740 de
288 2707 359 2756 mag.
380 2707 415 2768 1³¹.
426 2707 447 2740 r.
468 2692 479 2741 I
498 2691 543 2740 40:
560 2682 592 2740 ‘0
611 2685 642 2741 dl
660 2689 757 2757 μῦθος
775 2684 903 2755 τέμνεται
922 2681 950 2748 ἐς
970 2683 1037 2749 driu,
1063 2683 1262 2762 εἰςικρηπιδᾶ-

138 2773 181 2833 rar
197 2755 242 2808 acl
260 2757 484 2822 πραττεξταταν,
508 2745 547 2808 edu
565 2751 582 2825 ἡ
601 2753 654 2824 plo
671 2751 836 2824 κρηπιδάτα
850 2749 1014 2823 Ἑλληνικὰς
1029 2751 1084 2824 ἔχει
1098 2751 1262 2822 cuculum,

138 2821 196 2890 udi
213 2819 402 2892 κραιτεξτάτα
416 2818 581 2891 ‘pepereris
613 2818 630 2892 'l
649 2821 746 2893 μέντοι
759 2824 893 2890 κωμωδία
912 2821 1040 2891 τέμνεται
1061 2820 1102 2883 εἰς
1121 2816 1207 2888 e‘rrrrr',
1222 2820 1263 2885 ric

138 2888 283 2952 sollicitus
302 2887 427 2958 ropriroru
439 2884 601 2960 Ἀτελλάνην
619 2893 814 2960 ταβερναρίαν
826 2877 1014 2960 Ῥιτθωνικήν
1031 2891 1263 2958 πλανιπεὸαρίαν

137 2955 326 3028 τα1μιμικήν·
361 2959 411 3014 καὶ
432 2956 574 3013 παλλιτὶτα
597 2957 651 3028 μέν
674 2955 750 3012 ἐστιν
773 2953 972 3037 ἡἙλλῃνικὴν
993 2954 1136 3012 ὑπόθεσιν
1160 2955 1262 3040 ἔχουσα

137 3029 272 3094 κωμῳδία,
296 3023 404 3095 soptim
429 3025 460 3081 dl
481 3022 672 3096 ήῬωμαϊκὴν
689 3021 829 3095 α’ρχαίαν·
866 3023 1006 3096 Arallrivp
1026 3024 1059 3080 δέ
1078 3023 1153 3080 ἐστιν
1171 3047 1188 3096 η
1208 3029 1264 3079 τῶν

139 3093 285 3164 λεγομένων
304 3090 487 3162 decoraretur,
507 3097 681 3164 ταβερναρία
700 3091 764 3165 11ὲὴ
782 3091 910 3164 cucumer}
929 3087 1098 3164 ἢθεατρική
1116 3097 1262 3164 κωμῳδία,

141 3191 330 3202 --.-

215 3248 224 3298 1
242 3237 422 3296 orclresthuc
442 3239 475 3294 M
487 3236 648 3296 orclrcstlre
666 3240 717 3294 AB
732 3233 745 3316 Η
761 3247 777 3298 ’1
793 3237 909 3295 miniois
929 3239 985 3292 ΒΜ
997 3231 1010 3317 Η
1026 3245 1089 3296 atta
1107 3239 1132 3296 Λ
1153 3239 1264 3296 ucteB
1298 3265 1303 3277 ·

137 3341 168 3380 sc
184 3324 215 3380 M
230 3323 324 3382 aetius
351 3343 384 3394 5:
409 3327 491 3380 Attae
513 3341 613 3382 nomeu
636 3341 674 3380 rx
690 3328 785 3380 cortice
807 3323 953 3380 Potecueo
974 3327 1096 3380 restituit
1113 3325 1143 3380 L.
1162 3325 1263 3380 Carrio

136 3413 265 3466 retrudat.
284 3411 301 3466 I
315 3415 352 3466 11
379 3403 392 3488 Η
417 3417 435 3470 3
453 3407 569 3466 odilitiu
586 3411 639 3465 AB
655 3407 777 3467 edicitis
795 3408 828 3464 M
852 3405 865 3487 Η
885 3405 1053 3468 cdatnine
1070 3407 1143 3466 estis
1159 3427 1263 3464 aurum

139 3495 162 3548 B
181 3493 263 3552 datur
281 3495 361 3552 inest
376 3513 514 3552 scaurum
529 3499 553 3550 A
569 3493 658 3552 detur
674 3494 753 3551 inest
766 3491 889 3550 iseirum
911 3493 944 3548 M
956 3490 1054 3550 datum
1065 3493 1144 3551 inest
1159 3511 1263 3550 aurum

139 3577 261 3647 §daturi
275 3580 300 3638 si
321 3579 396 3636 estis
414 3597 519 3636 aurum
544 3581 732 3636 Hermouuus
751 3595 849 3651 etrusc.
878 3580 949 3649 Vp.
972 3583 1026 3633 255
1049 3575 1167 3635 daturin
1190 3577 1264 3635 estis

137 3663 251 3722 uurenr'?
279 3681 360 3736 susp.
385 3665 500 3724 Keilius
521 3657 535 3745 Η
566 3675 581 3726 5
605 3665 707 3744 siquos
730 3697 770 3705 -
793 3659 1027 3742 pronuntiabant
1050 3665 1155 3720 seclusi
1185 3655 1200 3743 Η
1226 3659 1264 3718 si-

136 3768 206 3827 quas
222 3751 272 3806 AB
287 3749 383 3827 siquis
405 3751 436 3806 M
450 3743 463 3830 Η
478 3759 581 3808 tamen
597 3748 733 3810 exoticas
750 3747 871 3806 fabulas
886 3750 1005 3806 coniecit
1020 3747 1193 3805 Rcrroeusr'us
1208 3749 1264 3804 ccl·

135 3837 193 3892 lect.
207 3837 256 3892 ltu.
269 3854 300 3908 p.
318 3841 357 3892 61
372 3827 386 3916 Η
407 3843 423 3896 6
437 3841 542 3911 togata
556 3843 750 3912 praetextata
768 3853 786 3892 o
801 3831 959 3910 tragoedia
972 3852 1005 3901 ςι
1026 3841 1127 3906 togata
1143 3852 1161 3889 a
1180 3849 1265 3909 prac-

136 3925 244 3978 tertatc
260 3919 419 3996 tragoedia
433 3922 486 3978 AB
500 3927 605 3996 togata
617 3940 654 3978 ax
670 3927 875 3998 protesteteta
890 3915 1048 3994 tragoedia
1059 3917 1090 3974 M
1101 3911 1114 3997 Η
1129 3927 1146 3978 8
1162 3917 1264 3976 hores·

136 4013 191 4062 tem
210 4005 294 4062 ΑΒΜ
308 4003 503 4064 l'lulorcstem
517 4007 671 4064 Putsclrius
686 3999 698 4086 Η
715 4003 834 4062 chriseu
852 4005 886 4062 M
898 3998 911 4083 Η
926 4002 1024 4061 actius
1043 4004 1126 4059 ΑΒΜ
1145 3997 1159 4082 Η
1178 4011 1195 4064 9
1209 4003 1264 4060 uiri

135 4088 268 4150 inlustres
288 4089 527 4150 Romanorumut
548 4091 578 4148 in
599 4111 636 4150 cu
658 4082 784 4168 addidill
801 4101 993 4170 loquacem.
1012 4106 1029 4155 ς
1049 4081 1062 4167 Η
1082 4085 1215 4146 inscribit
1237 4089 1269 4144 Μ

135 4174 267 4234 scribitur
283 4169 329 4255 ςἨ
348 4185 375 4240 11
394 4173 632 4236 tabernariarum.
647 4179 673 4233 B
688 4171 701 4256 Η
718 4183 750 4236 11
766 4183 899 4232 sustratu
914 4177 940 4229 B
959 4167 972 4252 Η
995 4181 1027 4234 13
1042 4171 1206 4248 itogutusA
1222 4175 1266 4231 in-

135 4269 246 4336 tegritas
263 4263 322 4320 BM
335 4255 348 4343 Η
365 4260 566 4320 ‹lucteuerunt
580 4282 598 4330 ς
612 4257 625 4341 Η
645 4271 675 4324 lt
691 4260 749 4318 duc
772 4259 919 4318 lal'reuius
936 4259 969 4314 M
983 4255 1041 4314 duo
1059 4256 1110 4316 uel
1131 4257 1266 4318 afranius

135 4349 156 4400 ,1
171 4344 227 4404 duo
242 4345 412 4404 afraniusB
428 4340 441 4427 Η
457 4355 487 4404 et
503 4345 541 4404 T.
551 4345 694 4424 Quintius
708 4348 828 4418 scripsi:
841 4353 871 4402 ct
883 4363 910 4420 g.
927 4341 1060 4422 quintius
1072 4343 1132 4402 AM
1141 4343 1266 4424 etquin·

134 4429 192 4488 tilis
208 4433 232 4488 B
247 4439 277 4490 et
293 4429 427 4508 Quintus
435 4431 561 4490 Munius
577 4453 595 4502 ς
608 4427 621 4513 Η
637 4430 943 4508 nam-scripserunt
957 4431 1062 4486 seclusi
