3190 5098
710 395 815 436 naevo
839 393 850 434 ι
894 439 897 446 Δ
1288 377 1350 443 399

210 548 325 609 Donati
340 535 514 608 testimonio
530 567 560 628 p.
577 555 620 618 fis,
635 557 740 630 lisqq.
754 549 874 608 scimus.
891 555 984 629 atque
994 553 1168 628 suspectum
1183 561 1230 614 est
1241 573 1350 617 nomen

210 650 299 723 Vari,
321 650 407 710 onius
422 651 568 728 originem
583 669 623 710 ex
635 651 709 729 ipsis
723 650 864 711 versibus
878 661 1049 730 repeteres
1063 651 1279 732 probabilitate
1289 670 1362 719 noni
1378 657 1391 676 ”’

210 752 381 812 abhorreat.
413 754 473 812 iam
489 753 554 831 ipse
570 751 696 812 Servios
715 771 774 814 non
796 763 844 813 est
861 763 955 833 poeta
977 753 1064 814 nobis
1086 750 1274 830 incognitos,
1295 747 1350 809 sed

209 856 380 915 notissimus
397 853 517 933 Vergili
538 856 703 934 interpres,
725 875 742 914 e
764 858 849 916 cuius
870 857 936 916 vito
950 855 1130 940 Vergiliana
1149 853 1227 913 hacc
1246 869 1349 912 mana·

208 957 325 1034 rout*).
368 957 427 1018 sed
451 957 576 1016 forsitan
607 957 724 1017 mireris
749 977 797 1017 me
823 966 885 1016 tam
915 957 1103 1018 confidenter
1133 955 1251 1029 dicere,
1280 954 1349 1014 Ser·

209 1059 289 1118 vium
305 1059 362 1118 hoc
379 1060 583 1120 testimonium
602 1060 632 1118 in
647 1061 714 1120 vita
727 1058 846 1137 Vergili
861 1061 1014 1140 posuisse,
1036 1079 1104 1120 cum
1124 1061 1156 1118 in
1177 1059 1242 1118 vita
1261 1057 1350 1118 Servi

208 1180 288 1240 quae
307 1169 438 1222 aetatem
453 1162 557 1220 tulerit
571 1163 693 1220 omnino
709 1183 770 1222 non
786 1161 915 1241 legatur.
945 1171 977 1221 at
998 1163 1057 1222 ista
1075 1163 1140 1221 vita
1160 1161 1350 1240 grammatici

207 1279 318 1322 nomen
335 1263 481 1324 ementita
498 1271 561 1337 est,
578 1263 715 1344 quamvis
731 1265 761 1322 in
777 1285 838 1323 non
858 1265 951 1325 nullis
970 1263 1123 1324 codicibus
1146 1266 1177 1324 in
1198 1262 1347 1342 principio

197 1347 414 1426 ¹commentarii
431 1367 461 1425 in
477 1365 647 1425 Aeneidem
662 1367 839 1445 reperiatur.
875 1365 913 1426 de
929 1385 1055 1447 quorum
1074 1373 1175 1426 aetate
1189 1384 1256 1426 cnm
1273 1363 1351 1426 nihii

208 1467 317 1542 sciam,
339 1469 369 1528 in
391 1467 524 1547 antiquis
542 1467 631 1526 Servi
653 1467 739 1527 libris
761 1487 826 1528 caro
849 1489 911 1528 non
927 1479 1033 1529 extare
1054 1471 1091 1532 G.
1107 1467 1200 1528 'Philo
1217 1467 1350 1547 epistula

208 1567 247 1628 ad
263 1567 399 1652 mndata
416 1577 543 1630 testatos
556 1579 609 1630 est.
643 1571 747 1639 insunt
762 1589 837 1630 vero
854 1580 962 1650 apertu
974 1571 1116 1630 noviciae
1132 1568 1257 1648 originis
1271 1568 1348 1630 indi·

208 1670 270 1745 cia,
297 1691 423 1752 quornm
446 1691 538 1732 unum
561 1672 605 1730 sio
627 1671 817 1750 significasse
839 1671 985 1746 sufficiat,
1007 1680 1042 1732 ut
1060 1671 1147 1732 locus
1161 1671 1250 1732 huius
1265 1671 1349 1732 vitae

207 1791 274 1831 cam
292 1775 407 1834 Donati
423 1771 491 1832 loco
505 1772 684 1852 simpliciter
699 1782 903 1854 conponatur:

380 1933 595 1984 l'seudoservius
901 1935 1026 1984 Donatus
1038 1951 1064 2000 p.
1078 1932 1124 1998 62,
1140 1933 1235 2000 ltlsqq.

275 2037 356 2085 Periit
379 2041 460 2085 ceratem
483 2037 590 2086 Tarenti
610 2038 635 2086 io
655 2037 764 2100 Apuliae
861 2036 1348 2102 liumpreparationem(aaronis)op-

206 2124 316 2170 rioitote.
347 2137 403 2170 rrum
426 2123 481 2170 {latro
502 2121 674 2186 ‹lictapontma
695 2125 778 2185 rupit,
788 2123 875 2186 picium
904 2121 1091 2182 serrecntissimo
1123 2125 1177 2171 sote
1210 2125 1347 2187 euanescit.

206 2207 301 2263 nidere,
313 2208 478 2256 oritatndincrrr
492 2208 696 2258 exsolisurdorc
706 2223 764 2256 oon·
776 2182 779 2227 ι
790 2210 934 2270 languorem
957 2211 1046 2254 nactus
1063 2212 1102 2254 est
1124 2221 1226 2271 cumque
1245 2223 1294 2256 aon
1313 2211 1348 2256 trr-

205 2295 297 2340 tramit.
775 2260 778 2320 i
791 2293 909 2340 terruisse
921 2292 1082 2354 occupatione
1095 2291 1182 2353 ausit,
1201 2294 1238 2340 itu
1250 2299 1276 2340 at
1286 2303 1347 2356 prn-

790 2379 847 2428 ur'ur
864 2379 993 2442 aliquanto
1015 2375 1177 2426 nnuman
1195 2379 1347 2441 appelleret,

789 2461 831 2512 odi
842 2460 929 2512 diebos
937 2462 1028 2528 paucis
1040 2459 1111 2512 obiit.
1138 2503 1142 2512 .

206 2627 363 2706 scripsisse
389 2623 513 2706 quidam
536 2623 676 2685 Servium
704 2625 797 2684 vitam
827 2633 937 2704 poetae
968 2631 999 2684 ct
1026 2625 1257 2686 commentarius
1282 2629 1347 2690 cius

205 2725 297 2787 fidem
318 2727 394 2787 facit
417 2735 446 2786 ct
467 2727 613 2805 probatur
637 2727 703 2806 ipsa
725 2727 779 2786 illu
802 2728 1052 2806 interpolatione,
1076 2748 1165 2808 quam
1188 2751 1243 2810 pro
1266 2731 1346 2824 frag·

205 2839 307 2890 monto
334 2829 400 2890 eius
425 2829 508 2890 vitae
537 2830 601 2890 inre
623 2828 737 2890 habere
760 2829 877 2890 videor.
916 2831 1002 2890 cuius
1025 2829 1108 2889 vitae
1133 2829 1278 2891 iacturam
1302 2835 1346 2892 sa·

206 2932 265 2991 cile
289 2951 450 3010 possumus
473 2931 618 3005 tolerare,
650 2953 716 2992 cnm
740 2931 893 3014 antiquior·
916 2931 1025 2992 Servio
1045 2931 1243 3010 Vergilianas
1265 2935 1347 2996 vitan

205 3035 349 3094 memoria
370 3031 410 3092 ad
433 3053 487 3092 nos
511 3035 700 3114 pervenerit,
726 3055 805 3116 quae
829 3035 1006 3116 plenissima
1028 3036 1068 3094 sit
1089 3055 1265 3118 summaque
1287 3037 1347 3098 fide

206 3133 309 3215 digna.
341 3135 456 3196 Donati
476 3156 524 3197 me
548 3137 643 3196 vitam
665 3135 767 3197 dicere
789 3139 943 3198 neminem
965 3138 1079 3216 fugiet3
1108 3135 1162 3196 scd
1185 3137 1347 3200 haeceine

206 3237 314 3298 laudes
336 3258 526 3319 summopore
549 3237 706 3299 offendent
729 3257 781 3297 eos
807 3241 859 3319 qui
884 3239 1090 3311 meminerint,
1117 3259 1134 3296 a
1156 3239 1230 3298 viris
1251 3239 1347 3301 doctis

205 3359 326 3420 sompcr
342 3341 379 3399 de
397 3341 577 3402 futilissimis
594 3343 624 3400 in
644 3340 703 3400 isac
719 3341 782 3399 vita
798 3341 975 3400 commentis
993 3340 1150 3399 clamitari.
1174 3339 1230 3402 sed
1247 3345 1348 3402 omnia

206 3441 377 3503 huiusmodi
393 3443 503 3502 absunt
526 3464 545 3501 a
564 3463 637 3502 vere
658 3441 771 3502 Donati
791 3443 870 3516 vita,
891 3463 972 3522 qnae
994 3441 1115 3522 quidem
1139 3441 1177 3502 de
1194 3441 1346 3503 hominum

205 3543 350 3604 memoria
373 3543 525 3605 excidisse
550 3545 681 3605 videtur.
728 3545 813 3606 errius
836 3545 935 3604 locum
958 3527 1075 3604 inde'a
1096 3545 1210 3603 renatis
1236 3545 1346 3606 litteris

205 3647 367 3727 occupavit
401 3647 482 3706 vitae
514 3647 704 3726 exemplum,
736 3645 816 3728 quod
843 3656 876 3706 ut
908 3645 994 3705 nulla
1030 3645 1142 3706 codicis
1167 3647 1346 3708 auctoritate

203 3749 309 3808 nititur
326 3750 368 3808 ita
382 3747 583 3830 putidissimis
607 3747 892 3830 interpolationibus
912 3747 1030 3828 insigne
1046 3757 1107 3824 est,
1133 3767 1260 3830 quarum
1281 3749 1345 3830 plc-

203 3872 330 3932 rnmqne
347 3849 456 3910 fundus
472 3851 549 3910 adon
564 3861 633 3910 sunt
650 3851 774 3913 fabulae
795 3851 833 3912 de
851 3851 986 3930 Vergilio
1009 3871 1098 3930 mago
1122 3851 1223 3912 modia
1244 3861 1345 3912 aetate

204 3951 387 4014 decantatae
400 3952 454 4012 scd
469 3955 511 4012 ita
524 3953 596 4013 illac
614 3955 794 4030 inmutatae,
811 3965 844 4014 ut
860 3955 992 4014 fucatam
1008 3953 1195 4033 antiquitatis
1211 3956 1345 4034 speciem

203 4055 313 4114 ferant.
352 4075 454 4116 veram
478 4062 579 4115 autern
603 4057 695 4115 vitam
717 4058 878 4136 primumn
898 4054 1011 4115 codicis
1032 4057 1078 4115 sui
1096 4054 1191 4134 (nuuc
1209 4055 1344 4115 Beruen-

203 4157 245 4216 sis
263 4157 325 4236 172)
344 4155 404 4218 fide
421 4155 544 4218 dedisse
560 4159 594 4220 P.
613 4157 752 4218 Danielis
766 4159 905 4218 moritum
923 4165 987 4230 cst,
1003 4156 1094 4236 culpa
1110 4177 1182 4218 vero
1196 4159 1344 4239 posterio-

205 4292 400 4302 ψ..-

270 4357 298 4424 *)
317 4361 396 4412 Haec
410 4361 587 4428 scripseram,
602 4379 662 4412 cnm
674 4361 706 4412 Ο.
717 4360 830 4411 Iahnius
843 4375 949 4410 mecum
963 4361 1148 4411 communicat
1159 4361 1345 4412 coniecturam

204 4442 350 4520 admodum
363 4447 531 4536 speciosam,
545 4445 710 4498 delitescere
724 4447 752 4497 in
769 4447 854 4498 Varus
866 4443 945 4496 Servi
958 4459 1110 4510 cognomen
1123 4445 1237 4498 Μαιιηα.
