3064 5064
264 387 323 450 tor
767 405 898 448 rnnrvu

262 555 311 617 ria
334 553 427 639 quasi
445 551 599 639 aperilem
619 553 871 618 rromIneuerunt
888 573 926 617 eo
944 551 1031 639 quod
1047 563 1127 616 tunc
1138 551 1312 640 plurimum
1334 575 1408 636 ger-

262 655 358 718 mInis
370 655 536 738 aperiatur
547 655 582 717 in
593 651 716 719 florem.
737 655 815 718 iude
826 675 970 718 mensem
983 671 1098 718 uersu
1111 676 1169 742 pro
1180 653 1270 718 Mais
1280 653 1408 718 Mercu·

181 764 185 774 ’
261 757 302 820 rii
314 765 413 819 matre
425 755 495 818 siue
507 763 638 841 propter
650 757 801 820 maiores.
818 756 936 820 deinde
949 772 1074 818 rvmvu
1085 778 1106 818 a
1118 755 1260 838 Iunone3
1283 757 1337 819 slii
1351 777 1408 818 su·

167 915 170 924 .
261 866 325 920 tem
338 858 422 920 sicut
432 854 555 920 Maium
568 877 627 943 pro
640 855 820 920 maioribus
832 858 879 920 its
888 878 947 943 pro
961 857 1143 920 iunioribus
1154 856 1282 921 Iunium
1294 859 1408 920 uocari

262 957 425 1022 dixerunt.
468 958 545 1021 item
567 973 691 1020 rvmvu
714 979 734 1020 a
754 956 839 1022 Iulio
863 957 1022 1040 Caesare,
1050 973 1238 1021 rvovsrmr
1263 979 1341 1022 uero
1362 957 1407 1020 sb
1423 983 1435 1018 :.

262 1060 444 1125 Octauiano
460 1061 611 1142 Augusto
627 1069 846 1141 uocauerunt3
876 1080 949 1122 nem
971 1062 1063 1146 prius
1080 1058 1184 1122 Iulius
1199 1057 1357 1138 Quintilis
1374 1071 1408 1120 et

261 1163 435 1244 Augustus
458 1159 592 1223 Sextilis
614 1160 808 1232 uocabatur,
838 1160 893 1222 sed
919 1181 1029 1224 eorum
1056 1161 1188 1224 nominc
1215 1182 1235 1222 a
1257 1157 1403 1222 Caesari·

263 1264 323 1324 bus
350 1262 431 1326 lulio
455 1263 526 1324 siue
541 1262 690 1346 Augusto
714 1272 791 1324 sunt
810 1270 1015 1326 commutata.
1053 1264 1116 1324 iam
1141 1275 1346 1324 subruimus
1368 1281 1407 1322 eo

261 1364 348 1449 quod
372 1365 529 1449 septimus
552 1365 596 1426 sit
618 1384 637 1426 a
660 1362 778 1428 Martio
801 1364 855 1448 qui
879 1373 928 1426 cst
949 1364 1145 1448 principium
1168 1363 1267 1424 ueris.
1307 1361 1406 1424 simili

263 1485 390 1550 quoque
421 1463 534 1527 ordine
563 1479 725 1527 ocrossn
753 1473 785 1527 et
803 1480 994 1528 sovrussu
1022 1474 1054 1527 ot
1075 1478 1263 1526 necessus
1285 1483 1327 1525 ex
1350 1483 1406 1524 no·
1421 1487 1446 1524 ro

258 1619 364 1686 prives:
398 1621 432 1667 ub
458 1635 489 1668 eo
513 1619 608 1668 nostri.
629 1634 645 1668 s
668 1619 806 1668 mensibus
835 1619 1016 1668 intermestris
1045 1619 1149 1677 dictus,
1178 1617 1247 1682 quod
1271 1618 1408 1682 putabant

263 1688 335 1736 inter
355 1687 452 1751 prioris
471 1688 572 1735 mensis
595 1687 767 1736 senescentis
792 1693 940 1736 extremum
964 1687 1035 1735 diem
1060 1695 1086 1734 et
1110 1701 1207 1735 nouum
1232 1686 1323 1734 lunum
1345 1701 1407 1733 esse

264 1755 335 1804 diem
356 1769 433 1814 quern
453 1753 612 1818 diligentius
632 1754 714 1804 Attici
736 1748 805 1820 ἔνην
822 1749 870 1803 καὶ
890 1748 960 1804 νέαν
979 1753 1166 1818 uppollurunt3
1186 1753 1220 1802 ab
1240 1769 1272 1802 eo
1291 1753 1361 1818 quod
1374 1769 1408 1800 eo

264 1823 308 1872 die
327 1827 417 1887 potest
436 1821 523 1870 uideri
543 1827 664 1870 extremo
683 1827 711 1870 et
730 1823 817 1888 prima
836 1820 920 1871 lurra!
951 1821 1077 1884 Hyginus
1091 1823 1120 1870 P.
1135 1823 1165 1870 A.
1180 1821 1235 1870 IIII
1256 1819 1300 1870 19:
1320 1821 1407 1869 ‘blen-

264 1905 320 1938 sem
340 1896 441 1946 autom,
462 1889 591 1954 quamdiu
609 1888 674 1938 luno
688 1889 828 1940 zodiacum
844 1890 975 1939 circulum
989 1887 1140 1954 perducat’.
1161 1917 1190 1924 —
1211 1889 1344 1938 blensium
1359 1903 1408 1938 no·

265 1955 348 2022 mine]
368 1956 489 2006 Isidorus
508 1956 593 2021 origg.
613 1957 635 2004 V
654 1954 701 2018 ³3,
726 1957 832 2022 3sqq.:
867 1959 1027 2006 ‘Ianuarius
1052 1958 1151 2006 mensis
1176 1972 1192 2006 u
1216 1957 1284 2006 Iuno
1308 1955 1406 2014 «lictus,

265 2026 308 2074 eui
329 2025 380 2074 suit
400 2040 415 2072 a
434 2025 584 2088 gentilibus
604 2033 793 2087 consecratus,
812 2025 856 2074 uol
871 2026 934 2090 quio
948 2025 1026 2074 limes
1040 2031 1067 2074 et
1080 2023 1212 2074 incussit
1232 2025 1305 2072 anni.
1335 2025 1407 2074 unde

264 2099 291 2141 et
309 2093 415 2142 bifrons
435 2093 505 2141 idem
524 2091 608 2141 Ianus
626 2093 755 2157 pingitur,
775 2099 804 2142 ut
824 2094 952 2143 mtroitus
971 2093 1035 2142 unni
1054 2098 1081 2141 st
1100 2093 1189 2141 exitus
1208 2092 1407 2141 demonstrare·

263 2169 315 2210 tur.
354 2160 519 2210 Februarius
538 2167 710 2224 nuncupetur
729 2176 745 2209 a
764 2161 872 2211 Februo
892 2161 918 2209 id
943 2165 984 2208 est
1003 2161 1118 2209 Plutone
1139 2160 1182 2208 cui
1201 2175 1232 2208 eo
1251 2173 1344 2208 meuse
1363 2175 1407 2208 ss-

264 2227 449 2277 eriticabotur.
487 2244 548 2276 nam
569 2228 727 2276 Ianuarium
752 2229 804 2278 diis
828 2229 950 2292 superis,
971 2227 1149 2276 Februarium
1168 2227 1220 2276 diis
1240 2226 1336 2276 inseris
1355 2229 1407 2277 Ro·

264 2297 337 2344 moni
357 2301 597 2344 corrseersuemnt.
635 2311 699 2360 ergo
719 2296 874 2345 februarius
894 2311 910 2344 a
928 2295 1024 2345 februo
1042 2295 1069 2344 id
1088 2301 1130 2344 est
1149 2310 1165 2343 e.
1183 2292 1299 2344 Plutone
1318 2309 1371 2345 non
1391 2311 1408 2344 s

264 2364 341 2413 lebre
361 2363 389 2430 id
407 2369 449 2413 est
468 2363 641 2428 aegritudine
660 2365 826 2412 nominatur.
857 2365 972 2413 Martius
992 2363 1149 2428 appellatus
1167 2367 1278 2427 propter
1291 2363 1407 2414 Mortem

266 2431 404 2481 limuunse
430 2432 519 2496 gentis
545 2437 683 2480 auctorem
707 2432 753 2480 uel
777 2432 847 2496 quod
872 2431 966 2480 eodem
990 2435 1111 2495 tempore
1135 2437 1235 2479 eunom
1254 2430 1409 2480 animantia

265 2505 384 2562 rigentur
402 2499 437 2547 sd
455 2515 545 2548 mures
570 2503 597 2547 ot
616 2499 650 2548 ad
676 2499 874 2548 ‹roncumboudi
899 2499 1076 2562 uoluptatem.
1112 2498 1185 2547 idem
1204 2497 1362 2563 uprrellutur
1381 2507 1409 2548 et

265 2567 365 2616 mensis
383 2581 522 2621 nouorum,
542 2567 606 2631 quiu
625 2569 689 2616 nuni
710 2567 816 2616 initium
837 2573 878 2616 est
893 2567 1016 2616 Martius.
1048 2567 1118 2616 idem
1137 2571 1164 2615 et
1183 2581 1281 2614 nouum
1294 2583 1351 2622 uer,
1373 2567 1408 2616 ab
1475 2565 1481 2574 “

265 2633 374 2682 iudiciis
393 2635 502 2684 seilicet
520 2635 679 2698 germinum,
701 2636 765 2698 qrrin
786 2637 811 2684 iu
833 2652 865 2685 eo
884 2633 1067 2684 uiridantibus
1081 2633 1214 2683 sumtibus
1227 2635 1306 2684 nouis
1318 2641 1407 2684 truns-

266 2709 387 2750 setorum
411 2703 541 2766 probetur
560 2716 684 2751 occasus.
720 2703 823 2766 Aprilis
842 2718 890 2768 pro
909 2703 1014 2750 Venere
1034 2701 1143 2763 dicitur,
1163 2702 1240 2766 quusi
1259 2702 1408 2768 Aphrodis3

265 2769 371 2817 (irnece
392 2771 463 2818 enim
481 2759 631 2834 Ἀφροδίτη
644 2769 737 2818 Venus
756 2769 871 2832 dicitur;
891 2771 936 2820 uel
955 2769 1018 2835 quio
1037 2770 1064 2818 iu
1084 2785 1116 2819 eo
1132 2785 1223 2819 mense
1237 2771 1330 2819 omnis
1343 2785 1408 2836 upe-

266 2837 370 2886 riuntur
389 2837 416 2885 iu
441 2837 531 2887 florem
557 2839 636 2901 quasi
660 2835 782 2901 aperilis.
818 2839 909 2888 Maius
930 2838 1020 2886 dictus
1039 2852 1055 2885 s
1074 2837 1149 2886 Maio
1173 2843 1260 2886 matre
1279 2837 1409 2888 Mercurii

267 2903 310 2952 uel
332 2919 347 2954 u
362 2903 509 2954 maioribus
523 2911 590 2952 netu
604 2905 647 2968 qui
663 2911 742 2953 erant
755 2906 893 2970 prim-iper
906 2905 945 2954 rei
959 2905 1096 2970 publicae.
1128 2920 1190 2954 uum
1203 2903 1274 2954 hune
1288 2904 1409 2955 rssnsem

268 2971 426 3032 maioribus,
440 2977 598 3036 sequentem
613 2987 677 3021 uero
691 2972 839 3022 minoribus
854 2973 968 3023 Romani
982 2978 1226 3032 corrsecruueruut3
1240 2973 1310 3022 uude
1323 2977 1352 3022 et
1364 2973 1406 3022 Iu—

265 3039 325 3088 nius
338 3037 442 3088 dictus:
474 3047 538 3088 ente
553 3040 624 3088 enim
638 3040 753 3104 populus
767 3041 794 3088 in
809 3042 949 3090 centurius
968 3041 1104 3090 seniorum
1119 3047 1146 3090 et
1159 3041 1293 3089 iuniorum
1304 3041 1410 3090 diuisus

266 3111 335 3155 sunt.
359 3105 444 3157 Iulius
455 3123 520 3156 uero
533 3113 560 3156 ct
573 3109 709 3172 ¹luguutus
727 3107 760 3156 de
773 3109 927 3158 nominibus
938 3107 1075 3157 homiuum
1092 3109 1155 3157 Iulii
1170 3113 1197 3156 et
1210 3109 1325 3173 Augusti
1338 3109 1408 3158 I'se-

264 3189 355 3224 sorum
372 3174 522 3240 nuncupati
542 3182 614 3224 suut.
645 3190 708 3224 narn
724 3175 798 3240 prius
811 3175 942 3237 Quintilis
955 3181 982 3224 et
996 3175 1106 3226 Sextilis
1118 3176 1303 3225 uocabantur:
1323 3175 1409 3238 Quin-

264 3241 336 3304 tilis,
362 3242 426 3306 quin
449 3243 558 3307 quintus
582 3247 642 3292 erat
661 3258 677 3292 e
696 3243 811 3305 Martio,
837 3259 914 3308 quem
938 3243 1087 3308 principem
1107 3244 1171 3292 suni
1190 3249 1329 3294 testantur
1348 3261 1409 3295 esse

266 3309 395 3370 lienium,
424 3309 535 3360 Sextilis
554 3311 681 3360 similiter
699 3311 765 3376 quis
788 3317 890 3362 sextus.
928 3312 1089 3376 September
1106 3327 1203 3360 nomeu
1221 3310 1306 3361 habet
1325 3327 1341 3360 n
1360 3327 1409 3362 nu·

266 3393 340 3427 moro
364 3385 391 3426 et
413 3377 513 3440 imbre,
538 3379 603 3442 quis
626 3379 758 3444 septimus
784 3384 826 3428 est
851 3395 867 3428 a
891 3380 990 3428 blsrtio
1015 3385 1043 3428 ct
1065 3379 1167 3428 imbres
1191 3378 1284 3429 habet.
1321 3379 1362 3429 sic
1382 3387 1411 3429 et

266 3445 387 3496 October
405 3446 561 3496 Nouember
580 3452 661 3510 utque
680 3447 836 3496 December
855 3465 888 3496 ex
907 3459 1018 3496 uumcro
1037 3451 1065 3496 et
1088 3447 1220 3496 imbribus
1241 3457 1412 3513 aeceperunt
1482 3485 1490 3498 .

178 3523 188 3534 ·
266 3513 411 3576 nocebitis,
433 3529 512 3578 quern
530 3529 669 3564 numerum
689 3513 879 3564 ‹lecurrentem
900 3515 1051 3564 December
1076 3514 1137 3563 linit
1155 3531 1202 3580 pro
1223 3531 1254 3564 eo
1273 3515 1344 3581 quod
1363 3517 1410 3565 de·

268 3582 362 3630 uerius
375 3597 502 3630 numerus
512 3581 723 3647 praecedentem
737 3597 878 3632 numerum
893 3581 1016 3631 claudit'
1036 3583 1205 3646 Augustinus
1219 3583 1410 3633 eontrstus-

353 3745 369 3796 2
387 3757 512 3812 germen
531 3736 691 3814 plurimum
711 3742 736 3794 A
750 3735 764 3818 ll
780 3737 955 3815 aperiuntur
971 3738 998 3792 B
1019 3731 1031 3816 ll
1055 3738 1193 3796 ruercorii
1213 3739 1239 3796 B
1254 3732 1267 3820 ΙΙ
1281 3747 1298 3800 3
1312 3747 1409 3798 matre

269 3815 305 3877 Β1
331 3815 344 3902 ΙΙ
365 3831 460 3878 matre
484 3840 574 3900 quam
597 3820 684 3879 deum
706 3831 818 3881 uocant
839 3825 970 3880 Isidorus
988 3818 1002 3902 Η
1024 3821 1138 3878 lunone
1162 3842 1252 3901 qrram
1275 3842 1411 3882 sororem

266 3904 316 3963 uel
332 3906 490 3980 coniugem
508 3905 590 3963 Iouis
613 3907 708 3964 luisse
730 3914 882 3966 testantur
901 3907 1031 3966 Isidorus
1051 3901 1064 3987 ll
1084 3903 1221 3987 Iunium]
1243 3907 1412 3966 iunioribus

267 3983 319 4070 All
334 3999 351 4050 4
368 4009 479 4047 uocare
501 3993 527 4046 B
541 4011 594 4048 om.
611 3995 635 4047 Α
656 3986 669 4068 ΙΙ
692 4003 841 4052 oeessare
860 3986 898 4047 Β1
916 4010 1021 4052 cesare
1038 3987 1076 4048 Β2
1097 3985 1111 4072 ΙΙ
1133 4001 1272 4067 egestum
1291 3997 1357 4050 Art
1370 3999 1412 4052 ira

262 4075 329 4148 sere
349 4092 463 4147 semper
486 4087 612 4150 augusto
637 4072 674 4132 B¹
699 4071 712 4156 ll
732 4087 748 4138 ti
769 4085 876 4152 agusto
900 4073 939 4132 B¹
962 4079 1087 4155 agrritro
1109 4079 1133 4132 A
1153 4071 1166 4158 {l
1189 4087 1218 4134 ot
1237 4097 1290 4136 om.
1316 4075 1410 4158 Bll':

267 4167 407 4233 egestum
428 4163 452 4216 A
470 4151 483 4238 ll
506 4179 595 4216 noum
619 4156 653 4217 Al
678 4155 691 4241 ll
713 4183 730 4218 e
750 4181 803 4218 om.
829 4159 866 4218 Βι
884 4159 897 4238 Η
912 4179 1033 4221 cessare
1055 4157 1096 4218 B²
1110 4159 1123 4240 {l
1138 4171 1156 4222 8
1172 4173 1353 4220 commotam
1374 4161 1409 4220 ΑΙ

264 4243 419 4301 nominata
433 4245 459 4299 B
479 4239 493 4325 ll
513 4253 529 4304 9
545 4245 704 4322 septimum
718 4243 756 4301 B¹
781 4241 794 4326 ΙΙ
815 4247 921 4306 similis
937 4241 972 4303 13¹
990 4241 1003 4328 ΙΙ
1023 4259 1053 4308 10
1067 4245 1195 4305 octuber
1214 4245 1248 4304 1³¹
1264 4247 1415 4306 octimber

266 4328 293 4384 Il
307 4320 320 4405 ΙΙ
337 4327 721 4387 nooonborrnooinboro
735 4325 748 4410 Η
765 4330 919 4390 decimber
928 4327 1108 4412 lilinumero
1117 4331 1255 4390 imbrium
1268 4365 1302 4376 -
1313 4331 1412 4412 ueris]

265 4415 344 4470 loeus
363 4421 520 4484 corruptus
534 4417 628 4470 nescio
644 4433 682 4470 on
700 4415 806 4473 Isidori
820 4421 996 4492 neglegentia
