3190 5098
288 387 349 448 474
622 405 844 457 nvrusrrorrns
873 405 1097 452 svaronmunn

286 557 498 618 obscuraretur
509 558 684 621 auctoritas.
702 567 792 640 atque
805 569 912 620 entant
918 559 1082 621 Frontonis
1093 559 1188 620 verba
1199 560 1230 620 in
1243 559 1374 640 epistula
1380 559 1420 620 ad

284 662 325 722 Μ.
341 659 497 721 Aurelium
509 660 737 722 adulescentem
752 661 822 721 data
839 681 869 740 p.
885 670 952 737 174,
969 661 1050 722 unde
1068 665 1128 722 iam
1139 662 1268 722 Rothius
1279 683 1310 742 p.
1324 665 1420 725 VlllI

281 772 365 824 recte
381 763 514 842 conlegit
524 763 605 824 haud
617 765 661 824 ita
672 764 821 824 benevole
834 764 872 824 de
884 765 1065 845 Tranquillo
1074 765 1259 826 Frontonem
1270 767 1418 828 sensisse:

239 939 241 950 Ι
284 885 316 926 ss
334 867 488 941 Tranquilli
501 869 654 926 industrium
664 872 712 942 qui
723 872 778 926 nist
792 869 876 926 sciret
885 877 987 943 quanto
1000 885 1084 942 opere
1098 885 1142 926 mc
1155 871 1281 944 diligeres
1295 873 1418 928 courmo-

281 973 352 1028 rtom
369 971 421 1028 troc
436 974 569 1044 negotium
582 971 634 1028 sthi
645 987 787 1044 nunqnam
810 974 967 1044 expeteret.
993 967 1183 1050 praecedunt
1203 977 1303 1030 autem
1324 970 1419 1032 haec:

280 1075 384 1130 inuenit
397 1080 486 1130 aarum
501 1088 544 1129 me
556 1071 733 1146 Tranquillus
743 1089 804 1129 cnm
815 1074 934 1147 frigeret
943 1076 1023 1130 etiam
1034 1091 1109 1130 ncnc
1119 1080 1265 1131 astantem.
1285 1081 1316 1132 et
1326 1073 1419 1151 paulo

281 1183 368 1234 ante:
403 1191 463 1232 mco
483 1193 588 1247 param
609 1176 714 1250 refert,
741 1177 802 1248 quis
821 1190 864 1231 mc
888 1173 922 1231 dc
949 1177 1025 1232 ocris
1044 1176 1093 1232 tibi
1113 1179 1209 1232 amicis
1233 1176 1341 1249 dtts'put,
1366 1179 1422 1234 nisi

270 1279 355 1352 ‘prrod
376 1280 459 1349 prior
485 1280 555 1334 rotie
584 1286 623 1334 ert
647 1279 719 1348 etus,
746 1280 795 1350 qm·
814 1279 903 1334 mores
928 1283 969 1334 est
988 1280 1077 1335 nostri
1098 1277 1270 1350 fastidiosas.
1314 1278 1419 1356 quanti

282 1385 383 1437 autem
413 1378 473 1436 iam
499 1377 625 1436 Traiani
652 1387 787 1458 tompore
818 1377 947 1438 eruditio
973 1377 1102 1438 Suetoni
1133 1378 1294 1438 aestimata
1320 1378 1359 1438 sit
1379 1397 1418 1440 ex

281 1479 363 1539 Plini
376 1479 515 1560 epistulis
526 1480 608 1539 clare
619 1481 821 1557 cognoscitur.
839 1487 1026 1560 neopoteret
1037 1479 1130 1539 facile
1139 1479 1237 1558 gloria
1244 1479 1352 1542 deesse
1364 1480 1419 1540 tali

281 1583 347 1642 viro
365 1582 417 1663 qui
434 1601 537 1641 omnes
555 1580 732 1641 eruditionis
750 1590 853 1661 partes
869 1581 1036 1661 conplexus
1050 1581 1129 1641 alter
1145 1583 1242 1642 Varro
1254 1582 1416 1643 videretur.

282 1684 362 1765 quod
373 1692 477 1744 contra
489 1681 569 1764 apud
584 1681 719 1764 Gellium
730 1683 776 1743 bis
787 1691 904 1744 tentum
917 1685 982 1744 eius
994 1685 1028 1744 lit
1039 1685 1167 1758 mentio,
1181 1705 1248 1744 cum
1263 1685 1332 1745 aliis
1343 1685 1419 1744 locis

281 1805 391 1846 nomen
407 1787 472 1846 eius
485 1786 604 1846 silentio
621 1794 788 1866 prematur:
814 1795 907 1867 etque
923 1787 972 1845 hic
986 1787 1030 1845 ita
1045 1785 1167 1866 quidem
1177 1787 1306 1848 Suetoni
1317 1797 1419 1848 ancto-

280 1891 369 1949 ritate
392 1888 485 1948 utitur
505 1896 539 1947 ut
556 1888 657 1968 priore
679 1887 748 1948 loco
772 1889 930 1967 physicam
952 1888 1196 1950 observationem
1219 1907 1258 1950 ex
1281 1886 1419 1950 ludicrae

281 1991 426 2051 historiae
438 1988 515 2050 libro
527 1993 623 2069 primo
635 1997 735 2068 petat,
751 1991 847 2051 altero
858 1990 998 2050 historias
1013 1991 1083 2050 illas
1098 2010 1174 2072 quas
1185 2001 1337 2069 postremo
1348 1991 1417 2052 loco

279 2095 368 2174 posui
383 2091 538 2153 adhibeat.
568 2101 599 2152 at
616 2092 667 2152 ubi
682 2102 752 2172 apte
766 2102 887 2172 poteret
896 2093 928 2152 ni
949 2092 1041 2153 fallor
1056 2093 1185 2153 Suetoni
1205 2094 1355 2154 thesauris
1374 2095 1419 2153 uti

281 2196 319 2256 ad
333 2198 513 2256 Frontonem
524 2195 692 2275 prinoipem
704 2196 942 2275 antiquariorum
952 2195 1098 2272 confugit,
1113 2194 1207 2256 veluti
1216 2195 1281 2268 ΗΘ,
1293 2194 1346 2254 nbi
1354 2213 1418 2254 ser·

219 2278 221 2286 Α
280 2319 384 2359 mones
401 2300 442 2358 M.
460 2299 623 2358 Frontonis
645 2307 676 2356 et
691 2297 836 2357 Favorini
850 2297 1023 2377 philosophi
1045 2295 1083 2355 de
1104 2297 1267 2374 generibus
1285 2297 1419 2356 celorum

280 2401 498 2482 vocabulisque
524 2419 627 2459 eorum
645 2398 772 2460 Graecis
794 2408 826 2459 et
845 2377 963 2459 Latinis
986 2407 1122 2459 enarret:
1156 2397 1316 2477 probabile
1337 2400 1420 2460 eninr

280 2512 326 2564 est
337 2504 396 2564 hac
409 2503 447 2564 de
463 2523 496 2562 re
507 2503 598 2562 stiam
609 2503 787 2563 Suetonium
798 2503 829 2562 in
840 2501 934 2580 pratis
946 2501 1056 2578 egisse.
1074 2501 1111 2560 cf.
1122 2500 1419 2580 practereeXVllH

279 2615 305 2669 S·
325 2617 366 2670 10.
385 2617 424 2670 13.
442 2605 545 2664 necin
561 2613 719 2664 ventorum
736 2604 908 2664 nominibus
923 2602 956 2661 II
973 2611 1007 2664 ut
1022 2622 1090 2664 cum
1105 2622 1173 2662 eum
1188 2601 1334 2664 Suetonio
1348 2623 1418 2662 con·

280 2709 393 2768 sentire
409 2709 469 2768 iam
483 2725 574 2785 supra
588 2705 734 2766 vidimus:
771 2705 919 2766 Favorini
940 2705 1058 2764 scilicet
1079 2724 1234 2766 sermones
1256 2703 1294 2766 de
1313 2713 1419 2764 rento·

279 2829 344 2869 rum
359 2808 518 2868 vocubulis
533 2809 770 2888 regionibusque
784 2807 888 2868 refert.
920 2826 1015 2888 quare
1031 2808 1123 2866 etiam
1136 2807 1255 2867 Nonius
1268 2808 1322 2886 qui
1336 2809 1367 2867 in
1382 2805 1419 2866 li·

280 2910 334 2970 bro
351 2909 389 2970 de
406 2909 615 2990 compendiose
633 2908 771 2968 doctrina
782 2909 967 2989 antiquarios
982 2909 1052 2968 illos
1065 2910 1096 2970 in
1111 2909 1158 2969 his
1172 2908 1305 2970 Gellium
1317 2909 1419 2989 sequi-

281 3020 328 3072 tur
350 3031 513 3092 numquam
536 3029 603 3072 cum
624 3011 770 3072 Suetonio
787 3011 956 3090 conspiret,
988 3027 1047 3092 quo
1073 3019 1157 3072 certe
1171 3009 1323 3072 indicatur
1341 3012 1417 3070 enti·

281 3113 402 3197 querius
423 3113 462 3174 dc
485 3113 635 3174 industria
656 3112 834 3174 Suetonium
851 3134 913 3174 non
933 3112 1056 3174 adiisse.
1091 3133 1150 3174 nec
1169 3113 1341 3174 Macrobius
1365 3115 1419 3194 qni

281 3217 395 3295 etipse
412 3214 450 3276 de
469 3214 571 3277 Gallio
587 3216 717 3276 menime
732 3213 847 3294 pendet
863 3235 991 3296 usquam
1014 3216 1142 3278 Suetoni
1162 3235 1272 3276 nornen
1292 3215 1418 3294 profert,

281 3320 338 3380 atsi
354 3339 422 3378 eum
438 3319 534 3399 copiis
550 3319 614 3377 eius
629 3338 717 3379 usum
738 3337 806 3378 esse
821 3338 913 3398 supra
927 3317 1130 3398 probavimus.
1163 3316 1218 3378 aed
1236 3337 1296 3378 nen
1311 3315 1417 3378 viden-

278 3431 328 3482 tur
338 3421 500 3501 antiquarii
508 3418 727 3482 Suetonianem
739 3419 937 3482 eruditionem
946 3419 997 3479 diu
1008 3419 1202 3497 obscuraas03
1215 3439 1284 3480 nam
1295 3421 1420 3480 ineunte

280 3524 403 3584 saeculo
431 3524 521 3584 tertio
550 3523 714 3584 Africanus
739 3521 977 3584 Christianorum
999 3523 1113 3600 primus
1134 3522 1379 3602 chronographus
1400 3539 1419 3584 e

281 3623 408 3686 Suetoni
422 3625 543 3706 scriptis
562 3643 599 3684 ea
614 3627 779 3706 praecipue
795 3645 874 3706 quac
896 3625 934 3686 de
957 3624 1079 3703 regibus
1100 3625 1304 3684 Romanorum
1324 3621 1419 3684 tradi·

281 3726 368 3788 derat
379 3729 411 3788 in
426 3727 569 3788 chronica
583 3729 751 3800 transtulit,
767 3727 798 3787 id
811 3727 892 3809 quod
904 3727 1006 3788 multis
1021 3726 1098 3786 locis
1113 3745 1215 3786 eorum
1231 3728 1283 3807 qui
1296 3729 1363 3807 ipso
1372 3727 1420 3788 usi

280 3839 350 3890 sunt
361 3829 477 3889 Eusebi
492 3829 615 3890 Ioannis
631 3831 815 3890 Antiocheni
833 3827 947 3908 Georgi
958 3827 1098 3910 Syncelli
1110 3829 1238 3889 allorum
1252 3831 1313 3890 iam
1326 3830 1418 3890 erici·

280 3953 360 3992 mus:
372 3931 485 3992 ibidem
495 3939 564 4012 post
575 3932 794 3992 Mommsenum
804 3931 1006 3992 indicavimus
1015 3949 1075 3990 non
1087 3931 1153 3990 sine
1163 3929 1262 3992 studio
1274 3929 1419 3990 Christia-

279 4055 335 4094 nos
346 4034 521 4094 memoriam
534 4053 640 4112 regum
651 4035 855 4094 Romanorum
873 4053 912 4094 er
931 4052 967 4094 eo
983 4033 1134 4092 hausisse.
1161 4031 1268 4094 eodem
1284 4041 1419 4114 tempore

281 4137 371 4197 etiem
384 4137 536 4216 apertiora
547 4135 661 4196 indicis
671 4137 877 4198 Suetonianee
889 4135 1078 4195 auctoritatis
1092 4135 1124 4193 in
1136 4121 1222 4194 libris
1234 4133 1420 4195 Tertulliani

281 4248 313 4299 et
324 4237 498 4311 Censorini,
511 4258 578 4298 cum
593 4237 631 4298 de
641 4235 769 4299 Suetoni
778 4237 863 4298 libris
876 4237 914 4296 de
925 4237 1110 4318 spectaculis
1125 4235 1203 4296 etde
1216 4255 1294 4295 anno
1307 4237 1418 4298 Rome·

280 4361 385 4402 norum
399 4339 593 4418 disputarem,
609 4339 846 4420 deprehendisse
863 4337 980 4400 videor.
996 4339 1067 4399 hino
1079 4359 1152 4400 vere
1162 4337 1345 4418 perspicitur
1360 4337 1420 4398 iam

282 4462 318 4506 eo
336 4451 472 4524 tempore
486 4441 632 4504 Varronis
650 4443 861 4504 anctoritatem
875 4449 1014 4520 coeptam
1030 4459 1099 4502 esse
1113 4461 1133 4502 a
1154 4440 1302 4502 Suetonio
1324 4437 1419 4514 obrui,
