3138 5100
274 370 339 432 496
676 387 726 434 'm
740 393 838 434 versor
854 393 1003 434 ruuunrrr

276 545 377 602 Publio
395 550 516 602 exstare
532 543 564 600 in
580 541 723 603 Vrbinati
739 542 844 603 codice
861 545 1005 627 comperi.
1041 543 1113 603 Non
1135 543 1195 602 nisi
1216 543 1346 623 simplici
1361 563 1418 603 no-

276 644 358 704 mine
373 651 425 702 ant
440 643 612 718 Africanum
628 653 679 704 aut
695 647 868 718 Scipionem,
888 655 940 704 aut
954 648 1067 703 Philum
1084 652 1137 704 aut
1151 649 1274 704 Furium
1289 645 1417 704 Porcius

279 744 370 804 dixit:
393 745 479 819 item,
496 754 530 806 ut
543 748 674 804 Publium
693 747 761 820 ille,
785 747 828 806 ita
842 749 948 821 Afrum
964 747 1141 826 simpliciter
1157 748 1312 806 Volcatius
1334 747 1419 807 infra

209 853 211 859 “
277 867 308 926 p.
324 854 372 922 3⁸2,
391 858 432 910 10.
452 881 494 890 -
516 847 649 925 Quodsi,
677 848 729 928 qui
755 841 882 908 tandem
907 852 934 906 ei
957 869 1128 928 pronomen
1154 849 1212 908 huc
1238 849 1415 928 inrepserit,

193 985 197 994 ι
279 949 466 1030 quaesicris,
490 948 672 1028 responderi
688 951 803 1028 poterit
816 971 939 1030 prorsus
956 952 1097 1030 apposite
1113 950 1153 1010 ad
1173 951 1415 1030 persuasionem.

279 1052 346 1136 Nec
360 1053 440 1114 enim
456 1051 624 1112 ullomodo
641 1051 787 1112 credibile
804 1060 851 1112 est
869 1053 1018 1112 inferiore
1038 1054 1104 1112 loco
1122 1053 1315 1124 Suetonium,
1331 1061 1416 1132 post-

277 1174 369 1234 quam
384 1154 521 1214 hortulos
537 1165 585 1211 XX
601 1154 738 1232 iugerum
753 1175 772 1214 a
788 1155 936 1214 Terentio
953 1155 1076 1214 relictos
1093 1155 1345 1226 commemoravit,
1361 1155 1417 1212 mi·

276 1257 427 1316 rationem
454 1255 493 1314 de
521 1256 671 1314 contrario
693 1256 795 1316 Porcii
820 1256 996 1316 testimonio
1019 1276 1104 1316 suam
1124 1257 1167 1316 ita
1186 1257 1361 1336 prodidisse
1382 1265 1418 1314 ut

277 1357 364 1417 huius
380 1357 555 1432 versiculos,
574 1357 680 1437 quales
695 1359 799 1438 paullo
816 1366 888 1418 ante
904 1358 1041 1436 integros
1060 1360 1290 1438 perscripserat,
1307 1357 1416 1438 putida

278 1458 441 1538 diligentia
467 1479 572 1518 omnes
593 1460 732 1519 iteraret:
761 1460 850 1519 immo
878 1468 1120 1520 consentaneum
1142 1471 1189 1520 est
1211 1462 1243 1520 in
1265 1462 1309 1520 eis
1325 1461 1416 1520 illum

277 1560 448 1622 substitisse
465 1581 544 1641 qnae
561 1560 600 1620 ad
615 1562 714 1640 ipsam
729 1576 792 1620 rem
808 1563 1014 1641 pertinerent,
1038 1581 1101 1641 nec
1112 1571 1174 1621 tam
1189 1583 1330 1622 numeros
1346 1581 1416 1622 vet-

220 1663 227 1690 *
277 1683 362 1724 suum
379 1682 469 1744 quam
484 1664 545 1720 vim
561 1664 734 1722 sententiae
751 1683 881 1722 curasse.
927 1663 1008 1723 Satis
1030 1665 1122 1742 igitur
1138 1672 1204 1724 erat
1226 1665 1303 1723 haec
1318 1685 1415 1744 appo·

277 1766 390 1824 suisse:
411 1785 467 1838 quo
482 1770 571 1839 mopis
586 1771 675 1824 orirer
689 1768 825 1844 'Porcium
841 1769 968 1824 scribere
989 1769 1100 1842 ‘Scipio
1115 1769 1187 1826 nidi!
1196 1767 1326 1841 profuit,
1345 1769 1418 1824 uitii

277 1869 406 1936 Laelius,
422 1869 493 1924 nidi!
504 1870 629 1926 Furius.-
649 1885 747 1926 eorum
761 1872 808 1927 ille
824 1886 914 1941 opero
928 1887 964 1927 ue
983 1873 1096 1927 domum
1110 1873 1221 1944 quidem
1236 1871 1334 1928 detuit
1346 1888 1415 1928 eou-

277 1972 459 2044 ducticiom'3
482 1989 553 2028 nam
574 1971 669 2042 Scipio
692 1989 804 2029 nomen
826 1970 905 2030 nihil
919 1971 1124 2049 praecessisse
1140 1965 1337 2030 consentiens
1352 1991 1416 2030 vox

277 2071 414 2132 codicum
430 2072 557 2144 evincit,
580 2091 597 2130 e
614 2070 722 2152 quibus
738 2092 814 2130 unus
830 2073 1018 2150 Reginensis
1040 2076 1112 2132 rutil
1125 2075 1245 2132 Publius
1260 2073 1381 2133 addidit
1397 2093 1414 2132 e

276 2173 344 2234 loeo
360 2174 477 2253 priore,
500 2173 584 2254 quod
600 2183 670 2253 post
685 2173 819 2232 Aldinae
837 2175 1016 2233 auctoritate
1032 2175 1132 2234 haesit
1148 2175 1240 2234 etiam
1255 2177 1286 2234 in
1304 2173 1414 2234 editio-

265 2276 376 2341 nibus.
422 2275 484 2336 Sed
511 2275 627 2356 aliquid
653 2284 757 2334 tamen
784 2276 815 2334 in
839 2295 874 2334 eo
897 2275 979 2355 quod
1002 2278 1149 2358 proposui
1172 2277 1311 2357 exemplo
1334 2277 1415 2336 desi·

277 2378 378 2438 derari
403 2378 536 2438 senties:
564 2397 717 2456 personae
737 2377 898 2449 indicium,
926 2378 974 2436 cui
996 2379 1073 2438 nihil
1093 2379 1145 2439 vel
1165 2380 1271 2438 summi
1291 2381 1415 2458 patroni

276 2480 457 2560 profuerint.
501 2481 611 2559 quue
627 2481 726 2558 ipsum
741 2479 817 2539 illud
832 2484 860 2537 ei
873 2487 1008 2559 spectat,
1031 2481 1089 2540 hoc
1110 2482 1176 2540 loco
1191 2490 1307 2540 temere
1323 2481 1412 2540 omis·

182 2573 186 2582 ⁵
276 2603 357 2656 sum,
378 2581 411 2641 in
427 2583 559 2661 priorem
576 2602 614 2640 ex
628 2581 687 2640 hoc
701 2581 829 2640 inlatum
844 2590 875 2640 et
890 2589 941 2640 aut
963 2590 1033 2662 post
1046 2585 1136 2656 scipio
1152 2584 1317 2662 repositum
1332 2591 1364 2642 ut
1380 2585 1412 2642 in

182 2729 184 2734 .
242 2673 245 2680 ’
276 2695 382 2746 vetere
398 2684 549 2757 Parisino,
566 2692 618 2742 ant
634 2692 706 2742 ante
718 2703 750 2756 p.
762 2687 850 2756 scipuo
867 2683 945 2742 utin
961 2684 1180 2762 Neapolitano.
1197 2683 1289 2763 Quod
1305 2693 1412 2750 contra

277 2809 294 2846 e
309 2787 411 2866 priore
427 2787 493 2846 loco
510 2785 662 2864 posterior
676 2785 878 2864 interpolatus
894 2793 943 2870 est
957 2805 1019 2844 non
1035 2795 1153 2845 tantum
1174 2787 1412 2866 supervacaneis

275 2888 413 2948 versibus
430 2886 547 2947 duobus
564 2887 697 2960 adscitis,
714 2886 770 2944 sed
784 2905 885 2946 rursus
898 2891 925 2943 ei
939 2889 1121 2964 pronomine
1133 2889 1246 2947 inferto
1262 2889 1294 2948 in
1309 2889 1411 2968 proxi·

275 2990 331 3052 mis
346 2992 418 3048 nihil
430 2993 458 3048 ei
473 2992 554 3047 lelius
569 2991 641 3047 uitii
651 2990 768 3062 surius,
787 3009 805 3045 a
822 3009 881 3067 quo
896 2989 1135 3067 interpolatione
1151 2991 1209 3050 soli
1224 2989 1312 3050 liberi
1328 3009 1412 3048 man·

275 3099 381 3152 serunt
406 3099 534 3170 uterque
555 3090 712 3149 Parisinus
740 3107 806 3148 cum
826 3091 1006 3167 Reginensi.
1028 3125 1069 3132 —
1092 3091 1294 3172 Consequens
1320 3092 1412 3169 igitur

276 3202 323 3254 est
339 3214 377 3252 ex
392 3193 455 3266 his,
477 3202 511 3250 ut
532 3192 677 3252 inferiore
699 3192 765 3250 loco
782 3192 825 3250 sic
846 3193 1002 3271 scripserit
1023 3176 1202 3252 Suetonius:
1225 3196 1319 3267 Scipio
1342 3196 1413 3252 nihii

275 3300 303 3354 oi
320 3295 449 3371 profuit,
477 3297 549 3359 silui
563 3297 692 3362 Laelius,
722 3296 794 3352 uiuit
819 3295 937 3352 Furius.
982 3293 1185 3375 Quamquam,
1212 3294 1330 3374 absque
1350 3295 1410 3354 fide

274 3399 418 3460 librorum
444 3405 540 3471 esset,
567 3396 672 3456 neseio
695 3395 846 3455 suetiam
867 3375 963 3474 magis
986 3397 1166 3475 placitumm
1190 3405 1271 3456 esset
1295 3397 1413 3454 nilotici

276 3503 369 3575 Scipio
386 3501 498 3575 profuit
516 3519 542 3558 e.
559 3519 589 3579 q.
604 3520 629 3558 s.
1257 3535 1260 3542 -

359 3603 434 3681 Peg.
456 3601 550 3668 28.5
577 3621 643 3660 cum
659 3618 716 3673 per
742 3604 779 3658 ici
802 3609 912 3674 tempus
934 3600 1033 3659 edidit
1047 3601 1175 3660 Wolfius
1196 3619 1252 3678 pro
1275 3597 1409 3678 eoquod

275 3705 308 3766 in
329 3705 413 3766 libris
430 3713 477 3764 est
498 3721 554 3778 pcr
572 3707 644 3760 idem
667 3713 789 3775 tempus,
816 3723 880 3761 non
906 3701 979 3761 fecit
1002 3699 1060 3760 h'oc
1085 3702 1174 3760 metri
1194 3719 1302 3760 caussa
1327 3699 1410 3779 quod

275 3808 350 3868 dicit
374 3807 503 3866 Rothius
535 3827 566 3885 p.
592 3813 643 3868 179
675 3803 771 3882 (nihil
802 3804 944 3862 enimin
975 3811 1070 3862 metro
1104 3799 1319 3878 offensionis),
1353 3801 1410 3860 sed

275 3910 358 3988 ipsas
374 3907 530 3986 cogitandi
547 3909 631 3985 leges
647 3914 777 3966 secutus.
821 3905 930 3984 Neque
948 3905 1029 3964 enirn
1045 3904 1075 3964 iel
1092 3905 1205 3982 agitur,
1227 3913 1261 3962 ut
1281 3905 1360 3962 inter
1375 3922 1410 3960 se

276 4011 421 4090 aequales
437 4018 537 4070 aetate
554 4009 648 4069 irrisae
665 4008 854 4086 Scipionem,
871 4007 1026 4080 Laelium,
1043 4007 1167 4066 Furium
1183 4004 1336 4078 doceatur,
1352 4003 1409 4064 se'd

273 4121 308 4172 ut
333 4113 479 4192 aequales
505 4111 660 4170 Terentii:
689 4109 774 4168 unde
800 4107 877 4168 illud
902 4128 957 4168 sua
982 4116 1094 4186 sponte
1116 4107 1347 4167 consectarium.
1367 4137 1411 4148 -—

276 4215 364 4293 Quae
380 4217 583 4294 insequuntur
601 4216 652 4287 qui
665 4215 811 4288 opitoboni
826 4211 975 4284 facillume
994 4229 1033 4269 ne
1049 4211 1096 4268 cui
1111 4229 1215 4268 morae
1231 4210 1308 4282 sint,
1329 4227 1409 4266 unus

275 4335 384 4375 carcere
411 4325 593 4396 personatus
614 4315 765 4374 Asconius
786 4313 899 4392 poterit
920 4313 952 4372 in
970 4311 1033 4371 Cic.
1058 4309 1282 4370 divinationem
1303 4309 1355 4384 ξι]
1377 4329 1409 4388 p.

278 4427 327 4478 loa
343 4417 395 4478 Or.
412 4419 455 4478 sic
471 4425 705 4477 commentatus:
729 4415 942 4490 ‘difficultatem
963 4415 1044 4472 enim
1063 4420 1277 4492 paupertatem
1291 4409 1409 4487 signifi·
