3162 5078
697 399 739 441 ns
763 397 881 440 rourrs
1314 381 1354 444 53

214 547 368 638 quentiae
390 547 577 616 doctoribus
599 554 746 629 uacaret,
777 547 810 612 in
833 541 911 611 belli
933 545 1040 612 ciuilis
1064 555 1211 632 tempora
1229 547 1355 630 incidit,

214 651 301 739 quod
326 651 498 735 Augustus
522 649 681 713 aduersus
705 649 884 714 Antohium
910 650 1030 734 gessit,
1061 651 1265 736 primumque
1283 657 1357 735 post

214 754 402 820 Mutinense
417 751 538 816 bellum
559 751 724 816 ueteranis
742 751 914 835 (agricius
932 748 1099 814 distributi
1116 753 1220 836 sunt),
1242 761 1356 836 postea

214 855 384 920 restitutus
409 852 566 918 beneficio
593 851 736 938 Alpheni
765 851 858 932 Vari,
888 852 997 916 Asinii
1026 851 1183 917 Pollionis
1213 864 1246 918 et
1278 852 1355 918 Cor-

188 955 294 1020 tnelii
310 954 415 1027 Galli,
436 955 556 1042 quibus
574 955 607 1018 in
627 951 791 1018 Bueolieis
808 951 975 1028 adulatur,
999 953 1118 1018 deinde
1137 977 1197 1041 per
1216 956 1355 1040 gratiam

214 1058 416 1122 Maecenatis
438 1058 471 1120 in
494 1055 669 1120 amicitiam
695 1055 847 1120 Caesaris
868 1055 984 1119 duetus
1008 1065 1067 1119 est.
1098 1058 1193 1120 uixit‘
1206 1056 1355 1145 pluribus

214 1160 310 1223 annis
332 1157 461 1222 liberali
483 1157 624 1238 mocio,
649 1165 785 1222 ,secutus
808 1155 941 1243 Epicuri
965 1165 1101 1240 sectam,
1129 1159 1252 1245 insigni
1280 1180 1355 1222 eon-

215 1259 326 1324 cordia
349 1269 383 1322 et
403 1253 628 1322 familiaritate
647 1279 726 1322 usus
742 1256 879 1338 Quintili
896 1257 1025 1322 Turese
1047 1267 1079 1323 et
1101 1259 1191 1324 Vari.
1225 1261 1356 1347 scripsit

215 1360 364 1426 bucolica
402 1380 505 1422 annos
533 1369 640 1424 ‚natus
675 1356 757 1422 VIII
791 1369 823 1423 et
855 1357 923 1423 XX
962 1359 1173 1425 Theocritum
1212 1370 1353 1444 secutus,

182 1463 369 1547 rogeorgica
397 1459 576 1525 Hesiodum
605 1468 638 1524 et
666 1461 863 1544 Varronem,
895 1461 1043 1526 Aeneida
1070 1463 1238 1548 ingressus
1266 1461 1353 1527 bello

215 1561 412 1628 Cantabrico
429 1561 545 1626 *ahoe
560 1583 687 1649 quoque
699 1583 817 1648 magna
833 1563 1002 1627 industria.
1025 1564 1067 1629 ab
1083 1565 1234 1651 Augusto
1251 1585 1354 1651 usqua

214 1665 256 1729 ad
285 1666 469 1729 sestertium
493 1665 616 1728 centies
645 1665 835 1728 honestatus
863 1675 921 1728 est.
969 1666 1109 1730 decessit
1137 1661 1171 1729 in
1200 1665 1354 1730 Calabria

214 1787 336 1830 annum
355 1787 456 1850 agens
473 1765 777 1852 quinquagesimum
794 1775 826 1829 et
846 1766 984 1852 primum
1007 1765 1181 1832 heredibus
1203 1768 1354 1852 Augusto

215 1877 248 1932 et
269 1867 457 1932 Maecenate
480 1889 553 1931 eum
575 1865 714 1932 Proculo
736 1868 859 1956 minore
887 1867 998 1933 fratre.
1040 1869 1073 1932 in
1101 1870 1171 1932 eius
1194 1867 1353 1956 sepulcro,

182 1969 299 2058 equod
323 1978 372 2034 est
392 1969 425 2032 in
443 1969 498 2032 uia
520 1967 699 2033 Puteolana
720 1971 780 2034 hoe
802 1969 921 2055 legitur
942 1969 1179 2057 epigramma:.

300 2071 435 2135 Mantua
454 2093 505 2134 me
526 2071 656 2156 genuit,
682 2070 811 2136 Calabri
834 2092 986 2158 rapuere,
1005 2080 1095 2136 tenet
1118 2093 1204 2138 nune

384 2171 606 2258 Parthenope:
630 2173 732 2236 cecini
755 2193 875 2259 pascua
894 2195 972 2238 rura
996 2173 1106 2238 duces.

216 2274 335 2339 Aeneis
358 2285 488 2338 seruata
510 2273 551 2338 ab
573 2274 741 2358 Augusto,
763 2277 912 2361 quamuis
928 2277 998 2363 ipse
1013 2284 1205 2340 testamento
1221 2279 1352 2340 damna·

215 2549 259 2582 ses
279 2531 396 2582 contulit
414 2531 444 2581 C.
464 2532 508 2581 W.
527 2531 673 2593 Miillerus‚
694 2533 888 2582 Monaceusem
908 2531 937 2581 C.
957 2531 1096 2592 Halmius,
1116 2533 1299 2596 Reginenscm
1319 2533 1351 2582 G.

215 2599 319 2662 ThiloJ:
352 2599 431 2649 ‘Vita
448 2599 540 2648 Publii
560 2599 671 2665 Virgilii
693 2601 814 2650 Maronis
832 2599 970 2665 Discipuli
988 2601 1080 2666 Epidii
1099 2602 1225 2650 oratoris.
1256 2601 1312 2662 (ona
1328 2601 1352 2650 B

214 2669 256 2718 De
275 2667 421 2718 nobilitate
441 2683 474 2716 ac
492 2667 536 2716 die
556 2675 638 2732 atque
657 2673 779 2733 tempore
793 2668 950 2718 natiuitatis
969 2684 1002 2718 ac
1014 2667 1186 2732 longitudine
1205 2671 1281 2718 uitae
1300 2669 1352 2717 Pu·

215 2735 264 2786 blii
287 2735 397 2800 Virgilii
420 2735 543 2785 Maronis
566 2735 695 2800 discipuli
719 2737 812 2800 Epidii
836 2737 953 2786 oratoris
976 2737 1075 2801 incipit
1099 2737 1131 2799 ll)
1154 2736 1268 2786 Publius
1291 2737 1351 2785 Vir·

214 2803 297 2868 gilius
316 2803 392 2852 Maro
411 2818 513 2868 genere
525 2804 692 2852 Mantuanus
710 2805 736 2852 dr

213 2878 257 2920 tas
280 2870 371 2920 idibus
389 2870 556 2920 Octobribus
578 2870 710 2932 (octobris
729 2821 775 2932 Igu
788 2872 836 2922 Cn.
866 2872 927 2925 (Gn.
948 2872 972 2921 B
991 2887 1061 2937 gneo
1080 2873 1143 2934 llll)
1162 2873 1293 2936 Pompeio
1315 2874 1352 2922 M.

213 2945 317 3002 (marco
329 2939 394 2995 leth
407 2938 508 2987 Crasso
526 2953 595 2988 coss.
615 2938 785 3000 (consulibua
797 2941 874 3001 Risu
893 2945 923 2989 ut
940 2940 1054 3005 prinlum
1067 2956 1096 2989 se
1110 2940 1226 2990 eontulit
1241 2941 1352 2989 Romam

213 3007 310 3069 (Roma
333 3007 356 3056 ll
380 3007 481 3055 Romae
505 3006 586 3070 ΒΜ),
615 3007 719 3055 studuit
742 3008 814 3072 apud
838 3008 963 3072 Epirlium
988 3013 1123 3058 oratorem
1148 3024 1207 3058 cum
1231 3009 1352 3062 Caesare

212 3077 346 3138 Augrrsto.
372 3073 458 3134 unde,
484 3091 542 3124 cum
567 3074 691 3124 omnibus
715 3075 873 3124 Mantuanis
893 3078 953 3140 agri
972 3075 1048 3140 (agre
1068 3076 1103 3140 B)
1123 3076 1297 3126 auferrentur
1315 3076 1353 3137 (in
1457 3074 1464 3084 “

213 3143 242 3192 θ’
255 3146 305 3192 esea
323 3144 348 3190 in
367 3140 431 3191 aut'e
450 3141 565 3203 desiuit),
585 3142 655 3206 quod
674 3143 839 3192 AntonianIs
857 3144 982 3208 partibus
1000 3143 1136 3194 lauissent
1154 3145 1283 3208 (tuissent
1301 3143 1351 3206 M),

212 3211 276 3259 huie
295 3209 346 3260 soli
365 3207 434 3270 (solo
447 3211 511 3269 niu)
530 3211 669 3260 concessit
686 3213 817 3260 memoria
837 3210 1081 3276 condiscipulatus,
1102 3219 1132 3262 ut
1151 3217 1179 3260 et
1197 3213 1256 3276 ipse
1270 3216 1353 3277 poeta

211 3283 332 3328 testatur
349 3278 377 3326 in
396 3277 531 3328 bucolicis
550 3277 694 3340 (bocolieis
712 3279 745 3340 a)
764 3279 893 3329 dicendo:
918 3281 994 3329 lleus
1012 3280 1091 3328 nobis
1108 3279 1179 3330 haec
1198 3280 1255 3329 otia
1274 3279 1350 3328 iecit.
1378 3313 1383 3322 .

211 3347 352 3410 inquibus
370 3346 510 3410 ingenium
529 3361 607 3395 susim
627 3349 754 3410 expertus
774 3347 826 3408 (est
844 3349 905 3397 add.
924 3347 1002 3412 Bur)
1023 3349 1145 3396 sanorem
1164 3362 1269 3412 quoque
1283 3345 1353 3396 Cae·

211 3415 282 3464 saria
306 3415 423 3463 emeruit
447 3429 479 3462 ae
502 3413 602 3464 deinde
627 3415 759 3479 georgica
778 3415 943 3480 conscripsit
962 3421 990 3464 et
1011 3417 1040 3464 in
1058 3415 1100 3464 his
1117 3415 1293 3464 corroborato
1312 3414 1352 3462 iu-

212 3483 296 3546 genio
314 3483 374 3534 eius
397 3481 521 3531 Aeneida
538 3482 711 3546 conseripsit.
741 3483 785 3532 eui
799 3481 879 3532 finem
897 3499 951 3532 non
964 3483 1054 3548 potuit
1070 3485 1209 3548 imponere
1227 3487 1322 3548 raptus
1336 3497 1353 3530 a

212 3551 287 3598 fatis.
302 3555 329 3599 et
342 3548 404 3598 ideo
418 3549 596 3600 inueniuntur
608 3549 679 3614 apud
693 3565 753 3600 eum
765 3565 862 3600 uersus
874 3567 928 3600 non
940 3553 1061 3616 peracti,
1082 3551 1180 3615 quibus
1192 3566 1246 3599 non
1258 3565 1352 3615 super·

212 3617 282 3666 uixit
294 3615 329 3666 ad
348 3615 516 3681 replendum.
546 3617 616 3666 uixit
635 3633 722 3666 annos
736 3618 802 3678 LII,
824 3617 948 3667 amicitia
966 3633 1030 3667 risus
1049 3619 1223 3684 imperatoris
1235 3617 1352 3682 Augusti

128 3679 134 3690 “
212 3689 240 3734 et
259 3685 375 3734 aliorum
394 3685 571 3750 complurium
591 3679 662 3747 (cbm
680 3685 797 3750 plurium
817 3686 849 3749 Il)
868 3685 1122 3751 probatissimorum
1139 3683 1283 3735 uirorum)

779 2805 848 2854 itate
868 2819 951 2868 eques
970 2805 1050 2869 (crpus
1069 2805 1133 2864 sm)
1146 2805 1285 2854 Romanus
1303 2821 1352 2854 na·

294 3907 520 3986 ‘lprimumque
543 3916 613 3986 post
632 3908 806 3968 Mutinense
830 3907 944 3968 bellum
966 3908 1120 3968 ueteranis
1142 3907 1207 3984 agri
1222 3907 1285 3964 eius
1308 3905 1351 3964 di-

210 3990 330 4050 stributi
346 4001 431 4065 sunt,
450 3999 559 4071 postea
573 3998 646 4052 coni.
662 3996 789 4051 Keilius:
803 3995 993 4075 primumque
1010 4001 1080 4072 post
1093 3993 1266 4052 Mutinense
1287 3990 1351 4050 bel·

211 4077 273 4136 lum
292 4078 464 4148 ueteranis,
486 4085 594 4156 postea
614 4082 643 4138 E
662 4078 850 4157 primumque
873 4077 985 4137 behem
1002 4079 1155 4138 ueteranis
1199 4085 1246 4136 ost
1261 4077 1352 4135 Muti-

209 4181 304 4221 nense
320 4169 428 4240 postea
441 4165 500 4222 PV
515 4157 528 4241 {l
548 4173 565 4224 4
585 4163 697 4222 Albani
725 4165 751 4220 l'
777 4159 781 4242 Ι
802 4173 819 4227 9
844 4171 912 4222 octo
933 4173 963 4222 et
993 4164 1116 4239 triginta
1133 4097 1229 4241 Pillt
1254 4162 1312 4221 hae
1329 4163 1355 4218 P

208 4251 343 4306 lacunam
366 4247 505 4306 antehoc
521 4251 633 4307 Kallias
649 4252 749 4307 statuit
801 4258 867 4322 post
884 4247 1033 4307 industria
1048 4252 1220 4321 interponet
1238 4242 1251 4329 ΙΙ
1276 4255 1306 4308 14
1321 4247 1352 4304 in

209 4333 275 4391 eius
291 4334 417 4391 Kailios:
433 4335 518 4392 estius
542 4335 592 4391 VJ>
606 4336 713 4414 quoius
734 4338 762 4392 Ε
783 4331 787 4414 l
806 4341 836 4395 17
853 4353 967 4412 pascua
983 4351 1074 4412 poma
1093 4333 1226 4412 phruges
1253 4327 1302 4412 Vll
1321 4339 1353 4393 18

209 4416 400 4478 damnauerit
412 4423 485 4479 coni.
506 4421 632 4480 Kellios:
649 4417 773 4480 damnat
792 4421 869 4478 VPE
