3064 5064
563 402 605 442 os
628 399 832 442 ouaroaravs
1221 381 1259 444 85

675 547 708 612 X

207 667 357 728 quurvs
387 665 560 714 uersatus
582 657 749 737 promptus
779 657 811 714 et
837 648 1003 736 popularis
1027 659 1260 738 craterusque
1283 640 1359 715 66*

126 753 165 817 ad
191 751 253 818 XC
278 775 379 840 prope
398 773 518 817 annum
543 753 576 816 in
600 772 724 816 summo
746 752 867 817 honore
890 754 1092 818 consenescit
1113 760 1152 830 (a.
1178 763 1258 830 777).

209 855 348 920 Saeuius
369 853 503 920 Plautus
521 855 664 940 corrupti
682 851 741 918 filii
761 875 836 918 reus
855 863 956 918 semet
976 854 1010 920 in
1025 855 1145 922 iudicio
1168 856 1263 922 inter·
1284 849 1361 922 67*

126 957 201 1024 fecit
224 963 265 1029 (a.
292 965 373 1038 577).
454 1037 461 1044 Ι

207 1093 262 1148 aa*
280 1095 462 1159 Hieronymus
479 1093 523 1146 01.
545 1093 609 1156 200,
634 1096 658 1144 4.
690 1095 798 1146 Seneca
816 1101 937 1162 excerpt.
963 1102 1084 1147 controv.
1098 1097 1154 1147 IIIl
1171 1098 1259 1162 praei.

126 1183 150 1232 p.
167 1163 232 1227 376,
256 1161 397 1225 28-3Ί8,
416 1163 452 1240 20
467 1164 696 1228 promptissimam
716 1165 775 1214 eius
799 1163 909 1214 dicendi
932 1165 1096 1215 facultatem
1118 1165 1259 1228 describit,

125 1233 192 1284 unde
212 1248 268 1283 uon
280 1231 356 1282 nulla
370 1233 507 1296 excerpsi:
539 1231 732 1282 ‘Declamabat
749 1231 881 1282 Haterius
900 1233 1018 1282 admisso
1036 1233 1135 1299 populo
1148 1249 1180 1282 ex
1192 1239 1258 1284 tem·

125 1319 195 1368 pore.
222 1301 297 1350 solus
315 1300 434 1350 omnium
452 1299 648 1364 Romanonrm,
672 1315 738 1366 quos
762 1317 822 1350 meo
844 1306 966 1366 tempore
990 1301 1121 1366 eognoui,
1144 1302 1173 1351 in
1196 1301 1259 1352 lati·

124 1387 184 1420 uam
202 1370 328 1434 linguam
346 1366 488 1418 transtulit
507 1382 636 1432 graecam
660 1367 835 1420 facilitatem.
872 1373 951 1418 tanta
976 1367 1017 1418 illi
1042 1375 1102 1418 erat
1123 1369 1260 1420 uelocitas

124 1438 270 1498 orationis,
294 1441 325 1486 ut
347 1435 444 1486 uitium
468 1435 555 1486 fieret.
592 1437 685 1500 itaque
704 1435 784 1485 dirtos
806 1436 945 1502 Augustus
963 1437 1065 1502 optime
1083 1437 1166 1486 dixit:
1202 1437 1258 1486 Ha·

124 1507 207 1556 terius
226 1511 322 1555 noster
339 1503 567 1554 sufflaminandus
586 1507 637 1553 est.
679 1503 749 1553 adeo
765 1519 820 1553 non
844 1519 952 1555 currere
977 1505 1025 1554 sed
1050 1505 1194 1554 decurrere
1218 1507 1259 1554 ui·

124 1575 249 1624 debatur.
284 1587 335 1622 nee
358 1573 502 1621 uerborum
524 1571 566 1621 illi
584 1576 690 1622 tautum
709 1573 790 1637 eopia
807 1572 856 1622 sed
875 1573 958 1622 etiam
980 1587 1068 1622 rerum
1087 1577 1158 1622 erat:
1195 1589 1258 1639 quo-

124 1644 193 1692 tiens
211 1640 301 1692 uelles
319 1639 434 1690 eandem
447 1655 503 1689 rem
523 1645 551 1689 et
563 1639 692 1704 quamdiu
710 1641 798 1690 nolles
811 1641 930 1702 diceret,
951 1641 1014 1691 aliis
1032 1641 1135 1690 totiens
1154 1639 1256 1706 figuris,

125 1710 185 1760 aliis
207 1708 438 1770 tractationibus,
464 1707 504 1757 ita
527 1713 558 1757 ut
581 1708 640 1772 regi
664 1715 759 1773 posset
781 1723 834 1758 uec
858 1708 989 1758 consumi.
1030 1708 1089 1774 regi
1113 1713 1204 1758 autern
1222 1709 1258 1758 ab

124 1781 180 1844 ipso
198 1793 253 1828 uon
272 1781 397 1842 poterat;
428 1775 550 1840 alioquin
567 1775 696 1825 libertum
713 1775 837 1826 habebat
855 1777 899 1826 cui
917 1781 1035 1842 pareret.
1069 1777 1110 1826 sie
1129 1777 1258 1841 ibatque

124 1847 199 1897 modo
223 1845 272 1894 ille
291 1851 339 1894 aut
356 1845 549 1895 concitauerat
567 1858 628 1892 eum
647 1849 694 1893 aut
716 1844 916 1900 refrenauerat.
944 1844 1058 1894 iubebat
1076 1843 1151 1895 illum
1169 1849 1258 1894 usus·

123 1915 178 1974 ire,
210 1929 273 1964 cum
301 1912 422 1977 aliquem
449 1912 496 1962 diu
519 1912 609 1962 locum
632 1911 759 1961 dixerat:
799 1912 951 1973 transibat;
992 1914 1120 1964 insistere
1144 1912 1258 1962 iubebat

125 1981 209 2032 eidem
229 1982 304 2030 loeo:
340 1980 534 2047 permanebat;
570 1979 685 2028 iubebat
708 1979 844 2046 epilogum
864 1979 969 2030 dicere:
1002 1980 1125 2036 dicebat.
1161 1981 1190 2030 in
1208 1995 1258 2030 ana

124 2054 261 2116 potestate
285 2047 409 2098 habebat
431 2049 585 2114 ingenium,
609 2048 638 2096 in
662 2047 754 2097 aliena
778 2047 884 2098 modum
910 2083 1148 2099 ............
1172 2048 1258 2098 multa

124 2125 200 2168 erant
219 2131 291 2182 quae
309 2115 538 2182 reprehenderes,
558 2115 644 2164 multa
662 2131 733 2180 quae
751 2117 919 2181 suspiceres,
944 2106 1004 2166 cuin
1027 2117 1157 2166 torrentis
1179 2117 1257 2166 modo

124 2200 236 2252 magras
254 2183 363 2250 quidem
379 2185 429 2234 scd
447 2183 572 2233 turbidus
589 2183 694 2234 flueret.
730 2183 885 2234 redimebat
906 2191 999 2234 tamen
1017 2185 1087 2234 uitis
1109 2183 1258 2234 uirtutibus
1266 2231 1274 2265 Ι

125 2261 149 2302 et
166 2255 228 2319 plus
245 2251 370 2302 babebat
388 2251 459 2318 qnod
477 2251 606 2301 laudares
625 2266 706 2316 quarn
724 2251 769 2301 cui
787 2253 959 2317 ignosceres,
978 2253 1061 2302 sicuti
1074 2253 1102 2300 in
1116 2267 1149 2301 es
1162 2252 1191 2300 in
1204 2267 1256 2316 qua

124 2323 203 2371 fleuit
215 2317 440 2372 declamatione’
459 2319 642 2384 Hieronymus
661 2319 696 2368 ad
708 2319 865 2369 Pammaeb.
888 2319 917 2370 12
934 2326 1000 2369 tom.
1018 2320 1046 2369 11
1063 2337 1090 2386 p.
1108 2318 1159 2368 419
1170 2319 1256 2368 Vallr

126 2391 162 2450 Q.
174 2389 320 2448 Haterius,
340 2391 386 2452 qui
398 2389 538 2452 ingenium
550 2389 579 2436 in
590 2393 733 2436 numerato
747 2387 883 2449 habebat,
903 2393 933 2437 ut
945 2389 1004 2436 sine
1017 2388 1149 2437 monitore
1162 2392 1256 2436 tacere

125 2473 172 2506 non
185 2461 294 2522 posset,
309 2456 343 2505 de
355 2472 407 2520 quo
421 2456 533 2522 egregie
546 2454 650 2506 Caesar
662 2456 813 2520 Augustus:
832 2455 962 2518 Quintus,
976 2456 1077 2521 inquit,
1092 2459 1185 2505 noster
1201 2455 1256 2504 suf·

125 2525 303 2574 flaminandus
317 2523 378 2575 est'.
392 2551 423 2562 ·-
437 2523 583 2574 Suetonius
595 2523 688 2573 Tibcr.
706 2522 752 2573 2οε
772 2523 958 2574 ‘Dissentiens
976 2525 1004 2572 in
1023 2524 1099 2574 curia
1118 2539 1135 2572 a
1153 2523 1185 2584 Q.
1200 2523 1256 2571 Ha-

125 2595 202 2642 terio:
222 2593 370 2658 Ignoscas,
389 2593 492 2658 inquit,
511 2607 589 2656 rogo,
608 2592 632 2640 si
650 2592 714 2656 quid
732 2591 864 2641 aduersus
881 2596 909 2640 te
928 2592 1040 2642 liberius
1055 2593 1129 2642 sicut
1146 2595 1257 2640 senator

124 2659 232 2710 dixero)
259 2661 426 2710 ef.'l'acitus
444 2676 506 2709 ann.
526 2659 856 2710 1133.—'l¹seitusann.
871 2661 883 2708 Ι
899 2658 941 2710 13:
967 2659 1065 2709 ‘etiam
1078 2659 1110 2722 Q.
1124 2659 1257 2708 llaterins

125 2735 150 2776 et
160 2729 316 2778 Mamercus
330 2729 449 2778 Scaurus
461 2727 634 2794 suspicacem
652 2728 771 2777 animum
784 2725 896 2792 (Tiberi)
908 2729 1104 2792 perstrinxere,
1124 2727 1256 2776 Haterius

126 2811 178 2846 eum
195 2797 327 2848 dixisset:
352 2797 412 2858 Quo
430 2811 515 2860 nsque
532 2795 663 2859 patieris,
687 2794 804 2858 Caesar,
822 2811 876 2845 non
894 2796 991 2845 adesse
1010 2801 1094 2862 caput
1112 2795 1151 2844 rei
1168 2794 1255 2858 publi·

125 2879 169 2913 rae
182 2903 188 2913 .
203 2902 210 2913 .
225 2900 233 2913 .
248 2901 255 2913 .
270 2865 298 2914 in
312 2863 457 2914 Haterium
470 2863 565 2913 statim
577 2863 704 2912 innectus
717 2869 769 2912 est.
788 2869 898 2912 constat
911 2864 1068 2926 Haterium,
1088 2879 1148 2913 cum
1161 2862 1255 2927 depre-

126 2933 200 2982 candi
214 2947 303 2982 eausa
315 2931 454 2981 Palatium
472 2931 614 2980 introisset
626 2929 847 2996 ambulantisque
863 2931 970 2982 Tiberii
987 2947 1078 2998 genua
1096 2930 1255 2981 aduoluere-

124 3003 172 3060 tur,
183 3015 268 3066 prope
282 3015 299 3048 a
311 2999 445 3049 militibus
458 2999 649 3061 interfectum,
663 2999 727 3063 quia
737 2999 864 3049 Tiberius
877 3014 945 3050 casu
957 3015 992 3048 an
1005 2999 1131 3050 manibus
1144 2999 1203 3048 eius
1216 2999 1256 3047 in·
1289 3007 1293 3019 ¹

125 3069 226 3132 peditus
245 3067 413 3133 prociderat.
441 3082 530 3131 neque
549 3071 641 3116 tamen
655 3067 777 3131 periculo
789 3067 854 3118 talis
866 3068 918 3116 uiri
937 3068 1079 3132 mitigatus
1097 3071 1148 3130 est,
1168 3067 1255 3116 donec

126 3133 251 3186 Haterius
273 3135 426 3202 Augustam
449 3139 541 3184 oraret
564 3135 677 3199 eiusque
701 3135 883 3184 curatissimis
907 3135 1033 3199 precibus
1057 3132 1255 3200 obtegeretur)

124 3203 157 3251 cf.
170 3203 316 3254 Suetonius
328 3203 422 3253 Tiber.
435 3203 481 3252 27:
502 3201 671 3252 ‘adulationi
685 3203 754 3252 adeo
767 3208 911 3252 auersatus
924 3209 980 3265 est,
993 3209 1024 3252 ut
1037 3239 1143 3262 ......
1157 3219 1253 3252 consu-

125 3269 203 3320 larem
226 3287 294 3320 uero
317 3273 386 3321 satis
409 3271 559 3320 facientem
577 3270 630 3320 sibi
649 3285 682 3320 ac
700 3287 750 3336 per
767 3284 857 3336 genua
874 3285 952 3320 orare
971 3277 1115 3321 conantem
1134 3271 1175 3319 ita
1198 3271 1255 3320 suf-

125 3337 237 3403 fugerit,
255 3345 287 3388 ut
304 3339 417 3390 caderet
435 3333 567 3403 supinus)
591 3337 706 3388 'lucitus
726 3353 788 3388 ann.
807 3339 849 3388 111
867 3338 912 3387 δῖε
933 3339 972 3387 ‘at
989 3339 1022 3400 Q.
1042 3337 1174 3388 Haterius
1194 3353 1253 3388 eum

125 3407 178 3456 eiua
200 3407 257 3457 diei
279 3413 394 3457 senatus
417 3407 543 3456 consulta
565 3406 656 3455 aureis
680 3406 781 3455 litteris
804 3406 913 3472 figenda
937 3407 964 3456 in
988 3407 1064 3455 curia
1092 3407 1254 3464 censuisset,

125 3473 270 3525 deridiculo
295 3476 347 3525 fuit
370 3491 453 3524 senex
477 3474 654 3524 foedissimae
679 3473 846 3524 adulationis
869 3478 974 3522 tantum
998 3474 1114 3524 infamia
1137 3473 1253 3523 usurus'

124 3541 232 3594 lfortem
245 3543 462 3593 narratTacitus
475 3557 538 3592 ann.
549 3541 606 3591 1111
617 3540 663 3590 (tlt
681 3542 761 3591 ‘Fine
775 3543 839 3590 anni
853 3557 996 3591 excessere
1010 3541 1130 3606 insignes
1144 3541 1237 3590 uiri...
1249 3577 1254 3590 .

126 3615 150 3657 et
172 3611 203 3672 Q.
221 3611 355 3660 Haterius
378 3609 487 3660 familia
510 3611 651 3660 senatoria
676 3609 849 3675 eloquentiae
875 3610 963 3676 quoad
986 3610 1056 3658 uixit
1081 3609 1253 3658 celebratae:

125 3680 285 3728 monimenta
304 3679 409 3744 ingenii
428 3679 487 3729 eius
504 3678 578 3727 haud
595 3677 708 3742 perinde
727 3680 888 3727 retinentur.
918 3677 1028 3727 scilieet
1045 3677 1147 3742 impetn
1165 3678 1255 3740 magis

125 3761 200 3809 quarn
218 3763 284 3796 cura
302 3748 430 3812 uigebat,
448 3751 532 3811 utque
551 3745 666 3796 oliorum
685 3745 828 3794 meditatio
851 3750 880 3796 et
902 3745 980 3795 labor
997 3746 1026 3794 in
1050 3750 1187 3809 posterum
1205 3761 1252 3794 ua·

125 3811 214 3903 leseit,
232 3817 273 3865 sic
292 3815 402 3864 Haterii
421 3829 549 3865 canorum
567 3813 634 3862 illud
653 3818 681 3862 et
693 3814 829 3878 profluens
848 3828 908 3863 curn
926 3815 986 3880 ipso
1003 3812 1083 3863 simul
1102 3813 1252 3862 extinctum

126 3886 172 3932 est
216 3881 295 3933 Obiit
313 3898 340 3932 a.
358 3881 416 3932 779.

204 3947 257 4002 bl*
273 3951 456 4014 Hieronymus
474 3949 518 4000 Ol.
537 3947 599 4012 200,
619 3951 643 4000 4.
666 3951 850 4000 Mommsenus
870 3949 1001 4000 Suetonio
1020 3949 1186 4011 vindicavit,
1207 3950 1253 4014 qui

125 4043 317 4054 ————-—

207 4097 216 4148 1
234 4087 364 4166 Quintus
375 4091 402 4144 B
413 4087 450 4166 Q.
465 4089 540 4147 Scel.
555 4082 570 4170 ΙΙ
585 4087 729 4147 Haterius
745 4089 773 4144 B
789 4089 865 4146 Suel.
883 4071 1046 4146 lieet-erius
1066 4089 1093 4145 P
1104 4083 1117 4162 ji
1132 4108 1251 4166 prump-

125 4181 169 4229 tus
185 4175 211 4228 B
228 4171 240 4248 l:
262 4175 324 4234 tin
341 4191 455 4232 summo
472 4177 499 4230 P
512 4175 587 4230 0εαὶ.
610 4194 676 4232 cum
696 4193 808 4232 summo
827 4167 912 4255 0113
930 4171 1058 4230 Saenius
1077 4175 1130 4229 BF
1142 4171 1251 4232 Seuius

125 4255 463 4334 1²(srauper0aucore)
480 4260 556 4318 Scol.
576 4257 699 4318 senous
718 4261 745 4316 P
758 4263 883 4317 Poafeco
900 4268 1016 4316 auctore
1036 4259 1098 4328 (scd
1111 4275 1196 4317 error
1210 4268 1253 4317 est

124 4345 250 4484 ηἰῐζῑαὶΙον
266 4349 389 4419 typopr.)
404 4337 418 4425 ll
433 4353 530 4404 semet
543 4345 573 4403 in
589 4344 699 4403 iudicio
715 4345 868 4403 interfecit
883 4345 910 4400 B
924 4344 954 4402 in
970 4342 1080 4402 iudicio
1096 4353 1192 4403 seuret
1206 4344 1250 4402 in·
1287 4357 1292 4370 ’

125 4435 152 4484 te
190 4428 228 4486 cit
243 4430 318 4487 Seol.
