3064 5064
237 347 277 410 88
615 365 656 404 ns
680 363 767 404 vtars
791 363 1005 404 mansurusve

771 513 855 574 XIII

152 601 227 674 70*
321 630 493 678 vorreuvs
524 585 723 684 artusartus,
741 610 965 676 Narbonensis
993 601 1101 680 orator
1129 613 1161 674 in
1184 609 1378 674 Balearibus

239 714 354 782 insulis
377 715 513 778 nroritur
537 720 576 792 (a.
604 723 671 792 780)
697 712 772 778 illuc
796 735 815 776 a
837 712 970 778 Tiberio
992 712 1165 798 relegatus.
1373 709 1376 718 ’

760 835 861 896 XIIII

153 923 230 996 71*
324 933 541 1022 (rasslnnvs)
556 947 697 1014 cnlssvs
712 934 894 1020 [municeps
907 933 1141 1018 Vercellcnsis]
1155 933 1305 996 tirocinio
1321 953 1380 996 suo

240 1038 273 1102 in
292 1048 408 1100 senatu
426 1037 472 1099 ita
491 1035 613 1121 coepit:
638 1040 765 1121 ‘patres
785 1037 959 1121 conscripti
978 1045 1009 1100 et
1025 1045 1062 1099 tu
1076 1035 1225 1100 Cacsar'.
1248 1041 1382 1122 p'roptcr

241 1136 329 1226 quod
342 1135 494 1201 simulata
510 1137 656 1202 oratione
668 1135 857 1225 plenissime
873 1159 893 1200 a
908 1135 1042 1201 Tiberio
1063 1134 1274 1202 conlaudatus
1288 1137 1403 1220 (est).s

242 1343 404 1394 inimicitias
423 1347 453 1392 ut
471 1343 573 1396 iudicio
592 1343 676 1393 iurati
693 1345 807 1396 senatus
821 1343 931 1394 Cretam
944 1349 1116 1394 amoneretur
1134 1342 1279 1404 effeceram
1298 1349 1382 1408 atque

242 1413 309 1462 illuc
329 1411 426 1461 cadem
445 1411 588 1462 actitando
611 1412 737 1462 recentia
755 1419 904 1476 austeraque
923 1413 986 1462 odia
1005 1413 1136 1474 aduertit,
1162 1412 1294 1476 bonisque
1318 1428 1382 1462 exu-

243 1485 287 1530 tus
300 1477 449 1530 interdicto
459 1480 518 1544 igni
531 1485 615 1544 atque
628 1495 700 1545 aqna
713 1496 779 1530 saxo
793 1480 907 1546 Seripho
921 1477 1122 1531 consenuit.’-
1132 1479 1278 1530 Suetonius
1290 1478 1382 1542 Calig.

246 1548 288 1597 lll:
320 1547 361 1596 ‘'1'.
380 1547 500 1596 Labieni
523 1547 605 1598 Cordi
624 1547 745 1598 Cremuti
769 1547 849 1598 Cassi
873 1549 968 1600 Seueri
991 1550 1096 1614 scripta
1119 1547 1385 1598 senatusconsultis

244 1615 350 1666 abolita
369 1615 471 1679 requiri
490 1621 518 1663 et
536 1631 597 1665 esse
609 1616 638 1665 in
651 1616 779 1666 manibus
791 1616 969 1681 lectitarique
987 1617 1125 1683 permisit,
1144 1615 1252 1681 quando
1265 1616 1385 1686 maxime

245 1699 296 1734 sua
314 1683 475 1743 interesset,
495 1687 525 1731 nt
538 1684 615 1734 l'acta
634 1699 760 1748 quaeque
779 1685 897 1748 posteris
915 1682 1077 1735 tradantur.¹

330 1747 383 1802 ill*
400 1750 583 1813 Hieronymus
601 1751 645 1802 01.
664 1751 729 1814 201,
753 1751 777 1803 3.
814 1751 952 1802 Martialis
970 1752 1038 1802 VllI
1061 1752 1089 1814 7,
1114 1751 1144 1802 5:
1178 1751 1269 1801 ‘docti
1291 1752 1385 1802 Narbo

244 1823 362 1885 paterna
376 1817 510 1868 Votieni'.
531 1817 638 1869 Seneca
658 1826 780 1871 controv.
800 1820 852 1870 VII
871 1837 897 1886 p.
916 1820 978 1881 217,
1001 1819 1091 1885 18sq.:
1111 1822 1308 1870 ‘accusauerat
1325 1819 1386 1879 (Vi-

244 1887 335 1950 nicius)
354 1884 430 1935 illurn
453 1886 526 1951 apud
544 1887 693 1937 Caesarem
718 1888 863 1938 acolenia
886 1888 1057 1938 Narbonensi
1076 1893 1195 1952 rogatus.
1229 1893 1259 1936 at
1277 1889 1385 1936 Monta·

246 1970 297 2005 nus
316 1953 385 2004 udco
404 1953 586 2004 scholasticus
605 1961 678 2015 erat,
703 1961 733 2005 nt
750 1955 853 2005 ‘eodem
877 1955 921 2006 die
940 1971 993 2020 quo
1012 1961 1160 2006 accusatus
1179 1961 1221 2006 est
1240 1971 1256 2004 a
1274 1956 1386 2004 Vinicio

246 2021 413 2086 disceptauit
435 2021 463 2070 iu
487 2023 580 2072 Vinici
593 2024 754 2082 tectionem
777 2025 932 2074 sententias
955 2022 1054 2087 erras).’
1095 2024 1175 2074 VIIII
1199 2041 1224 2089 p.
1248 2021 1306 2081 280,
1330 2022 1387 2073 3—

237 2089 311 2150 ·28l,
338 2088 381 2140 19:
419 2088 580 2140 ‘Montanus
603 2091 737 2142 Votienus
761 2092 840 2142 homo
864 2092 996 2142 rarissimi
1021 2093 1104 2142 etiarn
1132 2091 1155 2140 si
1174 2099 1233 2141 nou
1256 2091 1385 2140 carenda-

246 2158 348 2208 tisslmi
370 2158 465 2222 ingeni
483 2159 580 2216 nitiurn
598 2175 692 2220 suurn,
711 2160 828 2224 quadiu
847 2160 1018 2210 orationibus
1037 2175 1091 2210 nou
1110 2161 1212 2219 euitat,
1231 2159 1260 2208 in
1278 2159 1386 2208 sclrola·

246 2226 325 2276 sticis
344 2239 449 2290 quoqne
469 2227 574 2276 euitare
594 2243 646 2276 non
666 2229 768 2292 potuit,
798 2227 893 2277 sedin
912 2228 1095 2290 orationibus,
1121 2229 1185 2292 qnia
1208 2227 1326 2276 laxatior
1345 2234 1388 2276 est

247 2293 378 2354 materia,
407 2293 495 2344 asinus
515 2295 671 2344 earrundcur
688 2311 779 2345 rerum
797 2295 946 2345 adnotatur
964 2295 1090 2360 iteratio,
1120 2297 1149 2345 in
1166 2293 1344 2344 scholasticis
1363 2296 1387 2344 si

247 2362 344 2413 eadem
363 2367 426 2410 sunt
449 2377 519 2426 (purae
544 2363 684 2424 dicuntur,
714 2363 778 2428 quia
796 2379 886 2428 pauca
904 2369 980 2422 sunt,
1005 2369 1143 2413 notantur.
1180 2363 1290 2412 utemini
1310 2362 1386 2411 illum

246 2445 295 2496 pro
315 2429 397 2479 Galla
415 2429 540 2481 Numisia
559 2431 631 2495 apud
650 2431 835 2481 centumuiros
854 2431 1011 2480 tirocinium
1029 2447 1130 2495 ponere
1144 2466 1388 2481 ............

248 2498 333 2548 babet
350 2497 403 2548 hoc
421 2497 569 2548 Montanus
587 2500 698 2548 uitium:
718 2500 872 2549 sententias
890 2513 955 2548 snas
973 2499 1123 2563 repetendo
1142 2499 1302 2563 corrumpit;
1324 2498 1388 2548 ditm

246 2581 302 2616 non
322 2572 364 2615 cst
382 2571 527 2616 contentus
546 2581 627 2616 unani
646 2583 701 2616 rem
720 2566 806 2616 seurcl
818 2567 889 2616 bcno
908 2567 1010 2628 (licere,
1031 2567 1118 2617 efficit
1135 2583 1169 2616 ne
1188 2565 1258 2616 beno
1277 2567 1388 2615 dixerit.

249 2639 277 2683 et
295 2637 406 2698 propter
423 2634 476 2684 hoc
495 2641 523 2684 et
541 2641 651 2700 propter
669 2633 726 2684 ulia
746 2634 844 2699 quibus
857 2641 949 2684 orator
966 2639 1058 2700 potest
1071 2641 1170 2700 poetae
1183 2634 1280 2683 similis
1298 2633 1389 2683 rrirlcri

248 2701 356 2752 solebat
374 2705 492 2752 §carnus
510 2704 670 2752 Montanum
690 2703 762 2752 inter
779 2709 903 2752 oratores
921 2701 1049 2752 Ouidium
1068 2717 1181 2760 necarer
1200 2717 1262 2751 nam
1281 2708 1309 2751 et
1322 2703 1389 2752 Oui-

248 2769 310 2818 dius
323 2769 413 2818 nescit
426 2770 496 2834 qnod
509 2771 579 2820 bonu
593 2771 679 2820 cessit
691 2769 864 2835 relinquere’
878 2797 911 2805 -
924 2771 1038 2820 'Pacilus
1051 2787 1113 2820 anu.
1128 2770 1182 2820 llll
1196 2770 1241 2818 42:
1261 2771 1303 2820 ‘ac
1317 2770 1389 2820 sorte

249 2836 346 2886 habita
364 2836 492 2900 perillus
511 2837 570 2887 dies
589 2838 622 2888 de
642 2839 758 2888 Votieno
776 2840 909 2888 Montano
928 2839 1046 2888 celebris
1064 2839 1170 2902 ingenii
1188 2839 1248 2888 triro
1266 2837 1390 2902 cognitio

250 2909 424 2955 currctantem
443 2905 498 2954 iarn
516 2905 657 2956 'liberium
675 2905 808 2970 perpulit,
832 2913 861 2955 ut
879 2906 1007 2956 uitandos
1026 2907 1151 2956 crederet
1168 2899 1275 2970 patrum
1293 2911 1390 2955 coetus

249 2987 399 3035 uocesque,
425 2987 495 3037 quae
519 2973 678 3038 plerumque
701 2989 783 3023 uerae
804 2979 832 3022 et
850 2989 949 3037 graues
968 2989 1059 3024 coram
1083 2974 1288 3039 ingerebantur.
1325 2989 1390 3022 nam

248 3038 388 3106 postulato
405 3040 523 3091 Votieno
545 3043 580 3092 ob
599 3041 779 3092 contumelias
802 3043 832 3092 in
850 3041 998 3092 Caesarem
1017 3041 1107 3091 dictas
1126 3042 1205 3092 testis
1223 3041 1356 3090 Aemilius
1375 3057 1389 3090 e

196 3151 198 3160 .
249 3106 415 3158 militaribus
433 3108 501 3158 uiris
519 3109 581 3158 dum
599 3109 690 3160 studio
709 3109 843 3174 probandi
861 3115 962 3160 cuncta
987 3111 1072 3158 refert
1090 3115 1117 3160 et
1135 3125 1299 3174 quamquam
1318 3109 1391 3158 inter
1456 3105 1459 3112 '

249 3177 440 3240 obstrepentes
473 3193 574 3242 magna
602 3177 813 3228 adseueratione
841 3178 952 3236 nititur,
989 3178 1097 3228 audiuit
1123 3178 1252 3227 Tiberius
1279 3177 1390 3242 probra,

250 3243 311 3310 quis
329 3259 377 3307 per
395 3243 505 3294 occulta
523 3245 700 3296 lacerabatur
714 3246 837 3310 adeoque
855 3245 996 3310 perculsus
1016 3251 1072 3308 est,
1091 3251 1121 3295 ut
1138 3261 1167 3294 se
1180 3245 1224 3294 uel
1238 3245 1330 3294 statim
1346 3245 1390 3294 ucl

250 3314 278 3362 in
302 3312 461 3374 cognitione
479 3319 657 3378 purgaturum
681 3313 839 3364 clamitaret
862 3313 1044 3377 precibusque
1070 3314 1266 3378 proximorum,
1294 3313 1391 3362 adula-

249 3382 324 3431 tione
344 3381 461 3430 omnium
480 3397 563 3446 aegre
581 3387 758 3446 componeret
776 3383 904 3430 animum.
936 3385 964 3430 et
981 3382 1115 3432 Votienus
1134 3381 1241 3446 quidem
1261 3382 1391 3430 maiesta-

251 3450 286 3499 tis
305 3449 401 3513 poeuis
420 3449 547 3500 adfectus
566 3447 617 3500 est'
638 3467 661 3500 e.
676 3465 702 3514 q.
718 3465 740 3498 s.
760 3449 796 3511 (a.
817 3447 890 3513 778).
927 3449 1044 3500 Biennio
1063 3455 1125 3515 post
1143 3449 1225 3511 obiit,
1245 3455 1275 3499 ut
1294 3449 1391 3498 lliero-

251 3531 347 3582 aymus
365 3521 492 3566 testatur.

337 3580 389 3636 ll*
407 3585 498 3634 Sobel.
517 3584 642 3635 luvenal.
661 3583 785 3634 1111812
821 3584 965 3634 Facundia
984 3581 1077 3650 ruitae]
1098 3584 1250 3634 ‘Lucanusr
1269 3584 1392 3634 Fractis-

252 3667 304 3717 qne
322 3653 470 3702 modestior
488 3654 577 3704 enula.
614 3650 770 3716 Crispus’
791 3667 815 3702 e.
834 3668 859 3716 q.
879 3667 901 3700 s.
937 3653 1053 3703 Fontem
1072 3653 1207 3703 indicavit
1226 3651 1258 3701 O.
1278 3651 1393 3701 Iahnius

251 3721 278 3771 lr.
298 3722 315 3771 l.
352 3721 395 3770 Cf.
418 3721 523 3772 Probus
541 3721 640 3771 Vallae
664 3721 692 3770 in
710 3719 736 3768 h.
757 3721 789 3769 l.z
822 3720 929 3769 ‘Vibius
947 3721 1060 3786 Crispus
1082 3721 1276 3781 Placentinus,
1305 3725 1333 3768 ut
1351 3721 1392 3770 in·

252 3789 311 3854 quit
328 3789 449 3850 Probas,
468 3805 520 3840 nec
539 3805 581 3840 me
599 3788 735 3854 praeterit
753 3786 824 3852 quod
842 3787 958 3838 Tacitus
976 3789 1087 3850 scribit,
1107 3795 1135 3839 et
1153 3803 1235 3838 uranu
1253 3793 1393 3852 promptus

253 3863 282 3906 ct
294 3856 389 3924 lingna
401 3857 450 3908 sub
464 3857 580 3908 claudio
592 3863 620 3908 et
633 3855 806 3906 consulatum
819 3855 936 3920 adeptus
949 3857 989 3907 ita
1007 3857 1141 3907 modestia
1159 3856 1277 3907 studium
1296 3857 1394 3906 orandi

338 4047 529 4108 3Passienus
542 4048 641 4104 addidi
654 4038 668 4126 ll
683 4041 890 4103 Vercellensis
902 4047 1052 4117 Pittacus,
1068 4047 1173 4102 seclusi
1177 4067 1186 4106 ‚·
1210 4045 1305 4103 Vibius
1319 4049 1394 4102 caim

255 4133 372 4202 Crispus
397 4134 582 4190 Vercellcusis
599 4139 651 4190 est.
671 4131 711 4202 cf.
732 4131 799 4188 Tac.
821 4131 888 4189 dial.
911 4137 957 4189 M:
974 4128 1166 4189 Viselliensis
1180 4131 1395 4192 Pillrocanusct

255 4217 449 4289 sinyrnensis
464 4215 651 4278 Vitcllicnsis
665 4223 718 4272 unt
732 4211 926 4274 Viccllicnsis
943 4219 1056 4288 Lipsius
1070 4213 1268 4280 Placentinus
1296 4217 1395 4272 Valla:

262 4303 342 4359 Vallo
353 4306 459 4360 scilicet
469 4307 529 4376 ipsc
543 4304 726 4360 Placentinus
735 4300 793 4372 sitit
808 4293 822 4378 ΙΙ
836 4301 1001 4360 ssirnulata
1009 4299 1143 4358 oratione
1156 4302 1293 4359 launna:
1305 4299 1394 4358 sinrul

255 4387 391 4445 oratione
407 4389 455 4445 PS
466 4387 656 4446 simulatione
674 4387 808 4445 Pithoeus
824 4385 837 4467 Η
853 4397 900 4446 cst
914 4389 1022 4444 addidit
1041 4385 1162 4442 Iubrtius
