3072 5064
544 422 585 464 aa
609 421 749 464 unsvers
770 423 881 465 naara
1223 411 1282 474 231

139 575 275 654 quartus
289 568 469 634 cardinalis
493 585 683 652 aurursus,
707 572 762 656 qai
786 579 818 636 et
841 589 1024 650 navemus,
1049 571 1091 636 ab
1115 574 1284 638 occidente

140 672 295 736 interiore
316 671 416 736 flans:
460 673 522 736 iste
543 674 660 738 hiemis
682 674 824 758 rigorem
847 675 1037 758 gratissima
1062 677 1134 740 uice
1156 676 1284 740 relaxat

140 773 302 861 floresque
325 775 485 862 producit.
529 791 692 858 ssurcvs,
724 777 780 862 qui
809 775 930 841 dicitur
951 791 1043 859 ntes,
1081 799 1121 840 ex
1148 777 1282 865 zephyri

140 879 256 942 dextro
285 877 388 942 latere
409 880 580 942 intonans:
623 877 675 944 hie
697 887 833 962 generat
851 886 1062 963 tempestates
1087 887 1118 942 et
1140 878 1281 965 pluuias,

119 981 219 1044 slacit
240 979 378 1044 nubium
397 980 594 1046 conlisiones
616 991 649 1044 et
665 982 790 1044 sonitus
811 980 1028 1046 tonitruorum
1046 989 1078 1044 et
1094 979 1283 1046 crebescen-

137 1085 216 1146 tium
239 1081 406 1167 fulgurum
426 1082 515 1147 uisus
544 1091 577 1146 et
605 1081 776 1146 fulminum
806 1080 967 1168 inpulsus.
1018 1097 1144 1162 conve,
1174 1083 1284 1169 quiet

141 1199 336 1267 asenarius,
362 1205 404 1248 ex
432 1185 566 1250 sinistra
589 1191 681 1270 parte
707 1184 831 1249 larionii
861 1185 1004 1269 spirans:
1054 1207 1091 1250 eo
1121 1183 1220 1248 flante
1251 1185 1283 1248 in

140 1415 185 1458 ten
210 1417 239 1458 st
258 1409 332 1458 Liba
356 1411 505 1458 norrrinant.
548 1410 583 1459 ab
607 1425 709 1459 occasu
734 1409 933 1474 aequinoctiali
956 1411 1097 1466 t'uuouius,
1123 1410 1158 1458 ab
1183 1423 1285 1458 occasu

140 1477 285 1527 solstitiali
304 1493 393 1526 corsis.
429 1478 576 1542 zephyrum
595 1484 623 1526 et
642 1484 777 1543 argeutum
797 1483 906 1528 uocant,
938 1495 954 1528 a
971 1477 1205 1544 septentrionibus
1224 1492 1284 1541 sep·

140 1547 242 1595 teutria
261 1543 389 1610 interque
415 1559 475 1594 eum
495 1551 523 1594 et
547 1551 669 1596 exortum
692 1545 868 1596 solstitialem
887 1545 994 1610 aquilo,
1020 1546 1162 1612 aparctias
1186 1549 1215 1594 et
1238 1545 1284 1594 bo·

140 1629 200 1662 reas
220 1613 301 1662 dieti.
337 1613 507 1664 numerosior
523 1613 595 1663 ratio
614 1618 743 1677 quattuor
761 1614 803 1662 lris
826 1615 1015 1675 interiecerat,
1034 1613 1177 1664 thrascian
1196 1612 1286 1662 media

139 1682 253 1746 regione
279 1680 351 1730 inter
374 1683 589 1745 septentrionem
613 1687 641 1730 ct
664 1696 791 1732 occasum
815 1681 1005 1742 solstitialem,
1030 1683 1149 1745 itemquo
1169 1681 1286 1730 caecian

140 1749 230 1798 medis
254 1750 331 1798 inter
353 1749 509 1813 aquilonem
534 1755 561 1799 et
585 1755 707 1798 exortum
732 1749 966 1814 aequinoctialem
991 1749 1025 1798 ab
1054 1755 1114 1800 ortu
1133 1747 1285 1808 solstitiali,

139 1816 315 1868 Phoenician
335 1817 426 1866 media
444 1817 557 1881 regione
576 1818 649 1867 inter
666 1821 753 1866 ortum
772 1817 923 1868 brumalem
943 1824 971 1867 et
989 1818 1143 1878 meridiem,
1163 1817 1229 1866 item
1246 1817 1285 1866 in·

139 1891 180 1934 ter
193 1885 268 1934 Liba
288 1889 316 1934 et
334 1890 419 1935 notan
438 1885 608 1950 conpositum
628 1901 661 1934 ex
680 1890 795 1948 utroque
813 1886 931 1936 medium
951 1885 1023 1936 inter
1041 1885 1181 1936 meridiem
1201 1889 1229 1934 et
1246 1884 1287 1934 hi-

139 1953 253 2002 bernum
279 1953 451 2002 occidentem
480 1951 630 2002 libonoton.
671 1969 722 2002 nec
747 1952 817 2002 linis.
855 1953 904 2002 alii
928 1953 1027 2018 quippe
1051 1968 1146 2004 mesen
1175 1954 1286 2002 nomine

140 2022 292 2071 etiamnum
324 2019 454 2071 addidere
482 2021 555 2070 iuter
572 2021 676 2070 borean
695 2025 722 2070 et
741 2021 870 2082 caecian,
891 2027 919 2070 et
937 2022 1009 2070 iuter
1027 2035 1121 2072 eurum
1139 2026 1287 2084 notumque

140 2095 302 2138 euronotou.
349 2093 413 2138 sunt
441 2090 525 2138 etiam
555 2089 664 2152 quidam
692 2089 848 2154 peculiares
877 2089 1028 2153 quibusque
1057 2089 1187 2152 gentibus
1210 2087 1288 2137 uenti

140 2173 192 2206 non
212 2156 288 2206 altra
308 2161 412 2206 certum
431 2156 612 2222 precedentes
629 2161 763 2216 tractum,
788 2162 818 2205 ut
834 2156 1051 2206 Atheniensibus
1074 2158 1179 2217 sciron,
1205 2154 1287 2220 paulo

140 2226 174 2274 ab
193 2229 306 2286 argeste
321 2223 451 2281 deflexus.
471 2225 594 2290 reliquae
608 2223 745 2274 Graeciae
759 2225 878 2290 ignotus.
904 2224 1009 2273 alicubi
1023 2223 1124 2272 elatior
1135 2223 1208 2273 idem
1221 2238 1286 2272 uen-

140 2298 182 2342 tus
202 2291 350 2356 Olympias
367 2296 491 2342 uocatur.
529 2293 698 2342 eorrsuetudo
717 2293 842 2341 omnibus
861 2291 903 2340 his
921 2290 1077 2342 nominibus
1097 2295 1226 2356 argesten
1246 2291 1286 2340 in·

141 2360 252 2425 tellegi,
280 2367 308 2409 et
332 2360 449 2410 caecian
473 2359 558 2424 aliqui
580 2365 683 2410 elocant
702 2359 915 2424 Hellespontian
939 2364 967 2408 et
990 2358 1099 2410 eosdem
1123 2357 1171 2407 alii
1196 2358 1286 2408 aliter.

141 2429 212 2478 idern
238 2443 295 2476 non
319 2427 398 2477 modo
420 2427 448 2476 in
466 2427 580 2492 reliquis
602 2429 727 2492 partibus
751 2427 873 2492 ignotus,
899 2427 948 2476 sed
970 2443 1004 2478 ne
1024 2427 1159 2476 Viennam
1178 2425 1288 2490 quidem

141 2496 265 2546 eiusdem
285 2495 445 2560 prouinciae
470 2495 564 2544 urbem
589 2496 742 2561 attingens,
768 2496 865 2560 paucis
889 2501 953 2546 ante
978 2494 1088 2544 milibus
1111 2493 1169 2558 iugi
1187 2493 1286 2544 modici

140 2579 257 2614 oretrrsu
276 2569 371 2612 tantus
389 2562 437 2612 ille
456 2568 554 2612 sanutus
573 2564 717 2614 coercitus.
755 2569 783 2612 et
801 2569 909 2613 aststros
927 2563 955 2612 in
968 2563 1122 2627 Aegyptum
1140 2567 1287 2626 penetrare

141 2636 224 2694 aegea
242 2630 396 2680 Fabianus.
432 2647 483 2695 qun
507 2631 538 2679 lit
561 2632 711 2681 ruauit'esta
733 2631 777 2680 lex
801 2635 918 2680 naturae
944 2632 1036 2680 uentis
1060 2631 1144 2679 etiam
1169 2635 1197 2680 et
1220 2633 1287 2678 tem-

141 2717 205 2764 pore
226 2705 255 2748 et
275 2698 328 2748 fine
347 2697 441 2748 dicto.'
472 2698 771 2762 (salsissimam,
790 2699 806 2748 3
824 2715 897 2763 sqq:
918 2699 996 2748 ‘Tum
1014 2699 1168 2748 Farrarinus
1186 2698 1227 2746 ita
1246 2697 1287 2746 lu·

141 2767 253 2816 balatus
272 2771 329 2816 est:
352 2765 441 2828 Satis,
464 2767 566 2831 iuquit,
596 2773 690 2816 notum
715 2772 770 2828 est,
798 2766 900 2816 limites
925 2769 1105 2832 regionesque
1130 2780 1192 2814 esse
1216 2764 1288 2814 caeli

143 2841 274 2900 quatuor:
300 2840 423 2884 exortum
443 2849 571 2884 oceasum
590 2835 731 2884 meridiem
749 2836 959 2898 septentriones.
997 2838 1108 2884 exortus
1126 2839 1154 2884 et
1172 2847 1288 2882 occasus

143 2903 257 2952 mobilia
281 2908 310 2951 et
332 2903 413 2952 staria
437 2907 513 2962 srrnt,
538 2903 668 2952 meridies
692 2903 950 2967 septentrionesque
968 2909 1043 2954 statu
1062 2907 1195 2966 perpetuo
1213 2905 1290 2950 stsut

143 2978 169 3020 et
187 2975 312 3020 manent.
338 2971 424 3018 oritur
442 2971 513 3019 enim
534 2969 573 3018 sol
594 2986 646 3020 non
666 2969 785 3020 indidem
804 2985 920 3034 semper,
940 2971 988 3020 sed
1007 2977 1055 3020 aut
1073 2967 1289 3047 sesquinoetialis

142 3039 234 3088 oriens
251 3037 362 3098 dicitur,
382 3051 441 3086 etun
461 3039 489 3088 in
507 3037 612 3086 circulo
631 3038 726 3099 currit,
746 3039 790 3102 qiu
810 3037 967 3102 appellatur
986 3033 1149 3104 lsqpsecvoe
1168 3043 1217 3088 aut
1235 3036 1288 3086 sol-

142 3105 267 3162 stitialis.
289 3111 436 3168 quaesunt
455 3104 582 3170 Βεριναί,
603 3111 651 3154 aut
670 3105 810 3166 bmmnlis,
830 3120 900 3170 (praue
920 3111 984 3155 sunt
1002 3101 1162 3171 χειμεριναὶ
1174 3101 1288 3169 τροπαί.

142 3174 207 3223 item
227 3173 306 3222 cadit
323 3171 362 3221 sol
387 3189 440 3222 aon
462 3174 491 3222 in
510 3173 625 3222 eiusdem
650 3189 758 3236 semper
781 3173 879 3222 locunt.
916 3173 947 3222 fit
965 3175 1037 3224 enim
1061 3172 1190 3223 similiter
1208 3189 1288 3222 occa-

142 3257 187 3291 sus
211 3242 273 3290 eius
297 3247 345 3290 aut
373 3240 586 3304 aequinoctialis
615 3246 662 3290 aut
690 3239 846 3290 solstitialis
874 3247 923 3290 urit
949 3242 1089 3292 brumalis.
1127 3241 1173 3304 qui
1190 3245 1289 3289 uentus

142 3310 227 3374 igitur
251 3308 287 3357 ab
312 3309 418 3357 omento
445 3324 530 3358 rrerno
559 3308 586 3357 id
613 3314 655 3358 est
679 3307 878 3392 aequinoctiali
905 3310 995 3368 stertit,
1025 3310 1181 3358 nominatur
1209 3323 1289 3356 eursrs

142 3377 207 3426 fieta
236 3375 387 3428 uooahulu.
418 3381 448 3424 ut
472 3377 517 3425 isti
538 3367 734 3440 ἕτυμολογικοι
753 3376 842 3440 aiunt,
864 3366 956 3426 ὁοῖπὸ
978 3375 1029 3442 τῆς
1051 3366 1121 3442 ηὀὖς
1143 3367 1222 3438 (iius.
1265 3375 1289 3422 is

142 3445 197 3494 alio
217 3457 325 3508 qnoque
346 3459 362 3492 a
381 3443 496 3492 Graecis
512 3444 621 3493 nenriue
639 3434 819 3508 α’φηλιῶτης,
839 3445 968 3493 Romanis
986 3444 1107 3492 narrticis
1126 3441 1289 3492 subsolanus

141 3512 364 3576 cognominatur.
407 3511 455 3560 sed
484 3513 529 3575 qui
554 3512 589 3560 ab
613 3511 722 3562 aestiua
746 3519 773 3560 et
798 3511 940 3561 solstitiali
967 3512 1082 3560 orientis
1105 3515 1179 3559 meta
1201 3510 1289 3568 uenit,

142 3581 246 3630 Latine
270 3577 363 3642 aquile
386 3573 488 3642 βορέας
506 3579 613 3628 Graece
632 3580 746 3641 dicitur,
773 3594 887 3644 euinque
909 3586 1038 3644 proptera
1061 3577 1170 3642 quidam
1194 3576 1290 3626 dieunt

142 3647 178 3698 ab
200 3647 324 3696 Homero
352 3640 565 3712 uldqqysvs'rqv
593 3646 777 3712 alipellatuum
807 3646 918 3696 boream
946 3652 1037 3696 aretem
1065 3649 1164 3712 putant
1186 3644 1289 3692 dietum

231 3811 241 3862 Ι
261 3799 404 3878 zephirus
414 3793 479 3858 AB²
492 3799 629 3878 zephilus
645 3797 678 3858 B¹
696 3797 708 3880 {j
726 3802 825 3860 lanius
840 3797 876 3858 Βι
895 3794 908 3880 ll
923 3799 1128 3860 tinterinraA
1142 3793 1156 3877 ll
1172 3797 1225 3855 ilat
1239 3799 1263 3854 Β
1276 3793 1289 3876 [l

143 3887 289 3964 frigorem
305 3881 343 3943 Α)
387 3882 556 3962 gratissima
574 3885 634 3944 uici
653 3886 825 3961 gratissima
845 3886 910 3972 uiep
921 3888 947 3942 B
961 3879 974 3965 ll
990 3891 1007 3944 3
1021 3904 1079 3962 quo
1097 3880 1240 3961 produc&
1253 3879 1289 3938 Αι

141 3969 289 4050 produc&
305 3963 343 4028 A²
388 3969 509 4028 affricus
526 3973 549 4026 A
564 3965 576 4050 ΙΙ
594 3969 687 4028 dicitu
703 3966 739 4028 Α1
754 3966 768 4049 ll
784 3969 844 4028 libs
860 3975 884 4028 A
904 3970 946 4048 lip
966 3973 990 4026 Β
1005 3963 1018 4048 ll
1034 3988 1069 4027 ex
1085 3989 1137 4027 em.
1151 3971 1177 4026 Β
1191 3959 1205 4047 [l
1221 3987 1290 4042 zep-

141 4055 229 4134 pheri
249 4061 271 4113 A
288 4054 461 4132 zenphera
473 4056 497 4110 B
511 4049 557 4134 lit
576 4055 700 4114 intonen
720 4051 754 4112 Β1
770 4049 783 4136 ll
800 4075 950 4132 generans
968 4057 992 4110 Β
1007 4047 1021 4136 Π
1035 4053 1172 4132 pluuium
1193 4046 1227 4108 A*
1247 4047 1291 4130 lle

142 4139 265 4199 &faeda
285 4143 313 4198 B
333 4135 347 4220 ll
367 4137 461 4197 nuniii
474 4133 511 4196 Β1
535 4135 548 4218 l]
568 4140 684 4199 sonitus
700 4135 911 4220 tonitruorum]
925 4139 1126 4197 souitruorum
1144 4133 1181 4195 A¹
1197 4129 1211 4217 ll
1227 4156 1290 4193 cre·

140 4224 346 4284 larissencium
363 4228 387 4282 A
402 4217 415 4303 ll
430 4233 446 4288 6
462 4223 611 4301 fulgorum
635 4225 662 4281 Β
676 4217 689 4298 ll
705 4223 786 4282 nisos
802 4227 827 4282 A
842 4219 854 4306 ll
869 4223 1023 4282 fluminum
1042 4219 1092 4301 All
1110 4221 1218 4282 chorus
1234 4223 1258 4277 A
1278 4217 1289 4289 ἶξ

141 4317 157 4372 'l
179 4317 321 4388 argestes
348 4313 446 4398 eulpa:
480 4309 607 4386 agrestis
630 4305 695 4366 AB²
718 4309 832 4385 agresti
849 4303 886 4366 Β1
902 4302 917 4389 Η
932 4308 1067 4365 sinestra
1084 4309 1108 4364 A
1123 4301 1136 4388 {l
1151 4327 1207 4384 par
1224 4301 1256 4364 A¹
1278 4303 1283 4384 l

143 4443 267 4530 salsenip
285 4447 309 4501 A
324 4443 428 4504 fauoni
447 4439 499 4526 ΒΗ
515 4444 654 4522 aspirans
674 4447 697 4500 Β
