3072 5064
268 399 330 473 260
437 415 670 467 surranum-rs
692 415 779 466 ntsnt
801 421 842 466 nr.
865 417 1069 468 suturarum
1091 415 1231 468 hartnit

268 574 417 640 subrogata
435 591 462 639 p,
480 574 552 624 ande
572 579 599 623 et
616 573 691 638 apud¹
708 575 831 624 Graecos
849 565 971 640 σύαγρος
988 575 1016 625 id
1034 581 1076 626 est
1094 576 1167 626 ferus
1185 575 1294 625 dicitur.
1322 589 1402 624 omne

269 644 342 692 enim
361 643 431 708 quod
450 643 536 691 ferum
561 647 603 692 eat
627 648 655 692 ct
676 643 779 692 immite
804 643 918 692 abusine
938 649 1046 710 agreste
1069 641 1219 694 uocamns.²
1259 645 1295 692 ci.
1314 641 1403 692 Varro

268 711 300 760 L.
325 712 357 760 L.
384 711 407 759 V
433 710 487 760 101.
527 707 572 759 28:
598 711 748 760 ‘Inuencus
771 711 860 761 dictus
878 727 911 761 eo
930 713 1000 778 quod
1018 713 1112 762 iuuare
1131 712 1248 777 incipiat
1264 711 1404 760 hominurn

267 793 332 828 usus
356 779 384 827 in
408 778 560 828 excolenda
581 783 668 840 terra,
693 778 739 828 uel
763 781 828 844 quia
851 779 922 844 apud
946 779 1064 845 gentiles
1087 780 1147 829 Ioui
1170 795 1277 844 semper
1299 779 1403 843 ubique

267 847 400 896 iuuencas
418 845 624 907 immolabatur,
648 861 794 911 numquam
812 853 916 897 taurus.
952 863 1015 897 nam
1032 847 1061 896 in
1078 847 1197 898 uictimis
1216 848 1300 896 etiam
1316 853 1404 923 petas

268 912 513 964 considerabatur.'
550 915 586 964 cf.
604 914 691 964 Varro
710 915 741 964 L.
767 915 800 964 L.
824 915 848 966 V
870 913 912 964 06.
960 915 1005 965 30:
1030 916 1132 964 Boucm
1151 915 1251 964 Graeci
1274 911 1345 979 βουν
1362 914 1404 963 di-

267 987 341 1032 eunt.
377 983 449 1032 hunc
467 983 562 1032 Latini
580 983 694 1032 trionem
713 988 824 1044 uocant,
849 999 881 1033 co
900 983 971 1048 quod
989 989 1090 1032 terram
1114 989 1200 1045 terat,
1225 983 1302 1047 quasi
1319 983 1405 1032 terio-

268 1065 339 1100 nem.
374 1051 509 1101 Naeuius:
538 1051 668 1100 Trionum
691 1050 737 1100 hic
759 1051 916 1100 moderator
938 1053 1066 1100 rusticus.
1108 1052 1186 1100 cuius
1209 1050 1326 1100 latitudo
1345 1047 1404 1115 pel'·

267 1116 332 1167 lium
356 1134 373 1166 a
396 1125 486 1168 mento
511 1119 545 1168 ad
564 1135 643 1168 crura
665 1119 790 1183 palearia
809 1119 935 1169 dicuntur
958 1135 974 1168 a
992 1119 1063 1184 pelle
1083 1120 1144 1184 ipsa
1162 1119 1240 1183 quasi
1258 1117 1405 1184 pellearia,

268 1187 338 1250 quod
358 1191 400 1236 cst
418 1187 614 1251 generositatis
632 1187 660 1236 iu
679 1187 748 1236 boue
767 1185 893 1252 siguum)
935 1189 970 1236 ci.
990 1188 1076 1237 Varro
1100 1189 1132 1236 L.
1152 1187 1183 1236 li.
1208 1187 1259 1236 Vll
1281 1186 1314 1235 Ἠ
1338 1185 1405 1235 Gel-

266 1253 320 1303 lius
339 1255 372 1304 N.
390 1255 422 1302 A.
440 1255 468 1304 11
486 1254 526 1314 21,
546 1255 571 1303 8.
601 1253 635 1304 43
653 1269 707 1318 sq.:
727 1255 880 1304 ‘Viuacitas
904 1271 1033 1319 equorum
1056 1255 1155 1315 multa,
1184 1254 1308 1304 exultant
1330 1254 1405 1304 enim

266 1325 295 1372 in
313 1323 430 1387 campis,
455 1322 602 1372 odorantur
625 1321 740 1384 bellum,
759 1324 917 1373 excitantur
934 1339 1001 1372 sono
1018 1324 1102 1372 tubae
1121 1323 1156 1371 ad
1174 1321 1316 1386 praelium,
1335 1337 1405 1371 noce

268 1391 381 1438 accensi
400 1390 435 1438 ad
453 1406 560 1441 cursum
579 1397 773 1455 prouocantur,
797 1390 891 1440 dolent
914 1406 974 1440 cum
987 1391 1055 1440 uicti
1067 1391 1178 1450 suerint,
1199 1388 1324 1440 exultant
1342 1404 1407 1438 eum

266 1457 394 1506 uicerint.
430 1458 540 1522 quidam
558 1457 650 1508 hostes
673 1459 702 1507 in
720 1458 793 1508 bello
811 1459 946 1520 sentiunt,
972 1459 1041 1508 adeo
1063 1463 1094 1507 ιιι
1118 1458 1291 1507 aduersarios
1314 1472 1407 1507 morsu

268 1529 374 1590 petant.
412 1523 499 1590 aliqui
523 1526 606 1576 etiam
630 1527 754 1591 proprios
773 1525 896 1576 donrinos
914 1531 1129 1592 recognoscunt,
1148 1525 1227 1574 obliti
1245 1531 1406 1575 mansuetu·

268 1592 348 1651 dinis,
371 1593 394 1642 si
413 1599 563 1644 mutentur:
583 1593 669 1658 aliqui
686 1600 797 1660 praeter
815 1595 951 1644 dominum
969 1593 1073 1644 nullum
1090 1594 1171 1644 dorso
1183 1594 1329 1658 recipiunt.
1362 1608 1407 1644 so·

268 1659 320 1710 lius
343 1661 406 1725 equi
429 1667 472 1710 est
494 1666 604 1726 propter
627 1663 762 1711 hominem
784 1663 923 1713 lacrimari
951 1667 978 1712 ct
1006 1662 1107 1712 doloris
1134 1661 1260 1710 affectum
1290 1661 1406 1710 sentire.

269 1728 339 1778 unde
365 1735 392 1777 et
416 1729 444 1778 in
469 1730 608 1777 centauris
632 1745 761 1794 equorum
784 1737 811 1779 et
834 1731 972 1780 hominum
995 1735 1094 1780 natura
1112 1731 1246 1794 permixta
1270 1736 1320 1778 est
1362 1743 1406 1778 ao·

268 1795 327 1846 lent
345 1797 429 1845 etiam
449 1811 482 1845 en
503 1811 632 1860 equorum
655 1799 794 1847 moestitia
812 1798 857 1847 uel
876 1799 1024 1848 alacritate
1044 1803 1170 1847 euentum
1189 1799 1308 1846 futurum
1326 1797 1407 1846 dimi·

269 1865 357 1913 caturi
377 1862 528 1928 colligere!
569 1865 604 1914 ci.
632 1863 740 1914 Solinus
762 1866 795 1914 45
813 1866 919 1915 Plinius
937 1867 969 1914 N.
988 1867 1023 1916 H.
1046 1865 1093 1914 154
1111 1881 1169 1930 sqq.
1204 1866 1329 1930 lbsqq.:
1358 1865 1406 1914 ‘ln

269 1932 412 1998 generosis
431 1931 521 1996 equis,
549 1937 580 1981 ut
598 1933 675 1982 aiunt
692 1941 815 1996 ueteres,
839 1941 968 1999 quattuor
986 1939 1159 2000 spectantur:
1180 1933 1265 1983 forms
1284 1932 1407 1997 pulchri-

268 2000 333 2048 tudo
356 1999 480 2048 meritum
509 2005 592 2064 atquc
615 1999 698 2050 color.
739 2003 826 2051 forma
849 2009 878 2051 ut
903 2003 940 2050 sit
962 2001 1081 2051 ualidum
1105 2015 1202 2067 corpus
1226 2007 1254 2050 et
1277 2000 1406 2062 solidum,

268 2067 359 2116 robori
369 2069 536 2118 conueniens
543 2067 668 2130 altitudo,
680 2069 857 2119 substrictam
870 2069 951 2130 latus,
965 2071 1101 2118 maximae
1115 2074 1143 2118 et
1155 2070 1287 2118 rotundae
1299 2068 1406 2129 clunes,

268 2140 366 2201 pectus
378 2134 434 2186 late
447 2143 553 2200 patens,
569 2151 666 2202 corpus
680 2153 757 2186 omne
768 2137 949 2188 musculorum
959 2137 1096 2186 densitate
1106 2137 1244 2198 nodosum,
1255 2153 1303 2201 pes
1314 2138 1407 2185 siccus

269 2210 297 2253 et
314 2219 398 2253 cornu
416 2220 538 2254 concauo
555 2203 696 2254 solidatus.
725 2205 897 2270 pulchritudo
914 2212 945 2254 ut
960 2207 995 2254 sit
1012 2207 1138 2270 cxigturm
1155 2213 1237 2269 caput
1250 2211 1277 2253 et
1290 2207 1406 2266 siccum,

269 2271 339 2338 pelle
353 2288 437 2338 prope
450 2273 557 2322 ossibus
570 2273 747 2334 adhaerente,
762 2280 842 2323 aures
854 2275 952 2324 breues
965 2279 1111 2334 elocutae,
1123 2272 1196 2322 oculi
1208 2273 1308 2336 ansgui.
1323 2288 1408 2321 nares

268 2340 391 2406 patulae,
408 2347 501 2391 erecta
516 2342 624 2403 ceruix,
644 2357 722 2392 corna
741 2342 827 2390 densa
849 2347 877 2391 et
894 2341 997 2400 cauda,
1014 2340 1176 2404 ungularum
1191 2340 1332 2390 soliditate
1352 2340 1408 2390 fixa

267 2409 432 2458 rotunditas.
449 2410 574 2459 meritum
583 2414 614 2458 ιιι
626 2410 662 2458 sit
675 2411 765 2459 animo
779 2410 876 2470 nudas,
891 2409 1006 2474 pedibus
1019 2409 1120 2469 alacer,
1134 2409 1313 2458 trementibus
1323 2423 1408 2458 mem-

268 2477 335 2537 bris,
355 2477 425 2542 quod
444 2485 486 2526 est
498 2477 667 2527 fortitudinia
680 2479 821 2538 indicium,
841 2478 939 2543 quique
958 2492 991 2528 ex
1009 2491 1114 2526 summa
1133 2477 1223 2541 quiete
1242 2476 1326 2526 tacite
1343 2491 1409 2526 con·

269 2545 370 2594 citetur
382 2543 427 2594 uel
439 2546 562 2594 excitata
575 2545 754 2595 festinatione
771 2561 827 2595 non
843 2544 956 2594 dit'licile
975 2551 1111 2594 teneatur.
1138 2549 1226 2594 motus
1239 2551 1330 2594 autem
1344 2545 1408 2608 equi

269 2613 298 2662 in
316 2613 428 2662 auribus
444 2612 609 2677 intelligitur
629 2613 717 2663 uirtus
740 2615 768 2662 in
791 2614 920 2663 membris
942 2613 1132 2662 trementibus.
1173 2612 1247 2661 color
1264 2613 1309 2661 hic
1329 2627 1408 2676 prae·

270 2681 350 2745 eipuc
370 2681 549 2744 spectandus:
570 2680 666 2730 badius
685 2697 783 2730 aureus
801 2697 895 2732 roseus
914 2681 1026 2730 mirteus
1045 2681 1171 2730 cerninus
1190 2679 1280 2745 giluus
1292 2680 1409 2744 glaucus

270 2747 424 2798 scutulatus
442 2764 527 2798 canus
546 2749 678 2798 candidus
696 2749 774 2800 albus
793 2755 916 2814 guttatus
934 2749 1021 2814 niger.
1051 2749 1176 2813 sequenti
1196 2755 1287 2798 antem
1311 2749 1408 2799 ordine

270 2816 365 2864 uarius
384 2831 417 2864 ex
437 2819 514 2879 nigro
538 2816 674 2880 badioque
692 2817 853 2877 distinctus,
874 2816 994 2881 reliquus
1013 2819 1105 2866 uarius
1124 2816 1199 2866 color
1216 2815 1260 2866 uel
1280 2817 1408 2866 cinereus

271 2883 442 2932 deterrimus.
479 2883 588 2933 badium
607 2891 699 2934 autem
718 2887 824 2949 antiqui
843 2885 953 2935 aedium
971 2885 1110 2945 dicebant,
1135 2884 1205 2948 quod
1224 2885 1295 2933 inter
1313 2891 1408 2934 cetera

272 2951 404 3000 animalia
423 2951 521 3000 fortius
539 2951 632 3000 cadat.
668 2953 727 3016 ipse
747 2961 789 3002 est
807 2958 835 3002 ct
852 2953 962 3018 spadix,
983 2967 1062 3018 quem
1080 2951 1272 3018 phoenicatum
1291 2959 1408 3002 nocant:

274 3022 302 3067 et
320 3019 408 3068 dictus
425 3019 524 3084 spadix
542 3033 559 3067 a
578 3018 668 3068 colore
687 3021 804 3084 palmae,
825 3037 905 3086 quani
924 3019 1010 3070 Siculi
1028 3021 1169 3084 spadicam
1188 3027 1298 3070 uocant.
1329 3018 1407 3085 glan·

273 3101 320 3136 cus
344 3101 408 3136 uero
432 3091 474 3136 est
497 3087 584 3136 ueluti
601 3087 689 3151 pictos
713 3088 807 3138 oculos
829 3089 934 3140 habeus
958 3094 986 3138 ct
1008 3089 1124 3154 quodam
1148 3087 1293 3153 splendore
1316 3089 1409 3153 perfu-

272 3169 329 3204 sos:
349 3169 411 3204 nam
430 3154 557 3218 glaucum
574 3160 684 3206 ueteres
703 3155 833 3206 dicebant
851 3169 875 3206 a.
911 3156 1001 3222 gilnus
1028 3162 1119 3205 autem
1136 3155 1253 3205 molinus
1272 3155 1348 3206 color
1366 3163 1410 3206 est

272 3221 442 3272 subalbidus.
483 3229 607 3286 guttatus
631 3224 710 3273 albus
732 3225 818 3286 nigris
838 3225 1087 3276 interuenientibus
1114 3225 1233 3288 punctis.
1274 3224 1409 3274 candidus

273 3295 364 3340 autem
384 3295 412 3340 et
430 3290 509 3340 albus
527 3292 646 3340 inuicem
663 3292 716 3342 sibi
734 3293 873 3342 differunt.
909 3308 973 3342 num
992 3292 1069 3342 albus
1088 3307 1148 3342 cum
1167 3291 1283 3356 quodam
1302 3291 1409 3357 pallore

273 3363 323 3420 est,
349 3358 481 3408 candidus
504 3375 569 3409 uero
592 3360 689 3409 niueos
712 3367 740 3410 et
763 3377 831 3426 pura
853 3360 916 3410 luce
940 3361 1074 3426 perfusus.
1110 3375 1195 3409 canus
1218 3360 1318 3420 dictus,
1343 3361 1409 3424 qnia

273 3444 307 3478 ex
325 3427 442 3476 candido
460 3427 553 3478 calore
572 3431 600 3477 et
617 3429 695 3493 nigro
715 3435 765 3478 est.
802 3429 956 3479 scutulatus
975 3435 1091 3478 uocatus
1108 3433 1219 3493 propter
1230 3427 1320 3490 orbes,
1341 3441 1409 3492 qnos

271 3495 357 3546 hahet
376 3495 508 3545 candidos
531 3497 602 3546 inter
625 3511 765 3562 purpuras.
807 3499 900 3547 uarius
924 3497 995 3561 quod
1013 3497 1074 3546 uias
1096 3495 1200 3546 babeat
1219 3495 1340 3544 colorum
1359 3497 1408 3544 im·

272 3563 387 3628 parium.
423 3563 468 3628 qui
487 3569 579 3614 autem
598 3564 674 3614 albos
693 3570 799 3614 tantum
817 3565 902 3632 pedes
919 3564 1037 3628 habent,
1056 3563 1135 3630 petili
1153 3561 1342 3629 appellantur:
1363 3563 1409 3627 qui

273 3633 390 3682 frontem
404 3631 505 3692 albam,
519 3631 625 3682 callidi.
645 3634 772 3682 ccruinus
786 3641 836 3696 est,
851 3648 930 3699 quem
942 3632 1024 3698 uulgo
1037 3647 1186 3696 gauranem
1200 3631 1302 3681 dicunt.
1328 3646 1408 3680 acra·

273 3715 335 3748 nem
362 3699 433 3748 idem
457 3700 555 3765 uulgus
577 3705 673 3762 uocat,
703 3701 774 3766 quod
800 3703 828 3750 in
852 3701 959 3752 modum
983 3701 1019 3750 sit
1042 3701 1114 3750 aeria
1142 3699 1251 3750 coloris.
1296 3699 1410 3748 mittens

274 3773 365 3816 autem
390 3773 432 3816 est
454 3783 564 3832 pressus
588 3770 616 3818 in
639 3784 765 3834 purpura.
806 3769 918 3819 dusinus
942 3773 1032 3818 autem
1051 3769 1154 3830 dictus,
1181 3768 1250 3832 quod
1274 3768 1311 3816 sit
1333 3765 1410 3817 color

274 3835 384 3884 eiusde
403 3837 489 3893 asino,
509 3837 581 3886 idem
600 3841 628 3886 et
647 3839 780 3886 cinereus.
817 3845 881 3888 suut
899 3844 990 3886 autem
1009 3831 1038 3886 h'i
1055 3836 1089 3886 de
1102 3837 1206 3901 agresti
1224 3851 1325 3900 genere
1345 3837 1408 3896 orti,

274 3919 340 3970 qnos
359 3905 498 3967 equiferos
515 3905 644 3966 dicimus,
670 3910 697 3954 ct
720 3905 833 3970 proinde
857 3905 891 3954 ad
914 3905 1047 3956 urbanam
1070 3903 1233 3969 dignitatem
1258 3904 1409 3968 procedere

273 3987 327 4022 non
350 3979 471 4037 possunt.
507 3987 615 4022 mauros
638 3973 717 4038 niger
740 3978 789 4022 cst.
826 3974 933 4038 nigrum
957 3974 1029 4022 enim
1047 3973 1141 4036 graeci
1161 3971 1275 4036 aurigas
1297 3979 1409 4021 uocant.

275 4055 388 4090 mannus
407 4056 472 4090 uero
491 4056 575 4104 equus
599 4041 709 4090 breuior
727 4047 783 4101 est,
807 4057 886 4106 quem
905 4039 988 4105 uulgo
1007 4040 1128 4090 buricum
1147 4047 1256 4090 uocant.
1293 4039 1410 4089 ueredoa

274 4109 381 4172 antiqui
399 4109 634 4174 dixerunt,·quod
658 4110 791 4160 uehorcnt
814 4110 893 4158 redas
915 4109 943 4158 id
968 4115 1009 4158 est
1027 4107 1170 4169 ducerent,
1194 4107 1240 4158 uel
1258 4107 1328 4172 qnod
1347 4108 1409 4156 uias

274 4176 399 4240 publicas
424 4183 534 4226 currant
560 4193 609 4242 per
637 4193 704 4242 quas
734 4185 762 4226 et
792 4177 866 4228 redis
890 4178 929 4226 irc
953 4175 1062 4227 solitum
1086 4182 1154 4226 erat.
1194 4177 1331 4240 Equorum
1354 4177 1410 4224 tria

273 4250 336 4293 sunt
355 4259 470 4310 genera:
490 4260 571 4294 unum
588 4261 759 4310 generosum,
778 4245 892 4312 praeliis
911 4249 939 4294 et
957 4245 1085 4294 oneribus
1103 4249 1204 4310 aptum,
1225 4243 1341 4294 alterum
1352 4242 1410 4292 nul-

275 4327 340 4375 gare
359 4318 441 4376 atque
459 4313 624 4378 gregarium,
645 4313 849 4364 aduehendum
867 4329 922 4362 non
935 4313 969 4362 ad
983 4313 1158 4377 equitandum
1172 4317 1278 4376 aptum:
1297 4311 1410 4363 tertium

275 4395 307 4427 ex
326 4382 506 4445 permixtione
530 4381 632 4430 diuersi
655 4383 764 4445 generis
787 4387 887 4442 ortum,
917 4381 987 4445 quod
1010 4381 1093 4430 etiam
1116 4381 1275 4448 bigenerum
1299 4380 1411 4436 dicitur,

275 4447 341 4512 quia
359 4463 393 4498 ex
415 4447 530 4498 diuersis
549 4449 680 4514 nascitur,
700 4455 730 4500 ιιι
748 4447 854 4500 mulus)
892 4449 929 4499 cl.
947 4447 1089 4500 Palladius
1106 4449 1162 4498 1111
1182 4446 1214 4498 13
1231 4437 1411 4508 Varro'Osoc
