3162 5058
488 429 663 471 vuasonvrr
684 429 922 472 narr-nasarius:
1218 415 1281 479 277

222 589 353 640 armar
371 593 548 640 tancmer
571 593 732 641 nrcsalr
760 578 822 644 hoo
850 577 973 660 differt,
998 580 1084 665 quod
1112 577 1214 642 laniat
1236 577 1282 642 la-

135 678 227 758 nius,
257 698 329 742 cum
355 677 559 742 membratim
587 679 759 766 discerpit3
800 679 922 744 lacerat
950 682 1006 767 qni
1034 680 1184 766 partibus
1212 683 1281 744 suis

133 780 283 845 membra
304 779 467 862 destituit3
491 779 637 845 lancinat
656 783 711 868 qui
734 782 894 846 inutiliter
913 781 1058 846 membra
1080 782 1246 868 discerpit.

221 896 356 944 aversa
387 897 574 945 ruoovcru
606 891 640 946 et
669 899 803 946 avsrrta
835 899 1017 947 consuere
1048 883 1110 950 hoo
1134 886 1281 961 interest,

111 982 224 1070 squod
247 981 350 1048 lustra
374 991 464 1047 certa
484 991 630 1069 tempora
653 993 744 1066 sunt,
775 983 879 1048 lustra
901 984 1039 1048 latibula
1062 983 1205 1050 ferarum
1227 983 1282 1048 uel

133 1085 279 1170 turpium
302 1083 467 1149 hominum
487 1087 701 1171 receptacula.

222 1201 391 1250 aaoarvu
422 1197 456 1252 et
484 1194 689 1270 onrronsu]
719 1191 845 1272 legatus
874 1186 994 1272 legitur
1022 1188 1063 1252 ad
1092 1187 1281 1252 officiuma

133 1288 288 1370 ciuitate3
318 1297 427 1352 orator
455 1289 496 1352 ad
523 1287 681 1352 orandum
708 1289 843 1370 missus,
870 1290 918 1352 uti
944 1290 1009 1354 oris
1034 1293 1161 1356 ratione
1184 1311 1281 1375 expo·

133 1399 193 1452 nat
214 1388 248 1453 id
271 1389 359 1476 quod
382 1391 474 1478 petit.

105 1503 125 1543 ¹·
221 1506 372 1554 proauos
396 1499 428 1554 et
450 1497 578 1574 armos]
605 1491 664 1556 filii
697 1493 876 1556 masculino
894 1513 1015 1576 genere
1036 1499 1217 1580 ponuntur,
1245 1489 1282 1554 li-

134 1592 207 1656 beri
229 1593 263 1654 iu
286 1601 426 1680 utroque
452 1613 550 1674 sexu3
579 1603 612 1656 et
635 1592 720 1678 quod
743 1593 802 1658 filii
825 1596 859 1658 in
884 1615 1018 1658 numero
1042 1593 1201 1679 singulari
1221 1613 1284 1656 uo-

135 1695 204 1758 cari
227 1701 376 1781 possunt,
397 1693 491 1758 liberi
514 1716 579 1758 nou
601 1703 802 1780 possunt-
823 1717 918 1760 nemo
941 1697 1027 1759 enim
1051 1695 1131 1760 dicit
1149 1693 1205 1780 qui
1226 1693 1282 1758 ha·

135 1796 191 1860 bet
201 1817 303 1859 unum
319 1794 438 1858 filium:
455 1801 567 1858 ‘unum
582 1794 722 1860 liberum
734 1795 985 1861 haben-item
998 1795 1086 1883 quod
1102 1795 1162 1859 filii
1177 1795 1282 1857 omnis

140 1935 270 1984 innoxius
293 1933 339 1999 qui
357 1949 411 1984 uoa
429 1935 507 1984 nouit
524 1933 645 1985 nocere.'
664 1961 697 1972 -
733 1935 845 1986 Servius
865 1936 933 1986 Aen.
953 1935 977 1986 X
995 1933 1059 1986 302:
1079 1935 1226 1984 ‘Innocens
1240 1935 1283 1983 est

138 2003 182 2051 cui
205 2017 261 2052 nou
282 2007 412 2063 nocetur,
437 2003 564 2052 innoxius
590 2004 637 2068 qui
659 2019 713 2052 nou
737 2005 814 2053 nouit
832 2019 945 2064 nocere3
969 2004 1018 2053 sed
1035 2002 1087 2052 hoc
1105 2007 1205 2068 poetae
1224 2002 1283 2066 ple·

137 2085 250 2135 rumque
270 2069 460 2120 contundunt)
483 2071 601 2120 ‘Nonius
620 2089 645 2136 p.
665 2072 728 2120 444:
750 2072 894 2122 ‘Innocens
914 2079 941 2122 et
958 2073 1104 2120 innocuum
1118 2071 1169 2120 hoc
1187 2069 1282 2130 distat,

138 2138 207 2202 qnod
225 2139 262 2188 sit
281 2139 414 2188 iuaooeus
432 2153 487 2188 nou
505 2155 617 2200 uocans,
637 2139 783 2189 innocuum
801 2135 946 2190 iulaesum.
966 2139 1099 2204 Virgilius
1118 2138 1165 2187 lib.
1184 2138 1222 2188 X:
1246 2137 1283 2186 Et

140 2205 235 2255 sedere
255 2206 369 2255 carinae
388 2206 490 2256 Omnes
510 2203 666 2256 innocuae)
1077 2251 1081 2260 .

204 2274 311 2324 Laniat
323 2273 448 2323 lancinat
465 2272 582 2340 lacerat]
597 2275 621 2324 G
639 2292 665 2340 p.
683 2273 717 2324 94
735 2291 761 2324 u.
775 2273 821 2324 76:
842 2275 961 2336 ‘Leniat
983 2274 1028 2338 qui
1041 2273 1213 2322 membratim
1227 2271 1283 2320 dis-

140 2342 235 2400 tendit,
257 2341 365 2391 lacerat
384 2343 429 2406 qui
452 2343 579 2408 partibus
598 2343 655 2391 suis
674 2343 796 2392 membra
814 2342 949 2399 destituit,
970 2341 1095 2390 lancinat
1114 2341 1159 2404 qui
1179 2338 1282 2388 inutili·

141 2416 181 2458 ter
198 2409 321 2459 membra
340 2408 484 2474 decerpit)
522 2410 547 2458 H
565 2427 591 2475 p.
610 2409 655 2458 20:
677 2411 789 2459 ‘Leniat
807 2426 867 2460 cum
886 2409 1058 2460 membratim
1077 2407 1222 2470 discerpit,
1243 2405 1283 2455 la·

141 2483 217 2527 cerat
240 2477 287 2540 qui
311 2477 437 2542 partibus
455 2478 578 2528 membra
596 2477 737 2540 destituit,
758 2477 875 2539 lanciat,
895 2478 942 2542 qui
959 2476 1069 2526 mutilat
1087 2473 1209 2525 membra
1228 2473 1283 2522 dis-

141 2543 247 2610 cerpit)
285 2543 309 2593 R
329 2561 359 2662 p
384 2543 446 2595 313:
477 2546 568 2595 ‘Inter
591 2545 681 2596 laniat
708 2546 816 2596 lacerat
838 2545 964 2596 lancinat
989 2549 1016 2594 ot
1040 2539 1151 2606 scindit]
1176 2541 1284 2591 lacerat

142 2611 271 2669 mambra,
290 2627 327 2660 un
348 2613 463 2663 aetiam
475 2611 606 2664 lacernae
625 2621 728 2676 nestero,
747 2614 817 2678 quod
836 2619 900 2664 suut
913 2618 1034 2662 extrema
1053 2613 1094 2661 sui
1112 2614 1190 2675 parte
1209 2608 1284 2658 lace·

142 2687 231 2742 ratae;
250 2680 343 2729 laniat
362 2681 406 2744 qui
419 2681 541 2730 membra
559 2681 588 2730 in
606 2683 730 2748 proprias
748 2681 847 2731 diuidit
865 2686 968 2748 partes,
986 2678 1050 2728 inde
1069 2678 1160 2728 lanius
1172 2676 1284 2736 dieitur,

143 2749 223 2798 etiam
247 2747 338 2798 laniat
362 2748 485 2814 capillos.
528 2749 637 2814 quidam
661 2756 841 2815 putauerunt,
867 2749 974 2798 laneiat
991 2751 1098 2796 uestem
1117 2745 1195 2810 quasi
1213 2743 1283 2793 lani·

142 2815 197 2864 eiat
215 2815 287 2881 qnod
305 2815 340 2864 ab
359 2815 473 2866 laniciis
492 2815 614 2878 dicatum
639 2817 688 2866 alii
711 2817 828 2866 laniciat
851 2816 941 2882 quoad
964 2815 1135 2881 lanuginem,
1162 2812 1232 2878 quod
1251 2827 1285 2860 ex

144 2881 206 2932 lana
224 2883 261 2934 sit
280 2881 459 2934 coniectum!
478 2911 510 2919 —
547 2883 648 2934 Paulus
667 2887 743 2935 Festi
767 2902 792 2950 p.
816 2885 876 2934 117:
897 2885 1050 2934 ‘Lacerare
1069 2880 1193 2931 diuidere
1213 2895 1285 2929 com·

143 2949 262 3002 minuere
276 2957 333 3010 θεὶς
346 2967 379 3000 ex
392 2967 444 3016 quo
457 2951 548 3002 dictus
561 2957 603 3002 est
616 2952 720 3016 lanius,
741 2953 785 3018 qui
799 2952 979 3002 discindendo
991 2951 1099 3001 lacerat
1111 2963 1225 3014 pecora3
1244 2947 1285 2996 la·

144 3019 216 3068 ciale
228 3020 299 3084 quod
312 3035 377 3085 pars
390 3021 549 3069 aestimanti
560 3025 615 3080 est;
629 3021 743 3070 lacerna
756 3022 826 3085 quod
839 3021 927 3070 minus
941 3019 1045 3084 capitio
1057 3019 1106 3076 sit3
1124 3017 1202 3066 lacer
1215 3015 1285 3080 quod

144 3087 253 3137 auribus
272 3087 390 3138 curtatis
408 3093 451 3136 est
470 3093 498 3138 et
515 3087 647 3150 lacerum,
666 3089 845 3153 quodcunque
860 3093 902 3138 ost
916 3089 943 3138 in
961 3102 1074 3151 corpora
1093 3081 1284 3134 imminutum)

210 3155 311 3204 Lustra
325 3155 457 3221 producte
477 3161 504 3204 et
517 3155 604 3204 lustra
623 3153 759 3220 correpte]
774 3156 797 3206 G
811 3173 836 3220 p.
856 3155 889 3204 79
907 3171 933 3204 n.
953 3156 982 3203 4:
1003 3157 1115 3204 ‘Lustra
1133 3157 1196 3203 aunt
1209 3157 1286 3202 certa

144 3229 278 3288 tempora,
308 3223 397 3274 lustra
426 3221 544 3273 latibula
571 3223 691 3273 ferarum
716 3223 760 3274 uel
783 3224 902 3290 turpium
925 3223 1062 3273 hominurn
1086 3215 1286 3284 receptacula)

146 3289 239 3340 eadem
256 3291 315 3356 Hp.
327 3289 358 3346 8,
376 3291 431 3340 uisi
449 3291 519 3356 qnod
537 3307 585 3356 pro
600 3290 737 3356 ‘turpium'
757 3306 900 3356 perperam
915 3288 1024 3354 ‘turpia'
1039 3289 1203 3354 praebet—
1215 3287 1285 3335 Pau·

144 3357 188 3406 lus
204 3359 278 3408 Pesti
297 3376 324 3424 p.
346 3357 405 3406 120:
427 3359 537 3410 ‘Lustra
556 3359 715 3424 significant
733 3359 849 3408 lacunas
867 3358 986 3418 lutosus,
1012 3372 1083 3422 quae
1109 3359 1173 3404 sunt
1191 3355 1219 3402 in
1238 3353 1287 3402 sil·

145 3427 188 3474 uis
210 3441 334 3490 aprorum
364 3426 476 3476 cubilia.
518 3441 535 3474 a
559 3443 612 3490 qua
640 3427 821 3478 similitudine
844 3426 886 3486 1ιί,
916 3427 963 3491 qui
986 3427 1014 3474 in
1037 3424 1106 3473 locis
1131 3421 1234 3470 abditis
1259 3425 1287 3470 at

146 3493 258 3543 sordidis
277 3495 367 3544 uentri
392 3499 420 3543 et
438 3493 561 3544 desidiae
581 3511 692 3560 operam
706 3495 782 3553 dant,
802 3495 930 3544 dicuntur
942 3493 970 3542 in
983 3491 1077 3542 lustris
1091 3490 1177 3538 uitam
1192 3503 1285 3553 agere.

146 3567 174 3610 et
198 3577 275 3625 qaum
299 3562 420 3612 eiusdem
451 3561 580 3612 uocabuli
604 3565 692 3627 prima
716 3563 825 3626 syllaba
849 3561 1018 3627 producitur,
1051 3557 1191 3623 siguificat
1213 3571 1287 3606 uuna

148 3635 251 3694 ternpus
270 3631 474 3694 quinquennale
494 3645 565 3678 nuno
584 3630 677 3695 populi
695 3628 905 3680 lustrationem)

213 3699 347 3764 Legatum
366 3705 394 3746 ct
411 3695 558 3762 oratorem]
578 3697 601 3746 G
620 3715 645 3763 p.
664 3697 698 3748 93
717 3715 742 3748 n.
762 3699 809 3746 aaz
834 3699 966 3761 ‘Legatos
990 3692 1094 3742 electus
1113 3697 1155 3742 est
1174 3691 1209 3740 ad
1227 3691 1287 3740 olli·

148 3765 218 3814 cium
235 3783 252 3816 a
270 3767 387 3816 ciuitate
407 3771 435 3815 et
452 3772 495 3816 est
513 3771 718 3826 sacrosanctus,
742 3771 834 3816 orator
853 3764 887 3814 ad
905 3762 1034 3812 orandum
1055 3761 1165 3820 missus,
1185 3765 1215 3808 ut
1232 3759 1288 3810 oria

146 3835 250 3884 ratione
270 3839 392 3900 exponat
410 3833 480 3897 quod
499 3831 587 3898 petit’
616 3835 643 3882 Η
661 3851 687 3899 p.
710 3831 752 3882 16:
773 3835 910 3896 ‘Legatos
930 3830 1035 3880 electus
1053 3833 1095 3878 est
1114 3827 1148 3878 ad
1167 3827 1287 3877 osticium

147 3915 165 3950 a
183 3902 294 3952 ciuitate
319 3901 347 3952 id
371 3907 413 3951 est
430 3906 542 3962 senaim
568 3906 662 3952 orator
685 3902 719 3952 ad
737 3901 868 3950 orandum
891 3899 1002 3958 missus,
1026 3903 1056 3946 ut
1074 3895 1130 3946 oris
1154 3895 1288 3945 rationem

147 3969 176 4018 in
196 3985 243 4034 quo
259 3971 330 4034 petit
348 3968 532 4034 agnoscatur’

214 4039 327 4088 Liberos
346 4043 374 4087 et
392 4035 475 4102 lilios]
494 4036 517 4087 G
535 4053 562 4102 p.
583 4035 628 4086 101
648 4052 673 4087 ιι.
696 4034 757 4085 188:
778 4035 853 4085 ‘Filii
866 4033 1017 4084 masculino
1030 4045 1130 4097 genera
1143 4034 1287 4096 ponuntur,

230 4173 392 4236 tmembra
404 4173 580 4255 decerpitM
592 4168 605 4255 ll
621 4171 834 4262 rproductpM
845 4165 860 4254 ll
876 4181 1034 4248 correptae
1044 4170 1078 4226 M
1089 4163 1102 4248 ll
1117 4177 1247 4231 Boratur
1258 4168 1291 4225 M

149 4255 162 4340 ll
183 4260 251 4321 ioris
265 4262 386 4320 ratione
402 4262 433 4317 M
446 4254 459 4338 ll
475 4269 491 4322 9
505 4259 536 4319 id
550 4263 685 4318 Manilius
698 4262 717 4316 l.
734 4276 826 4332 supro
840 4277 883 4316 c.:
907 4254 983 4314 inid
1002 4256 1035 4312 M
1052 4248 1065 4334 ll
1091 4263 1118 4316 ll
1139 4255 1169 4311 in
1185 4271 1289 4310 nume·

148 4365 212 4404 rum
231 4346 416 4424 singularem
439 4347 560 4404 sorarai
581 4340 595 4426 ll
617 4343 720 4402 uocari
743 4345 863 4418 scripsi:
893 4338 1032 4400 reuocari
1047 4341 1078 4398 M
1093 4335 1106 4420 ll
1124 4347 1155 4401 13
1170 4337 1212 4399 fili
1227 4338 1260 4395 M
1276 4335 1288 4418 ll

149 4425 213 4489 or'na
229 4429 418 4490 conditiones
429 4431 463 4489 M
