3064 5064
265 389 323 456 tat
640 405 682 450 aa
704 405 791 450 vrurs
815 403 1028 450 rsavsraravs

262 557 403 622 Liuiano
431 555 472 620 ob
499 554 654 619 honorem
674 554 806 619 Liuiae.
849 555 946 618 tertia
972 552 1131 616 hieratica
1152 551 1239 616 dicta
1259 569 1296 616 eo
1316 549 1404 637 quod

263 659 304 723 ad
331 679 441 722 saeuos
471 656 571 720 libros
596 656 795 739 eligebatur,
825 653 941 718 similis
963 654 1152 738 Augusteae
1173 650 1232 716 sed
1255 649 1403 716 subcolo-

263 768 344 825 rata.
389 767 505 846 quarta
525 755 716 822 Taeniotica
739 755 848 821 alocc
868 755 1091 819 Alexandriae
1114 756 1169 840 qui
1190 755 1236 816 lta
1256 762 1403 831 uocetur,

263 860 320 924 ubi
342 860 452 923 fiebat.
495 859 609 944 quinta
631 858 753 922 Saitica
775 857 817 922 ah
839 856 958 943 oppido
981 855 1047 920 Sal.
1090 864 1184 919 sexta
1208 852 1405 918 Corneliana

263 983 283 1024 a
296 960 448 1026 Cornelio
464 958 561 1024 Gallo
578 956 743 1045 praefecto
757 959 902 1044 Aegypti
915 957 1054 1042 primum
1070 955 1230 1020 confecta.
1264 956 1427 1039 septimas

264 1063 475 1149 emporetica,
504 1059 591 1146 quod
614 1081 653 1124 ea
675 1081 799 1126 merces
821 1058 1050 1142 inuoluuntur,
1079 1078 1152 1121 cum
1170 1057 1214 1122 sit
1232 1055 1405 1146 scripturis

263 1163 371 1228 minus
393 1160 521 1227 idonea.

341 1261 544 1347 'Pergameni
572 1283 667 1347 reges
695 1283 768 1324 cum
801 1270 892 1325 carta
921 1259 1108 1344 indigerent
1128 1257 1318 1322 membrana
1337 1256 1405 1341 pri·

263 1387 350 1429 mam
380 1365 661 1450 excogitauerunt.
711 1360 900 1426 membrana
926 1358 1096 1442 dicuntur,
1131 1361 1209 1447 quia
1234 1379 1276 1422 ex
1304 1379 1405 1420 mem-

263 1467 332 1536 bris
362 1464 524 1550 pecudum
550 1463 775 1559 detrahuntur.
826 1461 948 1526 fiebant
981 1469 1088 1524 autem
1117 1462 1257 1547 primum
1285 1457 1441 1522 colorisu

264 1567 358 1646 lutei,
388 1564 420 1628 id
444 1576 494 1630 est
516 1564 640 1646 crocei3
671 1573 786 1650 postea
807 1585 883 1628 uero
908 1560 1196 1631 Romaeeandida
1216 1559 1406 1624 membrana

264 1676 394 1752 reperta
413 1677 498 1750 sunt.
537 1664 625 1752 quod
640 1666 791 1752 apparuit
807 1661 952 1727 inhabile
966 1683 1048 1743 esse,
1070 1661 1156 1748 quod
1173 1671 1207 1726 ct
1219 1659 1321 1728 -laeile
1337 1681 1404 1724 scr·

264 1757 400 1832 deceant
432 1769 600 1852 aciemque
630 1764 806 1850 legentium
829 1763 977 1842 laedant,
1006 1785 1080 1826 cum
1102 1749 1273 1850 peritiores
1300 1759 1406 1824 archi·

263 1867 341 1932 tacti
362 1890 466 1955 neque
492 1887 592 1931 aurea
619 1865 786 1930 lacunaria
813 1863 964 1952 ponenda
991 1865 1025 1928 in
1053 1862 1261 1928 bibliothecis
1290 1868 1407 1946 putent

264 2089 326 2140 heis
343 2089 543 2152 uoluminibus,
567 2105 627 2138 mox
652 2093 680 2138 et
698 2088 808 2154 priuata
825 2087 920 2136 linteis
939 2086 1038 2137 confici
1056 2091 1155 2152 coepta
1174 2091 1222 2135 aut
1240 2083 1319 2134 ceris.
1355 2097 1405 2148 pu-

265 2157 404 2224 gillarium
423 2158 495 2206 enim
513 2171 590 2206 usum
603 2157 688 2205 luisse
709 2156 793 2204 etiam
806 2159 870 2204 ante
888 2154 1010 2204 Troiana
1022 2161 1146 2219 tempora
1165 2151 1406 2215 inuenimnsapnd

266 2225 426 2284 Homerum3
452 2224 499 2274 illo
517 2239 583 2274 uero
608 2223 740 2288 prodente
764 2237 798 2271 ne
818 2229 918 2272 terram
938 2222 1047 2285 quidem
1066 2223 1153 2286 ipsam
1172 2235 1242 2284 quae
1261 2233 1333 2268 nunc
1351 2221 1405 2266 Ae-

265 2299 365 2358 gyptus
384 2291 539 2358 appelletur
557 2291 740 2354 intellegitur,
766 2305 826 2338 cum
844 2290 874 2338 in
893 2289 1077 2352 Sebennytico
1101 2295 1127 2338 ct
1146 2289 1222 2337 Saite
1248 2287 1307 2336 cius
1324 2301 1406 2334 nomo

265 2361 352 2410 omnis
371 2359 468 2410 charta
485 2364 624 2419 nascatur,
644 2363 742 2423 postea
761 2357 961 2420 adaggeratam
979 2356 1052 2417 Nilo,
1071 2356 1206 2421 siquidem
1224 2371 1241 2404 a
1256 2353 1345 2404 Pharo
1364 2353 1406 2400 in-

266 2426 326 2477 sula
344 2442 415 2492 quae
433 2442 504 2478 nune
524 2425 710 2476 Alexandriae
723 2435 806 2490 ponte
821 2425 943 2488 iungitur
960 2425 1050 2473 noetis
1063 2423 1173 2487 dieique
1187 2421 1296 2471 uelitieo
1309 2422 1407 2484 nauigi

265 2511 347 2544 cursu
366 2495 468 2544 afuisse
486 2493 614 2559 prodidit.
650 2509 712 2542 ruox
731 2490 915 2541 aemulatione
938 2492 1014 2540 circa
1030 2491 1215 2540 bibliothecas
1233 2503 1327 2552 regum
1340 2489 1406 2536 Pto·

264 2563 367 2612 lemaei
391 2567 419 2610 et
442 2561 572 2610 Eumenis
596 2561 781 2626 supprimente
801 2557 913 2618 chartas
935 2558 1094 2608 Ptolemaeo
1117 2557 1189 2606 idem
1213 2556 1298 2607 Varro
1322 2569 1406 2604 mem·

264 2631 367 2679 branae
385 2629 513 2693 Pergami
532 2629 618 2676 tradit
640 2633 773 2691 repertas.
813 2631 911 2691 postea
930 2627 1083 2690 pronriecue
1102 2625 1193 2690 patuit
1210 2639 1275 2672 usus
1293 2623 1332 2672 rei
1352 2637 1408 2687 qua

266 2701 376 2746 constat
401 2695 586 2745 inmortalitas
609 2695 755 2744 hominum.
797 2695 935 2759 Papyrum
959 2707 1023 2757 crgo
1046 2694 1171 2742 nascitur
1192 2692 1219 2742 in
1237 2690 1407 2756 palustribus

265 2765 385 2828 Aegypti
404 2769 452 2811 aut
470 2761 675 2826 quiescentibus
693 2761 751 2810 Nili
769 2762 848 2826 aquis
867 2785 961 2810 .......
986 2761 1109 2810 nascitur
1133 2766 1161 2808 ct
1182 2761 1211 2808 in
1230 2759 1310 2822 Syria
1328 2759 1407 2807 circa

267 2845 347 2896 quem
366 2829 496 2878 odoratus
516 2829 562 2878 ille
576 2828 698 2877 calamus
719 2827 809 2877 lacum
905 2842 991 2892 nuper
1020 2833 1047 2876 ct
1072 2827 1098 2875 in
1122 2826 1262 2891 Euphrate
1286 2839 1407 2874 nascens

267 2898 344 2947 circa
363 2896 532 2959 Babylonem
551 2897 682 2960 papyrum
702 2895 874 2944 intellectum
898 2903 940 2944 cst
959 2895 1075 2944 eundem
1098 2909 1177 2943 usum
1201 2893 1303 2943 habere
1327 2891 1408 2940 char·

266 2971 363 3013 tae...
392 2965 578 3028 Praeparetur
601 2977 633 3012 ex
656 2977 688 3012 eo
713 2963 809 3011 charta
833 2963 921 3011 diuiso
945 2977 997 3011 acra
1020 2963 1048 3011 in
1071 2963 1230 3026 praetenuis
1254 2959 1301 3010 scd
1324 2975 1407 3024 quarn

266 3031 418 3080 latissimas
447 3030 578 3094 philyrae.
619 3031 793 3094 principatus
817 3029 907 3079 medic
935 3036 1018 3094 atque
1046 3029 1108 3078 inde
1136 3029 1273 3078 scissurae
1301 3027 1407 3077 ordine.

265 3097 403 3164 hieratica
422 3097 617 3162 appellabatur
635 3097 788 3161 antiquitus
806 3097 944 3160 religiosis
968 3101 1074 3146 tantum
1096 3096 1280 3146 uoluminibus
1302 3095 1408 3156 dicata,

266 3181 337 3231 quae
357 3164 516 3214 adulatione
536 3164 651 3229 Augusti
665 3179 762 3214 nomen
776 3165 896 3229 accepit,
915 3165 987 3213 sieut
1000 3164 1123 3214 secunda
1136 3163 1236 3213 Liuiae
1254 3179 1270 3212 a
1289 3162 1408 3226 coniuge

266 3233 334 3281 eius.
371 3233 412 3281 ita
430 3231 574 3282 descendit
592 3231 728 3282 hieratica
745 3233 774 3282 in
792 3234 903 3281 tertium
922 3246 1028 3281 nomon.
1058 3245 1216 3295 proxumum
1235 3229 1409 3294 amphithea-

266 3301 354 3349 tricae
368 3300 461 3348 clatum
474 3301 565 3349 fuerat
579 3315 595 3348 a
609 3301 788 3349 confecturae
801 3299 870 3350 loeo.
897 3300 1006 3364 excepit
1021 3299 1092 3348 hanc
1100 3299 1202 3348 Romae
1216 3297 1306 3352 Fanni
1319 3311 1410 3360 sagax

265 3367 387 3426 officina,
407 3373 602 3431 tenuatamque
621 3369 730 3416 curiosa
748 3367 960 3432 interpolatione
979 3365 1159 3432 principalem
1174 3366 1243 3415 lecit
1261 3382 1275 3414 e
1294 3365 1409 3430 plebeia

267 3441 295 3484 ot
312 3449 412 3484 nornen
430 3433 506 3483 dedit
525 3435 560 3483 ei.
598 3449 666 3498 quac
687 3449 740 3484 non
759 3441 832 3485 essct
850 3434 891 3484 ita
909 3439 1046 3496 recurata,
1067 3435 1094 3482 in
1113 3449 1161 3483 auo
1180 3435 1281 3483 mansit
1301 3431 1409 3498 amphi-

266 3501 413 3550 theatrica.
449 3505 511 3565 post
529 3502 600 3550 hanc
615 3501 721 3550 Saitica
741 3503 775 3550 ab
794 3503 893 3568 oppido
911 3503 958 3551 ubi
977 3516 1104 3551 maxuma
1123 3500 1255 3550 fertilitas
1274 3517 1307 3550 ex
1326 3498 1408 3550 uilio·

266 3570 341 3619 ribus
360 3570 504 3630 ramentis,
528 3569 690 3634 propiorque
715 3569 864 3618 etiamnum
883 3569 979 3618 cortici
999 3570 1165 3620 'l‘aeniotlca
1189 3569 1317 3618 auicino
1335 3567 1408 3630 loco,

267 3637 386 3702 pondere
410 3637 464 3685 iam
488 3635 559 3684 haee
581 3651 635 3684 uon
655 3637 779 3686 bonitate
797 3635 913 3688 uenalis.
950 3651 1012 3685 uam
1033 3637 1195 3702 emporitica
1214 3636 1320 3686 inutilis
1339 3635 1408 3684 scri·

353 3822 513 3885 lLiaiana
538 3825 694 3880 Arevalus:
723 3822 839 3881 llbiana
858 3823 971 3882 Monac.
996 3823 1138 3904 Libyana
1163 3828 1244 3899 culpo
1264 3818 1278 3905 Η
1298 3823 1409 3884 Liuiae

267 3911 422 3982 Arsacias:
454 3904 573 3985 Libyae
594 3905 714 3984 (libiae)
744 3907 921 3986 prouinciae
941 3912 1010 3966 libri
1027 3903 1040 3986 ΙΙ
1063 3909 1218 3968 hieranica
1240 3912 1291 3967 Ga.
1321 3901 1410 3988 11Ιὸ

266 3991 411 4048 terriotica
436 3991 549 4049 Monac.
578 3994 761 4050 ceoneocica
790 3994 841 4049 Ga.
870 3999 885 4048 l
910 3987 924 4074 Η
950 4009 967 4054 t
996 3993 1046 4051 ubi
1072 4013 1125 4051 om.
1152 3997 1266 4052 Monac.
1298 3997 1350 4052 Ga.
1380 4001 1408 4054 1.

269 4069 325 4155 ²ll
356 4075 472 4133 Saitica
497 4079 579 4150 vulpe
607 4071 621 4156 [Ι
653 4075 726 4134 Salo
760 4079 842 4150 culpo
866 4070 879 4158 ΙΙ
911 4085 928 4139 6
957 4079 1122 4156 emptorica
1154 4081 1208 4136 Gra.
1238 4075 1286 4159 Ill
1312 4080 1408 4158 scrip-

266 4161 325 4216 tori
354 4163 391 4216 ul.
432 4154 446 4241 ΙΙ
481 4163 697 4237 Spargameni
728 4163 843 4221 Mance.
878 4181 1062 4240 pergamena
1087 4166 1140 4221 Gra
1175 4170 1190 4220 1
1224 4181 1411 4243 pergamena

267 4311 319 4453 gu.
335 4315 356 4452 2!
368 4304 381 4388 ll
402 4309 526 4368 cartulis
542 4315 580 4367 al.
596 4307 609 4394 ΙΙ
624 4313 712 4392 primi
729 4317 781 4372 Ga.
799 4321 817 4371 2
831 4317 869 4372 al.
886 4308 899 4396 ΙΙ
918 4321 947 4375 12
963 4257 1075 4372 inhabile
1092 4309 1283 4396 dionaeum
1299 4325 1413 4393 putant

293 4414 321 4454 u·
725 4403 734 4418 ·
771 4423 777 4433 .
