3190 5098
708 305 812 346 csovr
835 304 858 345 11
1291 285 1349 346 411

211 479 368 519 numerum
379 458 475 531 addit,
492 477 582 538 quem
592 457 729 517 Isidorus
745 477 772 516 c.
784 457 914 517 XVIIII
929 467 958 528 1,
975 455 1027 535 qni
1044 458 1219 537 ceteroquin
1235 477 1302 515 cmn
1317 477 1353 516 eo

213 563 366 638 congruit,
394 561 510 634 omisit3
541 559 652 620 deinde
679 557 716 618 de
739 558 812 618 solis
830 557 937 639 eclipsi
959 577 990 636 p.
1013 567 1062 621 108
1079 557 1237 637 disputans
1253 557 1355 620 differt

213 661 251 722 ab
278 663 396 722 Isidoro
419 682 444 720 c.
467 662 548 734 XX,
570 661 625 721 sed
641 662 683 720 ita
697 669 731 719 ut
746 681 806 720 non
827 659 950 720 diversa
965 658 1004 719 ab
1026 679 1062 718 eo
1078 660 1180 720 tradat
1194 661 1248 722 sed
1263 663 1354 722 aliam

214 765 350 825 eiusdem
369 764 539 842 argumenti
554 773 672 842 partem
689 761 844 837 inlustret,
877 764 1027 822 consentit
1040 782 1144 822 rursus
1163 785 1192 844 p.
1217 775 1267 828 110
1287 785 1354 825 cum

142 896 144 900 ·
212 866 330 926 Isidoro
349 887 374 924 c.
391 866 474 926 XXI
489 863 527 923 de
545 864 652 943 eclipsi
666 864 776 938 lunae,
793 865 850 924 nisi
865 863 947 946 quod
966 863 1023 922 hoc
1040 864 1108 924 loco
1122 865 1233 926 Isidori
1251 867 1353 948 dispu-

142 955 144 958 ¹
212 969 287 1028 tatio
304 968 398 1028 multo
413 966 534 1027 uberior
548 977 604 1026 est.
635 985 744 1044 nempe
762 966 844 1046 apud
865 965 1059 1026 scholiastam
1076 965 1220 1047 absorpta
1241 977 1288 1028 est
1306 989 1352 1028 re·

212 1069 294 1130 licea
308 1089 378 1148 pars
392 1070 563 1147 fragmento
580 1068 661 1149 quod
671 1067 838 1128 Censorino
855 1067 1041 1148 adscriptum
1057 1077 1118 1144 est,
1135 1071 1166 1128 in
1184 1073 1268 1131 cuius
1282 1093 1353 1131 con·

213 1172 410 1231 sinuationem
427 1173 451 1232 is
467 1173 519 1252 qui
534 1171 653 1231 scholia
667 1171 698 1230 in
721 1171 800 1230 hanc
815 1172 943 1230 formam
958 1171 1078 1249 redegit
1091 1179 1191 1252 pauca
1204 1175 1300 1234 verba
1316 1195 1352 1235 ex

213 1273 366 1353 excerptis
382 1275 475 1352 priori
490 1273 558 1331 loco
574 1273 682 1352 positis
699 1273 859 1332 inmiscuit.
890 1273 998 1354 quibua
1021 1274 1159 1335 omnibus
1176 1275 1354 1336 adducimur

211 1385 244 1436 ut
259 1397 319 1436 nou
335 1377 463 1435 alterum
479 1375 608 1435 alterurn
623 1377 824 1455 exscripsisse
838 1375 894 1433 aed
910 1385 1070 1456 utrumque
1092 1398 1128 1436 ex
1153 1377 1261 1436 eodem
1277 1379 1353 1438 anti·

212 1497 271 1559 quo
287 1479 434 1557 scriptore
456 1478 595 1538 hausisse
617 1497 672 1536 sua
692 1486 868 1536 statuamus.
902 1477 982 1556 quod
1004 1478 1148 1538 iudicium
1163 1479 1355 1538 confirmatur

213 1583 257 1639 eis
274 1600 353 1660 quaa
373 1579 411 1638 dc
429 1581 530 1640 Arctis
549 1579 726 1640 Pleiadibus
742 1578 856 1640 Orione
872 1577 950 1638 Sirio
969 1579 1119 1639 sideribus
1135 1583 1353 1661 potentissimis

213 1683 267 1755 (cf.
282 1681 442 1760 Ampeliou
457 1683 486 1760 3)
505 1685 543 1743 ab
558 1693 687 1764 utroque
703 1685 889 1754 referuntur,
908 1684 938 1742 in
954 1682 1063 1764 quibus
1080 1684 1207 1746 alterum
1224 1685 1263 1744 ad
1278 1684 1352 1742 alte·

214 1786 275 1844 rias
293 1785 460 1842 orationem
476 1785 677 1865 supplendam
700 1785 812 1864 optime
832 1785 989 1846 adhibeas.

298 1886 428 1964 Seposui
448 1889 536 1947 unius
561 1887 615 1947 sed
637 1887 690 1946 vix
711 1887 896 1964 infringendi
917 1895 951 1945 ut
971 1885 1110 1946 Bechero
1127 1886 1248 1946 videtur
1266 1909 1353 1966 argu·

213 1992 307 2050 menti
318 1992 517 2062 mentionem,
534 1989 615 2048 uude
629 1988 842 2066 conligendum
859 2008 926 2048 csse
939 1995 1025 2066 putat
1037 1988 1233 2049 scholiastarn
1243 1991 1354 2050 Isidori

212 2093 321 2153 librum
338 2092 545 2172 exscripsisse.
576 2089 742 2150 scholiasta
762 2091 840 2150 enirn
861 2113 891 2170 p.
919 2099 976 2152 108.
995 2097 1043 2150 111
1059 2092 1147 2167 signa
1164 2093 1354 2170 tempestatis

214 2203 443 2256 enumeraturus
459 2193 566 2254 eadem
583 2195 772 2272 antiquorum
788 2192 961 2250 testimonia
977 2200 1104 2270 usurpat
1120 2213 1199 2273 quae
1218 2193 1353 2252 Isidorus

214 2319 238 2356 c.
255 2297 417 2358 XXXVII
433 2307 532 2358 1-5
552 2293 685 2371 adponit.
711 2296 771 2354 iarn
790 2293 913 2353 inverso
935 2313 1038 2352 eorum
1056 2293 1137 2372 apud
1158 2293 1353 2354 scholiastam

213 2399 320 2459 ordine
331 2397 459 2458 indicari
472 2396 775 2478 opinaturBechems
787 2396 895 2456 Isidori
906 2395 1013 2455 librum
1023 2397 1051 2456 ei
1063 2395 1101 2455 ad
1111 2397 1232 2456 mahom
1248 2397 1353 2456 luisse.

213 2504 297 2562 cuius
310 2502 478 2580 argumenti
488 2499 550 2558 rim
563 2517 631 2556 cum
645 2517 705 2564 non
719 2498 903 2577 perspiciam
918 2505 981 2557 tum
992 2497 1123 2558 Beckeri
1138 2498 1280 2558 indicium
1297 2499 1353 2558 sal·

213 2625 279 2664 sum
298 2625 365 2664 esse
381 2623 416 2663 eo
433 2603 519 2680 argui
534 2601 673 2660 existimo
691 2599 773 2678 quod
789 2601 877 2678 signa
894 2602 1084 2682 tempestatis
1100 2602 1131 2660 in
1147 2602 1211 2660 sole
1228 2609 1258 2660 ct
1271 2601 1353 2675 luna,

212 2727 292 2788 quae
304 2707 440 2766 Isidorus
456 2706 522 2764 sine
539 2702 734 2762 distinetione
748 2703 878 2781 profert,
896 2725 915 2762 a
926 2705 1091 2764 scholiasta
1118 2702 1215 2782 perite
1231 2721 1353 2782 separa·

213 2810 265 2868 tirn
276 2816 455 2868 tractantur.
478 2805 588 2866 deinde
602 2803 767 2864 scholiasta
778 2805 923 2864 Varronis
936 2803 1165 2885 1111111137,
1187 2803 1216 2882 5)
1232 2807 1355 2885 puriora

212 2909 341 2990 praebet
353 2929 442 2989 quam
454 2907 600 2968 Isidorus.
618 2914 649 2966 at
659 2925 698 2966 ne
714 2905 863 2965 Isidorum
874 2927 978 2968 rursus
990 2908 1029 2968 de
1043 2909 1208 2968 scholiasta
1218 2909 1354 2988 pendere

212 3023 363 3091 putemus,
375 3009 564 3090 praecedunt
574 3008 655 3088 apud
667 3029 735 3068 eum
747 3011 842 3086 siguis
853 3011 882 3068 in
891 3011 958 3070 sole
971 3021 1002 3070 et
1010 3011 1085 3072 luna
1095 3013 1269 3074 testimonia
1278 3013 1353 3072 Var-

213 3116 296 3174 ronis
311 3123 343 3172 et
354 3113 479 3172 Suetoni
496 3111 533 3170 de
547 3112 614 3170 aliis
627 3113 813 3188 praesagiis,
825 3104 952 3192 quorum
968 3133 1025 3172 nec
1037 3114 1108 3174 vola
1119 3134 1177 3173 nec
1192 3117 1354 3192 vestigium

214 3216 295 3296 apud
312 3215 507 3276 scholiastam
522 3222 615 3272 extat.
645 3213 705 3271 iarn
720 3213 875 3272 nominavi
896 3217 960 3275 eins
982 3235 1092 3276 nornen
1109 3235 1199 3296 quem
1222 3213 1354 3277 commu·

197 3339 282 3379 κ1111
299 3326 451 3378 auctorem
472 3335 540 3375 esse
558 3314 667 3375 Isidori
692 3321 722 3372 et
738 3314 923 3378 scholiastae
939 3337 1117 3398 persuasum
1138 3317 1246 3378 habeo.
1275 3319 1353 3378 vidi-

214 3439 278 3478 mus
298 3421 377 3478 enim
391 3419 543 3479 Isidorum
559 3419 705 3480 Suetonio
720 3421 909 3499 potissimum
926 3421 956 3478 in
976 3418 1053 3478 lihro
1070 3418 1108 3478 de
1125 3429 1234 3480 natura
1254 3441 1354 3480 rerum

213 3541 299 3581 usum
315 3541 393 3581 esse.
417 3522 501 3600 atqui
520 3541 587 3581 curn
603 3522 769 3594 scholiasta
783 3541 849 3580 cnm
866 3541 901 3580 eo
918 3531 1065 3597 congruat
1081 3531 1111 3580 et
1128 3525 1171 3582 ita
1186 3523 1309 3603 quidem
1321 3533 1354 3582 ut

215 3645 283 3684 eum
303 3645 363 3684 non
386 3625 425 3684 ab
439 3624 522 3684 illius
538 3627 718 3685 auctoritate
731 3624 866 3704 pandere
889 3633 1010 3702 pateat,
1032 3643 1092 3682 non
1113 3623 1264 3684 dubitabis
1281 3627 1353 3705 quin

214 3727 379 3786 scholiasta
396 3747 518 3808 quoque
534 3727 577 3790 do
591 3729 718 3810 Suetoni
732 3729 831 3807 pratis·
848 3745 927 3807 quac
948 3724 988 3784 ad
1010 3745 1095 3784 suain
1116 3747 1180 3786 rem
1200 3729 1354 3806 pertinere

213 3827 390 3888 viderentur
402 3829 601 3909 decerpserit.
615 3830 722 3889 eodem
734 3839 858 3889 auctore
868 3847 941 3887 usus
958 3828 1255 3906 estVergilianorum
1267 3830 1353 3890 scho·

213 3928 321 3988 liorum
352 3933 490 3992 recensio
520 3953 598 4012 quac
626 3931 731 3992 codice
759 3931 1003 4012 Guelferbytano
1035 3941 1297 4008 repraesentatur,
1324 3935 1354 3991 iu

214 4051 274 4110 qua
296 4031 333 4090 de
354 4031 447 4093 lunae
467 4033 636 4113 praesagiis
660 4034 767 4094 eadem
784 4033 870 4094 Arati
891 4043 922 4093 et
941 4032 1057 4112 Nigidii
1074 4035 1248 4094 testimonia
1269 4033 1353 4094 adfe-

214 4142 329 4193 runtur.
355 4155 434 4215 quae
450 4135 568 4196 Isidoro
582 4137 633 4197 vel
649 4133 832 4196 scholiastae
850 4137 1025 4197 Germanici
1042 4135 1146 4196 deberi
1161 4157 1222 4196 non
1239 4139 1354 4217 poteris

214 4235 333 4308 dicere,
362 4257 430 4295 eum
449 4236 488 4296 ab
504 4237 561 4297 hoc
579 4238 793 4320 testeillorum
813 4238 958 4298 memoria
978 4259 1014 4298 eo
1040 4239 1200 4318 expleatur
1215 4240 1296 4318 quod
1316 4239 1354 4298 de

212 4336 290 4396 libro
306 4337 411 4416 Nigidi
433 4340 485 4419 qui
501 4338 557 4398 suit
572 4339 610 4400 de
630 4340 729 4400 ventis
746 4349 872 4421 quartus
894 4343 1039 4402 certiores
1059 4361 1115 4402 uos
1139 4341 1242 4402 faciat.
1280 4361 1352 4424 quo·
1433 4325 1435 4330 ⁵
