3190 5098
706 383 811 432 carun
833 385 846 430 t
1282 367 1344 436 393
1416 379 1421 392 ’

201 539 386 602 scholiastae
399 540 597 620 vitamponi,
618 541 706 620 sequi
720 540 950 602 Suetonianam.
982 541 1088 622 itaque
1107 551 1346 608 consentaneum

203 649 264 718 est,
289 641 320 700 in
345 642 445 721 capite
469 641 551 701 vitae
571 650 694 720 praeter
713 643 838 704 nomina
861 643 990 722 poetae,
1014 661 1095 724 qnae
1118 643 1148 702 in
1171 643 1344 726 Montepes·

202 743 311 803 salano
328 741 407 803 libro
425 745 483 822 (lli)
498 763 538 803 ex
550 744 737 826 Hieronymo
752 743 857 804 addite
873 753 958 819 sunt,
975 747 1101 806 omissas
1115 765 1183 808 esse
1199 765 1219 806 a
1235 745 1346 808 scholi·
1411 751 1417 760 “

203 852 271 906 csta
283 852 450 926 temporum
461 846 644 921 notationes,
657 865 734 928 quas
746 847 837 926 plene
848 856 1029 928 persecutus
1041 855 1123 908 esset
1134 849 1164 909 in
1176 849 1241 910 vita
1251 849 1346 930 priori

189 945 272 1034 *loco
286 946 396 1026 posita.
411 947 509 1009 ¹cuius
521 949 650 1028 scriptor
669 947 816 1010 Suetonio
833 959 940 1029 aperte
957 967 1031 1010 usus
1050 958 1111 1025 est,
1136 951 1192 1012 sed
1216 951 1260 1012 ita
1279 951 1345 1034 qui·

204 1047 288 1121 dora,
304 1057 337 1108 ut
352 1051 472 1130 patroni
483 1059 587 1128 partes
603 1058 709 1110 contra
722 1048 903 1112 Suetonium
915 1050 1148 1114 obtrectatorem
1160 1062 1241 1130 agat.
1264 1053 1346 1135 quod

205 1158 239 1210 ut
252 1150 402 1230 ‘probaret
417 1151 576 1212 Webcrus·
590 1159 662 1232 apte
682 1152 762 1212 inter
781 1169 815 1212 se
836 1152 915 1214 haec
936 1155 1107 1234 conposuit:
1137 1153 1243 1218 Vacca
1256 1175 1285 1236 p.
1302 1163 1346 1228 77,

207 1259 328 1332 lisqq.:
360 1257 510 1312 certornr’ne
526 1259 713 1328 paracterica
733 1263 796 1315 acto
811 1296 841 1314 ..
860 1301 865 1313 .
882 1258 1010 1316 immas
1029 1259 1191 1315 resitetiam
1210 1259 1347 1318 Neronem

202 1355 301 1428 saera!
318 1363 469 1414 coronatas
482 1365 509 1414 et
528 1371 567 1414 ere
583 1364 704 1430 tempore
726 1357 838 1431 manea
854 1363 989 1432 sumptam
1012 1362 1041 1416 in
1055 1361 1272 1434 experimentum
1287 1401 1295 1419 .
1313 1403 1321 1419 .
1339 1405 1346 1420 .

204 1458 300 1534 edidit3
331 1454 496 1518 Suetonius
517 1477 547 1536 p.
563 1467 614 1531 5⁰,
634 1467 718 1538 3sq.:
746 1461 842 1534 prima
861 1463 963 1534 inponis·
980 1464 1171 1534 experimenta
1185 1465 1215 1519 in
1229 1461 1348 1522 Neronr's

204 1560 330 1618 laudibus
352 1561 433 1623 deaii.
474 1558 529 1620 sed
556 1579 618 1620 non
645 1559 711 1620 solo
735 1559 881 1620 Suetonio
909 1580 977 1621 enm
1002 1581 1087 1622 usum
1114 1580 1182 1623 esse
1209 1562 1346 1644 adparet,

206 1678 273 1720 curn
292 1659 345 1720 hic
367 1659 432 1720 illic
453 1660 546 1720 multo
564 1659 706 1740 pleniore
725 1661 844 1739 tradat,
864 1671 898 1722 ut
913 1681 980 1724 curn
997 1663 1139 1724 cautione
1156 1661 1348 1728 adhibendus

204 1761 259 1832 ait,
276 1760 361 1820 cuius
376 1763 557 1822 testimoniis
579 1763 644 1822 vita
660 1763 789 1824 Suetoni
805 1763 994 1845 suppleatur.
1024 1775 1116 1846 atque
1132 1766 1234 1846 potuit
1256 1766 1348 1829 facile

206 1863 273 1924 eius
292 1863 422 1942 scriptor
439 1864 619 1944 antiquioris
643 1865 828 1927 scholiastae
849 1868 942 1928 vitam
966 1865 1157 1941 exscribere,
1191 1885 1258 1928 cum
1280 1889 1347 1930 eum

205 1965 340 2027 Vaccam
355 1985 423 2026 csse
438 1974 705 2028 commentatorem
717 1967 835 2028 Lucani
851 1968 985 2029 feliciter
1000 1967 1177 2048 indagatum
1193 1971 1232 2030 sit
1244 1991 1263 2029 a
1273 1971 1347 2031 We·

205 2066 278 2128 bero
293 2067 314 2128 l.
330 2087 357 2126 c.
373 2089 403 2148 p.
427 2080 510 2150 itaq.
539 2087 642 2148 usqne
665 2069 743 2130 adeo
763 2069 867 2130 dubito
889 2069 1025 2146 fabulas,
1046 2071 1156 2152 quibus
1174 2071 1256 2152 apud
1279 2093 1348 2134 eum
1399 2099 1403 2112 =

206 2169 326 2230 natales
337 2170 456 2230 Lucani
472 2180 674 2246 exornantur,
686 2189 724 2232 ex
736 2173 901 2254 antiquiori
913 2171 996 2232 fonte
1006 2181 1164 2251 repetere;
1176 2192 1245 2233 nem
1257 2193 1347 2253 qnam

206 2272 309 2351 iuepte
326 2272 446 2332 Lucani
460 2273 593 2332 earmina
608 2273 669 2332 iam
684 2273 724 2332 ab
739 2273 918 2354 aequalibus
932 2273 1112 2354 praedicata
1126 2275 1187 2334 sint
1202 2273 1257 2353 (cl.
1270 2274 1346 2335 Sue·

206 2375 308 2434 tonius
323 2394 353 2453 p.
369 2383 419 2448 52,
434 2373 534 2454 3sq.),
550 2373 722 2435 luculenter
737 2373 818 2434 Stati
835 2375 1031 2454 genethliaco
1044 2375 1229 2436 inlustratur.

292 2475 396 2536 Vitam
418 2475 510 2554 igitur
531 2475 660 2536 Suetoni
678 2478 709 2536 in
731 2477 817 2538 initio
837 2477 1007 2537 mutilatam
1029 2495 1099 2539 esse
1119 2475 1260 2538 vidimus.
1290 2494 1348 2537 nec

207 2578 304 2656 magis
327 2578 533 2655 integritatem
556 2597 642 2638 suam
663 2576 780 2638 relicua
801 2597 871 2659 pars
894 2571 1037 2641 servavit.
1074 2579 1120 2639 sic
1140 2597 1249 2657 magno
1264 2578 1349 2638 iriatu

208 2679 340 2759 insignia
368 2688 440 2740 aunt
464 2699 544 2759 quae
569 2701 601 2760 p.
621 2690 669 2752 5⁰,
695 2693 763 2761 5sq.
785 2681 943 2760 leguntur,
963 2699 1030 2740 curn
1050 2701 1111 2740 non
1134 2679 1269 2741 habeant
1289 2699 1349 2761 quo

207 2780 488 2842 relerentnruerba
511 2790 542 2840 at
560 2783 739 2858 praefatione
762 2786 881 2858 qaudam
904 2803 930 2843 e.
947 2805 977 2864 q.
999 2803 1024 2844 s.
1068 2781 1124 2844 sed
1149 2801 1231 2843 nuuc
1256 2781 1349 2843 vaide

209 2886 362 2966 paenitet,
389 2882 472 2964 qaod
497 2883 518 2947 l.
548 2893 668 2964 apost
692 2888 820 2944 recitauit
844 2885 986 2944 lacunam
1013 2885 1151 2964 signavi,
1176 2903 1257 2966 quae
1279 2893 1350 2944 ante

208 2985 241 3048 id
259 2985 386 3047 verbum
410 2984 573 3046 statuenda
589 2995 664 3049 erat.
702 3007 773 3047 uam
791 3006 853 3046 non
872 2985 953 3048 bene
973 2981 1060 3047 dicas
1080 2991 1160 3045 ciuile
1179 2989 1276 3046 bellam
1292 3031 1300 3046 .
1317 3030 1348 3049 ..

209 3093 348 3162 recitauit,
375 3107 442 3148 curn
467 3097 520 3148 eut
547 3093 627 3148 ciuile
656 3092 752 3149 bellam
773 3135 780 3150 .
803 3133 811 3150 .
835 3137 840 3149 .
864 3095 940 3166 opica
965 3094 1089 3148 carmine
1112 3091 1277 3164 perscripsit
1298 3096 1352 3147 aut

211 3193 388 3250 Pharsaliam
410 3195 535 3252 recitauit
564 3190 757 3251 scribendum
783 3193 832 3251 sit.
871 3191 954 3250 unde
980 3191 1141 3268 coullgltur
1166 3194 1293 3248 recitauit
1310 3186 1350 3247 acl

212 3311 249 3354 es
268 3291 432 3354 referenda
450 3311 533 3367 esse,
557 3290 674 3373 ¹quibus
695 3292 875 3354 insolentem
899 3311 959 3372 qua
981 3293 1121 3352 Lucanus
1140 3290 1171 3349 in
1191 3287 1350 3350 recitando

211 3413 283 3456 usus
306 3403 353 3456 est
375 3394 584 3475 adrogantiam
611 3395 816 3473 castigaverat
835 3392 1016 3454 Suetonium
1052 3411 1179 3473 quorum
1203 3409 1283 3449 nnuc
1303 3407 1349 3449 so

212 3496 273 3558 lum
295 3497 468 3576 exemplum
490 3517 549 3577 quo
570 3517 639 3558 eam
659 3495 834 3556 inlustravit
856 3515 947 3578 super
971 3503 1026 3554 est
1061 3494 1133 3554 item
1153 3491 1256 3553 hiulca
1270 3500 1351 3568 sunt,

212 3599 296 3680 quod
311 3598 349 3660 ab
360 3599 504 3660 Ernestio
518 3598 708 3660 intellectum
721 3606 781 3672 est,
798 3616 924 3676 eaquae
941 3596 1117 3676 paulopost
1134 3601 1290 3654 secuntur:
1307 3595 1353 3651 iiic
1415 3601 1424 3618 ⁸

211 3706 285 3760 initio
302 3704 519 3771 adulescentiae,
547 3719 610 3762 cum
629 3705 661 3760 cb
686 3701 815 3775 infestum
836 3703 1036 3758 matrirnoniam
1053 3705 1163 3772 patrem
1185 3713 1265 3755 suam
1290 3699 1354 3754 ruri

212 3821 297 3880 apere
321 3789 475 3880 turpissime
499 3808 670 3878 copnoaisret
693 3811 840 3862 reuocatas
861 3804 973 3860 Athenis
1000 3801 1150 3858 oNerone
1171 3817 1195 3858 e.
1220 3817 1251 3877 q.
1271 3817 1294 3857 s.
1321 3797 1352 3854 iu

213 3907 323 3985 quibus
338 3925 418 3988 quae
431 3903 665 3981 interciderunt,
686 3905 713 3964 si
727 3905 909 3966 sententiam
930 3923 991 3962 uon
1012 3901 1080 3981 ipsa
1099 3899 1194 3960 verba
1212 3896 1351 3978 requiris,

214 4009 258 4068 sic
273 4007 473 4088 probabiliter
494 4007 696 4086 retingamns:
726 4011 909 4082 commutaret,
931 4009 959 4062 in
982 4007 1129 4063 Graeciam
1148 4004 1266 4060 secessi.
1305 3999 1356 4058 sea

213 4129 279 4171 moa
301 4111 418 4170 Romam
442 4129 473 4170 se
495 4114 606 4170 contulit
629 4117 775 4168 reuocatas
798 4128 824 4170 e.
842 4129 871 4188 q.
896 4128 920 4165 e.
962 4103 1057 4166 verba
1079 4123 1129 4164 me
1152 4119 1354 4180 recuperasse

213 4221 286 4293 puto
310 4213 401 4272 tertio
424 4211 491 4273 loco
515 4232 544 4292 p.
568 4223 619 4286 51,
642 4221 677 4284 4,
698 4209 750 4271 ubi
772 4207 910 4270 codicum
932 4207 1080 4286 scripture
1096 4205 1174 4265 haec
1197 4210 1262 4262 est:
1298 4219 1353 4260 non

214 4323 303 4374 iumen
333 4321 492 4390 pomoerii
525 4319 553 4373 in
583 4319 691 4390 pratia.-
744 4314 876 4388 amadan
907 4325 991 4386 repre
1017 4309 1115 4384 serens
1147 4309 1280 4364 recitante
1306 4320 1354 4361 mr-

213 4419 266 4476 ia'to
292 4435 328 4500 qe
355 4419 432 4476 uuila
464 4421 520 4477 nisi
541 4417 731 4494 refm'yeromii
758 4417 803 4474 sori
829 4431 915 4472 carisa
941 4413 1040 4470 tradicio
1065 4419 1162 4470 uenata
1190 4410 1353 4477 remulcet
