3138 5100
507 383 534 426 F·
551 382 731 428 RITSOHHLH
748 383 988 430 oottunnrantvs

332 535 435 604 Quinta
454 537 514 594 loco
532 542 598 594 acta
612 537 757 610 Adclplme
768 540 906 636 plaurpm
920 527 1014 598 itidem
1034 545 1115 600 tulit:

178 701 181 708 ⁴
332 637 451 696 Sr‘mr'tur
469 640 589 697 Hecura
605 648 689 696 acuta
706 643 855 698 exclusust
866 642 979 715 sabula.

178 738 284 814 Mirari
310 757 385 796 sane
408 739 480 798 licet
507 737 674 800 secundam
702 742 803 821 potius
826 743 971 823 Hecyrae
993 745 1145 804 actionem
1165 765 1183 803 a
1204 747 1315 805 Volca-

179 839 221 898 tio
243 849 438 900 memoratam
462 861 551 921 qnam
573 841 693 902 tertiam
715 863 775 923 qua
796 845 970 923 placita-est
985 845 1090 912 sabula
1110 855 1191 932 teste
1213 847 1314 908 didas·
1410 853 1427 864 ’“

180 941 274 1010 ralia,
300 961 366 1002 cnm
392 941 470 1002 ludis
494 941 653 1020 (Romanis
674 954 708 1004 ut
726 943 860 1022 videtur)
884 947 962 1025 aQ.
979 948 1089 1008 Fulvio
1106 947 1262 1008 Nobiliore
1278 949 1314 1010 L.

179 1044 294 1104 Marcio
311 1043 481 1104 Censorino
498 1042 647 1105 aedilibus
670 1046 820 1106 curulibus
843 1047 932 1108 factis
954 1048 1055 1108 denuo
1076 1051 1174 1110 relata
1197 1059 1244 1110 est
1265 1069 1315 1110 co·

180 1143 250 1204 dem
266 1165 347 1206 anno
363 1153 424 1210 594.
468 1147 581 1207 Verum
597 1167 660 1206 non
676 1157 724 1207 est
743 1157 846 1208 tamen
864 1149 953 1208 nimis
976 1151 1147 1212 mirandum
1162 1150 1315 1232 quaedam

179 1247 211 1306 in
238 1247 297 1306 hoc
319 1267 432 1325 genere
458 1257 580 1308 veteres
601 1249 670 1309 illos
693 1249 940 1330 pinacographoe
966 1251 1079 1312 saeculi
1105 1263 1154 1311 vll
1180 1253 1314 1332 fugisse:

181 1347 266 1427 (nam
281 1349 356 1409 illud
374 1349 412 1410 dc
433 1357 480 1409 ter
495 1359 562 1410 acta
578 1352 704 1430 Hecyra
725 1351 785 1411 nisi
806 1353 935 1430 fugisset
951 1353 1136 1429 Volcatium,
1159 1375 1221 1414 non
1243 1375 1313 1434 pro·

179 1451 261 1510 fecto
277 1453 320 1511 sic
334 1453 378 1512 uti
393 1451 467 1512 fecit
482 1451 684 1531 scripsissem)
702 1473 792 1534 quam
808 1455 889 1514 enim
905 1473 963 1514 nec
979 1464 1061 1516 certa
1083 1477 1142 1516 uec
1162 1457 1220 1516 sibi
1242 1477 1314 1516 con·

179 1563 265 1614 stans
280 1555 426 1614 memoria
440 1553 493 1613 illa
509 1555 605 1614 omnis
622 1553 807 1614 didascalica
822 1556 929 1630 fuerit,
951 1577 1019 1616 cum
1039 1559 1106 1618 aliis
1124 1558 1314 1620 documentis

179 1667 324 1735 apparet,
351 1663 413 1715 tum
441 1675 480 1715 ex
502 1656 546 1716 eia
571 1657 765 1734 cognoscitur
787 1677 865 1736 qnae
885 1658 924 1718 de
951 1659 1119 1718 earundem
1144 1659 1315 1720 fabularum

180 1757 307 1816 dnamm
329 1757 517 1836 temporibus
539 1756 585 1842 (ia
601 1758 648 1816 his
662 1766 696 1817 nt
710 1779 792 1818 nunc
808 1759 982 1836 subsistam)
1005 1763 1036 1820 in
1053 1759 1230 1820 didascaliis
1246 1761 1314 1832 libri

179 1859 321 1920 Bembini
336 1858 459 1938 prodita
473 1868 553 1919 sunt.
597 1860 711 1919 Levius
726 1859 826 1920 videri
848 1871 950 1940 potest
966 1861 1047 1942 quod
1065 1861 1119 1936 ibi,
1142 1883 1266 1941 prorsus
1282 1872 1315 1923 ut

180 1961 262 2040 apud
278 1963 447 2035 Donatum,
472 1961 594 2020 inverso
616 1941 724 2022 ordine
741 1963 849 2042 quinta
869 1962 974 2024 fabula
989 1965 1114 2042 Hecyra
1128 1973 1313 2038 numeratur,

179 2062 345 2142 Adelpboe
361 2072 464 2122 sexta:
481 2083 559 2143 quae
575 2063 601 2122 si
618 2063 727 2122 eodem
743 2083 825 2122 anno
845 2063 1023 2144 eisdemque
1039 2065 1118 2124 ludis
1133 2064 1313 2126 funebribus

181 2163 378 2237 docebantur,
396 2163 523 2223 liberum
538 2183 613 2223 sane
630 2173 695 2223 erat
710 2173 778 2224 utra
792 2165 877 2245 prior
892 2175 1111 2234 numeraretur,
1126 2177 1195 2226 utra
1210 2175 1313 2246 poste·

179 2268 249 2327 rior.
295 2265 487 2346 Quamquam
501 2267 553 2326 vel
568 2265 611 2325 sic
625 2273 728 2325 tamen
744 2286 845 2326 rursus
861 2267 970 2326 mirere
987 2267 1061 2347 quid
1083 2267 1123 2326 sit
1144 2289 1196 2327 cur
1211 2270 1313 2347 potius

179 2389 243 2430 non
258 2377 385 2447 peracta
400 2366 505 2426 fabule
520 2367 698 2447 respiciatur
715 2387 804 2447 qnam
825 2377 951 2447 peracta
973 2389 1052 2449 quae
1074 2379 1193 2428 sextum
1215 2371 1314 2430 locum

178 2469 319 2530 tuebatur
335 2470 409 2529 citra
424 2470 673 2528 controversiam.
717 2471 830 2528 Verum
846 2470 938 2548 longe
954 2472 1075 2548 gravius
1093 2470 1236 2552 estquod
1253 2491 1311 2530 om·

179 2572 253 2632 nino
272 2573 363 2631 aliam
378 2549 674 2650 prorsus'rationem
695 2571 877 2630 numerandi
897 2571 1063 2632 Bembinns
1090 2573 1189 2633 codex
1211 2571 1313 2652 scqui-

178 2681 239 2748 tur,
258 2675 372 2755 quippe
389 2674 441 2753 qui
456 2693 519 2752 non
536 2681 618 2732 actas
634 2673 753 2732 fabulas
768 2683 801 2732 ut
816 2673 986 2746 Volcatius,
1004 2674 1060 2734 aed
1078 2674 1192 2734 ‘factas’
1209 2695 1312 2733 nume-

178 2785 240 2836 ret:
267 2775 368 2856 quode
389 2774 526 2855 pluribus
549 2776 721 2854 expositum
746 2783 793 2834 est
807 2775 933 2852 Parerg.
956 2796 985 2854 p.
1007 2783 1059 2838 rm
1079 2795 1148 2856 sqq.
1193 2775 1312 2854 Quodsi

179 2879 358 2958 plerumque
380 2896 455 2936 sanc
471 2897 535 2936 non
551 2875 675 2937 diversa
696 2877 820 2938 fuerunt
840 2877 987 2938 factarum
1008 2887 1204 2958 acturumque
1226 2877 1311 2938 sabu-

179 2982 273 3041 larum
288 2988 440 3058 tempora,
463 2986 494 3036 at
514 2978 677 3057 singularis
698 2979 755 3038 fuir
776 2979 872 3059 ipsius
887 2979 1032 3058 Hecyrae
1053 2979 1209 3038 condicio:
1234 2999 1314 3059 quae

177 3084 204 3142 si
230 3083 289 3140 iam
316 3099 397 3140 anno
423 3089 475 3142 589
500 3089 567 3140 acta
594 3090 640 3140 cst
665 3083 715 3141 vel
736 3081 845 3141 saltem
866 3081 915 3158 agi
937 3089 1060 3159 coepta,
1087 3080 1226 3160 profecto
1250 3101 1313 3140 non

179 3192 226 3244 est
242 3184 349 3264 quinta
364 3203 382 3240 a
397 3191 490 3260 poeta
505 3183 601 3250 facta,
618 3181 674 3242 scd
689 3181 837 3242 secunda.
883 3181 1133 3242 Consentaneum
1156 3192 1203 3242 est
1223 3183 1315 3260 igitur

178 3286 256 3344 nihil
272 3285 310 3344 de
326 3284 448 3343 actione
465 3283 519 3342 illa
534 3285 631 3362 prima
648 3285 676 3342 ei
699 3283 836 3363 quisquis
859 3283 916 3342 fuit
937 3284 1123 3354 innotuisse,
1146 3285 1198 3362 qui
1219 3284 1314 3342 facta-

177 3408 243 3448 rum
270 3386 411 3446 ordinem
436 3387 469 3442 in
490 3383 640 3444 Bembina
662 3383 817 3464 proditum
839 3384 979 3442 instituit.
1025 3382 1183 3462 Similique
1209 3367 1322 3444 condi-¹

178 3490 266 3550 cioue
282 3488 440 3548 Volcatius
455 3505 526 3546 usus
541 3491 574 3544 ‘ct
589 3487 716 3564 primam
732 3493 763 3544 ct
778 3485 899 3544 tertiam
915 3484 1086 3562 ignorabat.
1127 3511 1132 3522 ·

263 3591 362 3669 Quam
379 3597 479 3648 autern
495 3588 646 3648 concinna
661 3585 812 3646 brevitate
829 3588 861 3644 in
883 3585 961 3646 libro
985 3589 1029 3644 ‘de
1040 3585 1144 3660 poclis'
1165 3607 1219 3646 sno
1243 3585 1315 3665 (nee

141 3689 143 3694 ’
179 3693 260 3751 euim
287 3691 326 3752 de
352 3692 412 3750 alio
440 3686 649 3768 cogitandum)
679 3689 837 3748 Volcatius
864 3687 1020 3766 Sedigitus
1046 3687 1204 3746 materiam
1231 3688 1315 3748 illam

179 3813 314 3861 omnem,
337 3811 416 3874 quae
438 3793 477 3852 ad
501 3801 660 3872 poetaram
686 3791 815 3849 atritas
836 3797 867 3848 et
893 3790 1007 3870 scripta
1032 3788 1206 3876 spectabat,
1235 3809 1313 3851 com·
1361 3833 1366 3844 .

178 3896 287 3976 plexus
303 3895 359 3968 sit,
386 3915 452 3953 cum
471 3895 540 3974 ipsa
563 3893 601 3952 de
617 3893 743 3970 Hecyra
758 3891 904 3950 memoria
919 3891 973 3951 illa
988 3891 1102 3952 indicio
1119 3900 1178 3966 est,
1201 3901 1264 3952 turn
1286 3892 1313 3950 ei

179 3998 231 4078 qni
258 3995 298 4055 de
318 4005 413 4054 morte
435 3996 577 4056 Terentii
597 4003 659 4054 tres
680 3994 794 4052 senarii
814 3993 896 4052 infra
915 3995 1008 4073 positi
1029 4003 1101 4054 sunt
1121 3993 1312 4066 aSuetonio,

177 4108 240 4158 turn
256 4097 349 4175 longe
365 4097 606 4162 luculentissimo
624 4095 806 4156 documento
828 4095 975 4154 tredecim
998 4094 1111 4154 senarii
1131 4094 1175 4154 illi
1192 4102 1315 4154 exstem

178 4219 197 4258 a
219 4199 321 4260 Gellio
347 4197 462 4276 proditi
484 4199 584 4277 capite
609 4206 643 4262 24
663 4194 731 4255 libri
747 4207 810 4267 xv,
838 4195 947 4276 quibus
969 4195 1146 4256 comoediae
1167 4195 1313 4275 palliatae

179 4301 280 4380 poetis
296 4320 381 4359 suum
402 4299 529 4377 singulis
550 4299 679 4378 pretium
701 4299 851 4358 statuitur.
897 4295 988 4358 Vnde
1009 4317 1132 4378 prorsus
1155 4295 1313 4376 probabile

178 4402 212 4462 fit
227 4401 259 4460 in
273 4400 435 4460 tractando
452 4409 630 4481 argumento
648 4399 819 4480 Sedigitum
841 4397 873 4460 id
894 4399 1013 4460 consilii
1035 4407 1169 4460 secutum
1191 4419 1258 4458 esse
1279 4407 1313 4460 ut
