3138 5100
269 387 331 449 502
686 405 718 446 m
733 405 831 447 vrrnu
846 403 993 446 rennnru
1150 413 1160 448 s

270 558 388 619 omissis
404 557 611 620 ratiocinandi
627 557 884 646 disceptandique
900 555 1077 635 ambagibus
1093 557 1230 617 omnibns
1247 558 1344 638 ipsam
1359 559 1404 616 rei

268 681 427 734 summam,
457 662 577 741 qualem
600 661 701 719 animo
723 680 776 719 suo
797 657 1048 737 insomnem),
1073 659 1252 719 brevissimo
1278 662 1310 718 in
1332 679 1403 720 eou-

269 773 376 843 speetu
391 772 531 842 poneret.
576 763 660 822 Hine
674 763 767 840 igitur
782 769 865 821 reete
882 761 1048 820 existimari
1065 761 1104 820 de
1120 761 1180 821 illis
1196 763 1404 842 potuitquae

268 867 299 924 in
326 865 411 948 libris
438 864 483 923 sie
506 865 620 944 scripta
641 872 726 923 sunt:
752 869 885 939 quamuis
914 865 1057 922 Volcatius
1074 869 1110 923 de
1131 870 1405 923 enumeratione

268 973 391 1028 omnium
406 971 447 1024 ita
461 968 585 1036 scribat,
607 967 666 1024 nisi
683 965 766 1046 quod
782 971 816 1024 da
833 970 1030 1024 numeratione
1044 975 1132 1026 vetus
1147 968 1304 1026 Parisinus
1321 966 1405 1025 exhi-

268 1070 330 1130 bet.
375 1069 464 1148 Quae
490 1067 586 1126 verba
612 1070 737 1127 omnino
765 1069 905 1146 intellegi
931 1069 1021 1128 aliter
1046 1089 1109 1127 non
1133 1078 1262 1149 possunt
1287 1069 1345 1128 nisi
1371 1077 1406 1128 nt

270 1173 372 1252 aliquo
389 1172 490 1250 eapite
505 1169 575 1230 libri
590 1169 636 1228 sui
652 1169 809 1247 Sedigitas
825 1178 948 1249 putetur
964 1169 1070 1230 dedita
1085 1189 1179 1250 opera
1194 1171 1269 1231 illud
1286 1171 1405 1249 disrep-

268 1285 367 1342 tasse,
401 1294 460 1353 quo
494 1271 602 1332 ordine
632 1272 772 1350 singulae
799 1272 939 1330 Terentii
971 1271 1092 1332 fabulae
1119 1273 1328 1334 numerandae
1353 1274 1406 1332 vel

270 1373 499 1435 enumerandae
522 1375 719 1434 essentne.
743 1394 802 1453 quo
824 1393 857 1432 se
881 1372 989 1433 ordine
1010 1376 1076 1434 sive
1102 1383 1189 1434 netas
1215 1375 1281 1434 sive
1303 1377 1405 1436 iactae

270 1479 475 1558 excepissent.
520 1475 557 1536 Id
574 1485 674 1538 autem
690 1477 844 1535 neminem
865 1476 943 1553 fugit
957 1497 1047 1557 quam
1063 1477 1101 1536 ab
1118 1495 1159 1536 ao
1172 1479 1299 1537 oonsilio
1317 1479 1406 1538 Sedi-

269 1581 340 1659 giti,
364 1580 455 1660 quale
477 1581 570 1638 antea
595 1577 824 1657 descripsimus,
846 1577 1019 1644 abhorreat.
1063 1579 1265 1638 Enumeravit
1286 1581 1404 1659 inipso,

269 1703 332 1740 non
350 1682 414 1758 egit
428 1679 467 1740 de
484 1681 731 1750 enumeratione:
754 1700 825 1739 nam
840 1683 874 1739 da
890 1685 1086 1738 numeratione
1104 1683 1156 1740 vel
1178 1691 1343 1762 propterea
1359 1703 1406 1742 re·

270 1785 441 1850 ieetaneum
458 1783 602 1862 estquod
619 1781 862 1841 ‘numerationem'
878 1803 941 1842 non
958 1783 1096 1842 novimus
1113 1784 1203 1843 aliam
1219 1783 1331 1843 dietam
1346 1785 1407 1844 nisi

270 1885 454 1944 solutionem
469 1885 630 1963 pecuniae.
674 1886 757 1962 Ergo
773 1885 859 1965 'quod
875 1886 1055 1966 requirimus
1071 1906 1135 1944 non
1153 1894 1199 1944 est
1219 1891 1258 1944 de
1284 1907 1407 1947 enume-

270 1987 404 2056 ratione,
431 1985 488 2045 sed
509 1989 545 2044 in
566 1987 799 2046 enumeratione
816 1987 931 2067 potins.
977 1987 1046 2065 Quo
1072 1996 1174 2047 tamen
1201 1988 1258 2046 etsi
1280 1988 1352 2047 satis
1374 1989 1408 2047 fit

270 2088 458 2162 sententiae,
482 2109 546 2148 non
574 2097 621 2148 est
642 2089 715 2148 fidei
739 2089 883 2150 librorum
905 2090 979 2148 satis
1000 2090 1113 2149 factum
1130 2091 1182 2170 qui
1196 2093 1231 2148 de
1249 2090 1407 2169 praeposi-

270 2193 386 2250 tionem
408 2211 515 2250 omnos
537 2199 654 2250 tenent.
699 2193 782 2251 Hine
809 2193 902 2270 igitur
923 2192 1078 2270 profectus
1102 2191 1283 2272 Schopenus
1304 2191 1409 2251 subtili

268 2301 303 2352 ut
321 2293 400 2353 solet
426 2291 539 2352 iudicio
556 2293 695 2354 Suetonii
721 2313 844 2353 manum
864 2295 908 2352 sie
930 2302 976 2352 est
999 2291 1177 2370 adsecutus:
1208 2295 1351 2352 Valentius
1373 2299 1408 2352 in

270 2399 571 2454 dinumeratione
587 2399 710 2454 omnium
728 2397 759 2456 h.
777 2417 803 2456 e.
817 2395 886 2455 “ubi
909 2394 1017 2455 ordine
1033 2417 1087 2456 suo
1104 2415 1209 2454 omnes
1225 2415 1280 2454 ser
1301 2415 1408 2454 reeen-

270 2498 336 2556 sot.
373 2497 452 2556 Nam
475 2495 557 2578 quod
585 2499 696 2558 omissa
719 2499 950 2578 praepositione
972 2499 1109 2576 potuisse
1132 2499 1222 2556 etiam
1243 2502 1408 2556 dinumera-

270 2603 345 2656 tione
363 2597 423 2657 diei
445 2599 624 2678 simpliciter
639 2601 768 2658 ltotlrius
791 2599 848 2658 sibi
864 2599 1017 2678 persuasit
1037 2619 1067 2678 p.
1088 2607 1151 2672 180,
1174 2598 1213 2658 de
1236 2619 1272 2658 eo
1294 2599 1409 2658 fefellit

271 2698 338 2759 e'urn
355 2700 477 2779 opinio:
503 2701 739 2781 necquicquam
760 2701 890 2760 alienius
907 2721 997 2780 quam
1013 2699 1122 2780 quibus
1144 2702 1237 2760 utitur
1259 2702 1407 2780 exemplis

271 2799 390 2871 ‘libelle'‚
408 2803 611 2875 ‘praefatione'
634 2811 664 2861 et
686 2823 764 2882 quae
780 2811 851 2862 sunt
872 2802 997 2876 similia,
1021 2801 1145 2882 quando
1168 2823 1228 2863 nee
1248 2802 1326 2862 liber
1349 2821 1409 2862 nee

271 2911 355 2962 certa
377 2923 448 2982 pars
470 2901 539 2962 libri
561 2904 613 2962 vel
633 2905 744 2964 innotis
768 2909 967 2963 ‘dinumeratio
988 2903 1120 2962 amnium'
1140 2904 1242 2965 verbis
1264 2906 1316 2964 vel
1338 2905 1407 2964 sim-

270 3005 343 3083 pliei
370 3003 577 3063 ‘dinumeratio'
601 3005 749 3066 voeabula
778 3007 929 3086 appellari
954 3006 1063 3085 potuit.
1086 3039 1127 3049 -
1149 3005 1291 3066 (laterum
1318 3027 1409 3087 quem

271 3106 336 3166 seri
352 3105 583 3167 dissimillimum
606 3117 653 3168 est
669 3107 707 3168 de
731 3111 961 3168 enumeratione
983 3107 1153 3168 fabularum
1174 3117 1408 3168 commentatum

272 3227 354 3282 esse,
377 3210 403 3267 is
419 3209 558 3288 profecto
574 3211 668 3288 longe
685 3211 776 3270 etiam
793 3211 946 3270 difficilius
962 3209 1103 3270 credetur
1123 3215 1158 3270 de
1176 3215 1408 3269 remuneratione

272 3309 439 3370 earundem
455 3311 561 3370 dedita
577 3332 671 3392 opera
688 3314 881 3392 exposuisse:
898 3333 989 3394 quam
1003 3313 1185 3372 Mommseni
1201 3315 1407 3372 coniecturam

270 3413 291 3472 l.
313 3433 337 3472 s.
360 3433 384 3473 s.
406 3413 535 3474 Rothins
563 3416 818 3474 commemoravit.
867 3417 935 3474 Nee
961 3425 1086 3494 praeter
1110 3435 1201 3474 unam
1227 3415 1408 3474 Eurrnehurn

270 3513 430 3594 probabile
448 3524 494 3574 est
510 3517 633 3575 omnino
649 3517 804 3595 proditum
821 3537 888 3576 esse
903 3517 1067 3576 memoriae
1084 3527 1114 3576 et
1125 3516 1166 3576 ad
1182 3525 1321 3597 posteros
1337 3537 1407 3596 pro-

270 3623 428 3696 pagatum,
457 3617 611 3697 quodnam
637 3639 655 3676 a
676 3618 816 3678 ludorum
838 3617 1025 3679 'curatoribus
1048 3619 1178 3698 pretiirm
1200 3619 1340 3697 singulae
1361 3617 1407 3676 fa·

270 3717 362 3778 balae
377 3719 587 3779 Terentianae
603 3721 796 3781 meruissent.

272 3869 471 3880 -———.

355 3935 380 4004 ¹³)
399 3937 541 4000 Quaedam
560 3943 651 3990 antem
671 3940 740 3990 satis
759 3939 834 3989 illum
854 3939 1017 3990 mirabiliter
1033 3939 1087 3989 sibi
1105 3939 1269 3990 informasse
1282 3940 1344 4004 ipsa
1358 3937 1410 3990 illa

272 4037 389 4074 censura
406 4029 548 4090 poetarum
567 4025 660 4086 dotet,
680 4026 708 4074 in
728 4039 781 4090 qna
794 4023 965 4090 expedienda
977 4023 1204 4089 defendendaque
1219 4039 1330 4091 operam
1346 4039 1407 4089 per-

272 4107 375 4159 didisse
392 4108 582 4176 Ladewiginm
600 4115 675 4176 puto.
695 4137 726 4146 -
745 4109 873 4160 Ceterum
890 4123 1016 4159 versuum
1036 4107 1142 4160 illorum
1161 4110 1308 4174 septimum
1326 4108 1409 4160 vahe-

271 4199 379 4244 menter
404 4194 506 4246 suadeo
528 4199 559 4244 ut
581 4194 710 4244 desinant
732 4194 818 4244 talem
841 4194 970 4244 exhibere
998 4195 1064 4244 Dein
1089 4194 1214 4255 Naeuium,
1243 4196 1287 4260 qai
1309 4193 1408 4257 seruat

270 4280 355 4341 pretia
373 4281 398 4328 tn
416 4281 529 4330 tertiari:
554 4294 606 4344 quo
631 4280 715 4328 etiarn
738 4280 817 4344 peine
841 4278 890 4328 alii
913 4283 956 4344 qui
969 4255 1055 4342 'ferrat
1071 4281 1179 4343 pretinm
1201 4280 1309 4328 tertiana.
1346 4277 1409 4328 Vna

272 4378 315 4410 rna
338 4361 429 4411 indiae
448 4361 590 4428 probanda
607 4361 677 4413 haee
700 4379 795 4414 versus
815 4363 915 4414 torma:
941 4367 1007 4414 Dein
1031 4363 1149 4421 Naeuius,
1175 4365 1218 4429 qni
1238 4367 1323 4412 suntet
1344 4377 1408 4426 pre·

271 4447 341 4506 tirrm,
360 4450 470 4496 tertiari.
