3190 5098
684 413 788 458 caevr
803 413 841 456 111
997 355 1003 368 Ι
1148 366 1149 374 ¹
1266 395 1327 462 478

191 567 358 630 Varronem
373 575 496 628 secutus
514 575 562 630 est
579 573 613 628 ut
630 567 695 628 iure
711 584 780 628 eum
796 565 965 628 Varronem
982 563 1137 628 rettulisse
1153 565 1253 640 dicas,
1273 565 1328 628 aad
1369 562 1372 570 ’

191 679 371 732 tamennon
385 669 430 730 ita
443 671 554 732 uteins
568 669 722 732 breviator
739 678 855 731 tantum
870 667 960 731 modo
975 672 1115 732 eraserit
1139 671 1328 733 contraxisse

191 772 314 854 quidem
330 781 361 834 et
376 773 408 832 in
422 771 545 834 brevius
560 774 700 854 coegisse
716 771 816 834 studia
827 757 1000 853 antiquaria
1009 772 1222 854 Tranquillum
1238 773 1327 834 intel·

191 875 277 953 leges
292 876 318 936 si
333 876 524 956 reputaveris
538 875 706 936 Varronem
721 873 760 936 de
776 875 841 936 iure
857 875 940 936 civili
954 875 1128 956 quindecim
1139 875 1178 938 de
1194 878 1258 940 vita
1273 897 1327 959 po·

191 978 255 1058 puli
265 979 396 1040 Romani
410 987 552 1061 quattuor
562 977 654 1042 libros
666 977 838 1059 scripsisse,
853 977 1032 1040 Suetonium
1043 987 1147 1040 cenha
1162 978 1201 1041 ds
1214 980 1327 1043 eisdem

191 1078 282 1140 rebus
312 1079 429 1142 duobus
454 1080 541 1142 libris
565 1081 676 1159 egisse.
716 1079 772 1142 sed
795 1080 945 1161 peculiari
969 1090 1071 1142 tamen
1096 1081 1224 1143 consilio
1247 1083 1326 1144 baec
1406 1072 1410 1081 ¹

190 1183 442 1244 studiatractarit
452 1184 566 1265 qnippe
581 1203 661 1265 quae
674 1181 714 1244 ed
724 1203 845 1244 suorum
859 1191 1026 1266 temporum
1036 1183 1182 1257 rationem
1198 1195 1229 1248 et
1240 1207 1326 1248 usum

191 1284 442 1347 accommodaret.
477 1287 522 1348 sic
537 1285 647 1347 librum
662 1283 702 1346 de
718 1287 908 1348 institutione
925 1285 1094 1348 officiorum
1111 1297 1141 1348 et
1156 1307 1211 1348 suo
1231 1289 1342 1367 ipsius·

190 1388 291 1448 officio
305 1397 335 1448 et
345 1388 496 1449 Hadriani
508 1387 744 1450 institutionibus
754 1387 905 1450 adductus
921 1389 1108 1469 conscripsit.
1123 1409 1203 1450 nova
1214 1389 1326 1452 deinde

189 1491 307 1552 ratione
319 1491 410 1551 ctiam
421 1490 560 1552 ludorum
569 1492 773 1552 Romanorum
787 1491 943 1552 historiam
958 1493 1132 1572 conposuit:
1145 1513 1215 1554 narn
1227 1513 1296 1554 enm
1307 1515 1326 1554 a

181 1592 328 1654 'Varrone
353 1595 566 1674 antiquitatum
587 1592 758 1655 divinarum
779 1594 857 1656 libro
879 1613 957 1655 nunc
982 1593 1020 1656 de
1039 1595 1225 1658 circensibus
1245 1595 1326 1658 ludis
1393 1591 1397 1600 ’

191 1694 308 1756 decimo
328 1695 367 1756 de
381 1696 532 1758 scaenicis
553 1695 737 1776 disputatum
762 1704 860 1770 esset,
884 1697 951 1776 ipse
973 1705 1096 1777 prester
1110 1697 1325 1777 gladiatorium

189 1817 296 1859 munus
311 1797 343 1858 id
358 1807 404 1860 est
421 1798 508 1860 ludos
524 1798 792 1879 amphitheatrales
808 1819 923 1878 agones
941 1809 1011 1880 post
1026 1801 1194 1862 Varronem
1211 1808 1242 1862 et
1257 1801 1324 1862 Sin-

188 1901 270 1962 nium
288 1900 466 1980 Capitonem
482 1923 501 1962 a
514 1902 659 1962 Romanis
678 1910 820 1982 receptos
836 1899 964 1962 addidit.

274 2001 337 2064 Sed
349 2023 410 2064 non
425 2003 521 2064 solum
536 2003 700 2086 antiquarii
710 2049 711 2054 ι
722 2013 753 2064 et
767 2005 903 2064 historici
922 2012 1026 2084 partes
1045 2004 1189 2066 sustinuit
1210 2005 1265 2065 sed
1285 2007 1326 2066 si-

189 2106 251 2166 mul
271 2105 399 2188 physica
419 2105 521 2166 studia
542 2127 560 2166 a
578 2107 725 2166 Romanis
748 2105 914 2168 Caesarum
939 2115 1040 2168 aetate
1063 2127 1177 2166 summo
1203 2107 1325 2170 fervore

188 2216 319 2270 tractata
334 2207 436 2271 coluit.
463 2227 543 2290 quae
558 2207 710 2268 Hadriani
722 2217 856 2289 tempore
868 2229 928 2270 nou
943 2211 1079 2290 extincta
1087 2209 1176 2268 immo
1193 2209 1325 2272 fortasse
1383 2287 1390 2302 ι

188 2311 284 2392 ipsius
300 2309 442 2372 Caesaris
455 2310 594 2390 exemplo
610 2317 701 2370 aucta
715 2331 783 2372 esse
794 2311 949 2390 Spartiani
966 2313 997 2371 iu
1005 2309 1165 2370 Hadriano
1183 2321 1215 2376 13
1231 2310 1326 2374 rerba

189 2411 324 2474 indicare
340 2413 497 2474 videntur:
523 2425 588 2488 poet
600 2417 629 2472 ιἰι
647 2413 768 2472 Siciliam
782 2417 935 2489 naupacti,
954 2419 983 2472 ιἰι
1003 2433 1059 2488 qua
1073 2419 1188 2472 Aetnam
1209 2423 1325 2474 manicat

187 2515 357 2587 conscendit,
373 2526 402 2575 ut
415 2519 481 2574 sulse
494 2524 585 2574 ortum
600 2518 705 2574 uideret
718 2531 803 2574 orcus
817 2519 909 2591 specie
920 2524 952 2575 ot
964 2518 1064 2574 dictim
1079 2520 1198 2576 acrium.
1229 2525 1260 2580 et
1276 2526 1323 2581 rt:

188 2621 237 2677 scd
250 2622 279 2676 r'n
290 2617 378 2678 mouoe
390 2619 485 2678 cassu
496 2637 558 2678 cum
573 2621 685 2678 uidendi
696 2621 761 2676 solta
770 2626 849 2677 ortis
860 2623 952 2695 pratia
960 2625 1042 2676 cocta
1052 2621 1227 2690 ascendisset,
1239 2623 1326 2680 imbra

187 2727 246 2780 orte
264 2739 291 2780 e.
312 2741 342 2802 q.
360 2741 384 2780 s.
414 2719 469 2779 sed
483 2730 517 2778 ut
532 2719 563 2778 in
582 2720 640 2780 hac
654 2739 689 2781 re
709 2739 771 2780 non
787 2717 905 2781 alienus
928 2719 1023 2780 luisse
1040 2719 1204 2782 Suetonius
1220 2721 1323 2803 prodi·

187 2831 236 2882 tur
251 2823 289 2882 ab
305 2822 477 2902 aequalium
492 2821 614 2896 studiis,
635 2823 679 2882 ita
693 2822 913 2902 aspernabatur
934 2821 1017 2882 aliud
1038 2824 1148 2884 aetatis
1167 2843 1242 2885 suae
1262 2833 1324 2886 stn-

189 2923 270 2984 dium
289 2923 425 2986 eiusdem
452 2925 641 3004 imperatoris
660 2924 810 2985 Hadriani
831 2927 883 3007 qui
905 2925 1069 3007 Spartiano
1090 2935 1169 2986 teste
1190 2927 1324 2989 Ennium

160 3011 163 3014 ⁵
187 3025 325 3105 Vergilio
341 3024 483 3088 Ciceroni
504 3026 650 3088 Catonem
664 3027 802 3088 Caelium
818 3027 965 3090 Sallustio
978 3028 1125 3108 praetulit
1144 3031 1324 3092 auctoritate

188 3129 387 3203 concitatum,
404 3149 463 3210 quo
478 3138 512 3189 ut
527 3139 647 3190 vetares
657 3131 767 3191 formas
780 3132 1021 3213 ex'antiqucrum
1037 3131 1157 3209 scriptia
1176 3141 1277 3193 erutas
1292 3135 1323 3194 in

124 3309 127 3318 A
186 3251 273 3292 nsum
296 3251 482 3316 communem
503 3241 686 3292 revocarent
706 3231 890 3294 nitebantur.
922 3231 970 3293 bis
990 3233 1069 3292 enim
1093 3253 1126 3294 se
1144 3235 1326 3313 opposuisse

186 3333 399 3414 Tranquillum
412 3353 505 3414 supra
517 3353 584 3393 cum
598 3336 665 3414 ipse
681 3335 746 3394 eius
762 3333 915 3394 scribendi
930 3353 1043 3412 genere
1068 3343 1098 3394 et
1113 3335 1259 3414 adpositis
1278 3337 1323 3416 ip·

187 3437 248 3496 sius
259 3437 437 3496 testimoniis
454 3447 517 3497 tum
533 3435 669 3510 consilio,
682 3435 762 3516 quod
775 3437 807 3496 in
824 3435 909 3498 libris
922 3445 953 3498 ct
968 3437 1099 3498 virorum
1113 3437 1322 3517 inlustrium*)

187 3547 217 3600 et
231 3547 384 3619 pratorum
400 3536 572 3619 dispicitur,
589 3537 793 3618 probavimus.

271 3640 360 3720 Quae
373 3661 440 3701 enm
458 3642 500 3701 ita
514 3661 549 3700 se
560 3635 723 3714 haberent,
740 3639 806 3700 fieri
820 3659 881 3700 non
893 3648 1013 3720 poterat
1023 3641 1095 3721 quin
1109 3639 1261 3702 Hadriani
1272 3661 1322 3702 ae·

187 3751 250 3804 tate
262 3753 294 3804 et
305 3763 343 3804 ea
353 3763 434 3825 quac
447 3745 583 3822 proxime
595 3752 701 3802 secuta
714 3751 769 3819 est,
778 3752 812 3803 ut
824 3763 885 3824 qua
896 3743 1097 3822 antiquarium
1110 3743 1189 3824 quod
1202 3745 1323 3824 proprie

186 3847 231 3908 sio
250 3854 376 3935 uocatur
390 3844 521 3906 studium
538 3844 590 3905 vel
604 3847 736 3906 maxime
756 3846 890 3924 vigeret,
909 3842 1163 3906 Suetonicnorum
1178 3845 1324 3907 librorum

251 4045 280 4113 *l
292 4049 397 4100 Eadem
411 4053 504 4100 aetate
517 4049 601 4100 etiam
612 4048 766 4111 luvenalis,
779 4063 840 4100 cum
853 4063 905 4114 quo
918 4048 1075 4100 Suetonium
1086 4050 1115 4100 in
1128 4049 1323 4102 constituendis

185 4134 339 4186 litterarum
351 4133 497 4202 generibus
509 4134 664 4184 consentire
677 4131 808 4196 vidimus,
826 4133 988 4186 Ciceronem
1005 4149 1055 4200 pre
1070 4133 1193 4200 exemplo
1206 4135 1324 4202 perlecti

186 4219 303 4270 oratoris
316 4219 415 4284 habet,
428 4217 513 4270 veluti
526 4223 577 4270 sat.
591 4219 644 4268 VH
658 4217 706 4270 139
717 4219 742 4268 X
756 4217 812 4268 114.
837 4219 903 4269 item
916 4219 975 4270 eius
987 4219 1126 4294 scribendi
1143 4235 1229 4286 genus
1241 4219 1322 4286 longe

186 4305 221 4355 ab
235 4304 450 4370 antiquariorum
463 4303 649 4354 adfectatione
664 4304 751 4354 abest.
775 4313 828 4354 nec
840 4305 927 4370 ipsum
944 4303 1102 4354 Terentium
1115 4303 1259 4368 Scaurum,
1277 4306 1323 4372 qui

185 4387 321 4439 Hadriani
333 4388 465 4454 magister
477 4387 543 4450 luit,
562 4387 690 4438 cumillis
703 4388 803 4440 fecisse
817 4387 987 4453 intellegitur
1005 4405 1037 4438 ex
1056 4389 1192 4454 excerptis
1209 4389 1271 4439 libri
1288 4389 1322 4440 de

186 4453 400 4540 orthographia,
409 4472 438 4522 in
450 4473 547 4538 quibus
560 4471 628 4523 nibil
640 4477 773 4540 conparet
786 4473 857 4540 quod
870 4489 887 4526 a
898 4478 965 4524 nota
977 4473 1117 4525 latinitate
1130 4473 1250 4524 recedat.
