3188 5066
196 971 209 1008 b

632 403 674 444 aa
698 401 837 446 servius
860 403 968 446 aanvu
1003 391 1012 398 '
1301 389 1362 452 197

223 549 350 614 condus
374 565 626 632 sotsrmmms,
653 552 767 616 tertius
793 565 1103 633 aequissumum,
1128 560 1264 640 quartus
1286 569 1361 618 urs-

222 668 347 734 tisius,
372 653 505 740 quintus
528 669 730 718 Avsrssuts.
774 653 955 740 dequibus
977 651 1081 718 Varro
1103 654 1149 717 ita
1169 654 1264 720 dicit:

376 763 410 818 at
437 755 580 842 quinque
604 753 759 820 aetheriis
781 757 873 819 zonis
894 755 1076 840 accingitur
1098 756 1205 838 orbis3

376 880 414 922 ac
436 865 569 921 uastant
589 858 670 921 imas
692 856 814 920 hiemes
834 856 1040 942 mediamque
1061 856 1202 923 calores:

375 959 432 1024 sed
451 968 558 1024 terrae
581 966 742 1022 extremas
764 961 850 1023 inter
869 958 1074 1045 mediamque
1096 959 1261 1037 coluntur,

374 1083 471 1148 quam
493 1060 571 1126 solis
593 1059 702 1125 ualido
723 1083 898 1147 numquam
922 1059 943 1140 †
966 1069 1002 1124 ut
1022 1061 1150 1126 auferat
1170 1063 1261 1147 igne,

411 1189 426 1227 t
571 1189 586 1227 s
731 1189 746 1227 s
875 1189 890 1227 s
1036 1190 1051 1228 a
1200 1191 1215 1228 s

222 1355 348 1406 trionalis
371 1355 489 1406 circulus
511 1355 616 1406 ratione
639 1358 816 1416 monstratur,
835 1354 861 1404 ei
879 1355 962 1404 etiam
980 1354 1117 1405 inuenitur
1132 1353 1291 1422 oppositus.'
1322 1356 1358 1406 cl.

223 1429 369 1488 piraeterea
382 1423 508 1489 Hyginus
520 1423 550 1472 Ρ.
564 1423 595 1472 Α.
611 1423 623 1472 1
636 1421 816 1472 suanacas.
829 1423 861 1484 Q.
876 1422 899 1472 V
915 1421 957 1484 17,
975 1423 991 1472 2
1003 1438 1060 1488 sqq.
1083 1423 1240 1474 Macrobius
1262 1439 1357 1473 comm.

222 1491 234 1540 1
256 1491 294 1540 lb.
325 1507 357 1540 ex
370 1492 420 1540 hoc
434 1507 523 1556 [rauca
536 1491 673 1556 excerpsi:
687 1491 712 1540 2.
731 1491 783 1540 ‘est
796 1495 886 1540 autem
900 1491 1007 1540 lacteus
1020 1491 1137 1541 circulus
1154 1507 1222 1541 unsis
1240 1508 1255 1542 a
1277 1491 1358 1542 circis

222 1560 268 1624 qui
282 1559 404 1609 ambiunt
415 1559 534 1620 caelum3
549 1565 576 1608 et
588 1564 651 1608 sunt
663 1564 773 1624 praeter
786 1575 845 1608 eum
856 1574 967 1608 umuero
980 1557 1094 1608 deecm.'
1111 1559 1136 1608 8.
1150 1561 1254 1610 ‘decern
1268 1564 1358 1610 autem

222 1627 271 1677 alii
289 1633 319 1676 ut
336 1627 452 1698 diximus
470 1627 537 1676 circi
555 1635 630 1676 sunt:
650 1642 759 1691 quorum
777 1641 845 1676 unus
863 1633 905 1675 est
916 1628 975 1692 ipse
993 1625 1140 1678 zodiacus!
1173 1627 1211 1678 13.
1231 1627 1358 1694 ‘quinque

222 1695 272 1744 alii
285 1695 381 1744 circuli
394 1695 522 1760 paralleli
534 1700 675 1746 uocantur.
699 1695 793 1744 borum
806 1695 911 1744 medius
925 1701 952 1744 ct
964 1696 1096 1746 inanimus
1116 1701 1158 1746 est
1170 1697 1357 1761 aequinoctia·

221 1763 269 1822 lis;
288 1763 340 1812 duc
358 1763 576 1812 extremitatibus
596 1763 680 1812 uicini
693 1767 774 1826 atque
788 1763 849 1812 ideo
861 1762 974 1824 breues,
994 1779 1105 1828 quorum
1116 1779 1185 1818 unus
1198 1763 1357 1828 septentrio-

220 1831 294 1880 nalis
306 1831 413 1892 dicitur,
427 1831 498 1880 alter
512 1831 654 1880 australis:
673 1831 746 1880 intcr
762 1830 811 1880 hos
830 1836 858 1880 et
870 1831 987 1881 medium
1004 1831 1057 1881 ‹luo
1070 1837 1133 1882 sunt
1145 1831 1256 1898 tropici,
1274 1832 1357 1881 nisio·

220 1915 265 1949 res
278 1898 389 1960 ultimis,
403 1899 491 1949 medio
503 1899 634 1960 minores,
654 1905 681 1948 ct
693 1899 745 1964 ipsi
760 1915 791 1947 ex
804 1904 919 1962 utraque
932 1904 1010 1964 parte
1024 1915 1111 1950 zonae
1122 1905 1201 1950 ustae
1215 1901 1358 1950 terminum

220 1965 347 2016 faciunt)
374 1967 413 2016 lt.
428 1967 547 2032 ‘praeter
564 1966 612 2016 hos
631 1967 680 2016 alii
697 1967 748 2015 duo
762 1970 824 2015 sunt
837 1966 937 2029 eciluri,
956 1968 1053 2032 quibus
1070 1983 1169 2018 nomeu
1181 1967 1256 2017 dedit
1269 1968 1357 2032 inper-

219 2036 297 2085 fecta
309 2033 471 2085 conuersio.'
500 2034 538 2084 15.
552 2035 613 2084 ‘duo
626 2035 670 2100 qui
684 2035 718 2084 ad
731 2049 871 2084 numerum
883 2035 1053 2100 praedictum
1070 2040 1214 2100 supersunt
1231 2036 1358 2085 meridia·

220 2118 271 2152 nus
288 2108 316 2152 et
334 2103 446 2152 horizon
463 2118 518 2153 non
535 2103 690 2152 scribuntur
702 2103 731 2151 iu
743 2101 874 2167 sphaera,
893 2101 957 2166 quia
971 2109 1074 2152 certum
1087 2102 1176 2154 locum
1189 2103 1291 2152 babere
1304 2119 1358 2154 non
1377 2105 1385 2114 '

221 2175 347 2236 possunt,
366 2171 415 2220 sed
431 2187 479 2236 pro
497 2171 657 2220 diuersitate
680 2170 925 2234 circumspicientis
942 2170 1129 2220 habitantisuc
1148 2169 1306 2221 uariantur.'
1324 2197 1357 2206 -

218 2239 325 2290 Probus
342 2239 463 2304 georg.1
480 2237 543 2290 233:
566 2239 667 2288 ‘Mundi
687 2237 788 2288 caloris
806 2244 834 2286 et
850 2237 959 2288 luminis
977 2239 1018 2288 sol
1036 2254 1120 2288 causa
1140 2245 1194 2288 est:
1214 2239 1273 2288 eius
1287 2238 1357 2288 enim

219 2306 285 2356 talis
310 2311 351 2356 est
374 2322 481 2368 cursus,
504 2313 534 2356 ut
556 2321 643 2370 neque
666 2307 736 2356 citra
754 2305 928 2355 solstitialem
953 2306 1083 2356 circulum
1107 2307 1141 2356 ad
1164 2323 1213 2356 nos
1241 2307 1358 2356 accedat

219 2391 273 2424 uec
290 2373 363 2424 ultra
384 2374 534 2424 brumalem
550 2375 671 2424 recedat.
701 2374 771 2422 radii
789 2379 879 2422 autem
898 2374 956 2423 eius
976 2373 1022 2422 ubi
1040 2374 1170 2424 deliciunt
1186 2374 1225 2423 ibi
1242 2389 1357 2424 necesse

219 2449 341 2492 estesse
360 2443 446 2508 frigius
464 2459 523 2492 cum
542 2443 677 2502 tenebris;
698 2441 828 2491 deliciunt
851 2447 941 2491 autem
960 2442 1018 2490 eius
1035 2441 1105 2491 radii
1126 2442 1221 2492 bmma
1244 2442 1278 2492 ad
1295 2457 1357 2507 sep-

218 2510 412 2560 tentrionalem
431 2510 574 2571 circulum
592 2511 632 2559 ibi
650 2515 741 2560 autem
760 2509 846 2574 frigus
864 2513 906 2558 est
924 2525 984 2558 cum
1003 2510 1179 2560 obscuritate.
1207 2509 1247 2560 sol
1266 2515 1357 2560 autem

219 2579 285 2643 qnia
302 2579 373 2628 inter
389 2578 539 2629 brumalem
561 2585 588 2628 st
604 2577 778 2628 solstitialem
791 2576 921 2626 circulum
935 2576 1045 2628 coniicit
1058 2593 1174 2628 annuum
1193 2593 1298 2628 crrrsum
1317 2583 1356 2627 to·

218 2652 274 2696 tam
288 2647 360 2696 hanc
373 2647 490 2696 mediam
503 2647 641 2712 regionem
653 2647 720 2706 urit,
734 2661 803 2709 quae
817 2645 903 2694 latine
916 2645 1001 2710 plaga
1013 2651 1128 2695 uocatur
1145 2646 1251 2696 adusta.
1277 2662 1310 2696 ex
1323 2662 1357 2696 ea

219 2731 290 2779 quae
303 2715 526 2780 septentrionalis
539 2720 589 2776 est,
603 2715 649 2763 ubi
660 2713 791 2763 deliciunt
803 2713 869 2762 solis
882 2713 960 2770 radii,
974 2713 1040 2777 quia
1051 2715 1085 2764 ob
1097 2713 1150 2764 hoc
1163 2713 1263 2780 frigide
1276 2722 1317 2764 est
1330 2721 1357 2764 et

219 2783 345 2844 obscura,
360 2783 446 2848 frigus
458 2783 486 2832 in
498 2783 648 2848 proximam
663 2783 802 2846 regionem
815 2782 940 2846 peruenit
953 2786 980 2829 et
992 2782 1122 2832 miscetur
1140 2782 1239 2843 calori,
1259 2783 1304 2846 qui
1323 2799 1356 2832 ex

219 2851 318 2901 adusta
331 2851 443 2916 regione
462 2851 490 2900 in
509 2851 623 2900 eandem
635 2849 728 2899 sedem
747 2851 847 2908 fertur,
870 2855 897 2899 et
916 2849 1034 2900 efficitur
1050 2855 1203 2916 temperata
1220 2852 1311 2916 regio,
1328 2850 1357 2900 in
1454 2863 1459 2874 ¹

219 2933 273 2984 qua
285 2934 384 2984 sumus.
399 2934 467 2983 quae
482 2923 524 2968 est
539 2917 708 2968 habitabilis.
736 2917 842 2967 alterae
860 2917 930 2967 duae
943 2917 1153 2980 inhabitabiles,
1175 2919 1224 2968 sed
1241 2917 1357 2984 physica

219 2987 324 3036 ratione
337 2987 415 3036 nobis
429 2989 491 3036 sunt
503 2986 671 3051 incognitae.
695 2985 868 3051 prohibemur
886 2986 956 3035 enim
974 2986 1090 3036 transire
1109 2987 1223 3036 adustae
1236 2987 1357 3052 regionis

219 3053 348 3104 calorem.
367 3055 415 3103 sed
425 3055 489 3120 quia
497 3054 526 3104 in
537 3053 648 3104 meridie
657 3054 780 3103 brumam
791 3053 1039 3117 animaduertimus‚
1053 3054 1124 3104 ultra
1134 3053 1219 3104 solem
1229 3070 1356 3120 magnum

218 3122 337 3188 spatium
356 3121 426 3172 caeli
445 3137 547 3172 uacare
565 3122 665 3172 scimus
684 3126 712 3172 et
729 3122 757 3170 in
776 3121 942 3172 contrariam
960 3121 1037 3171 nobis
1061 3129 1165 3187 partem
1189 3123 1247 3172 eius
1265 3123 1356 3172 radios

218 3191 284 3240 ferri
303 3199 330 3240 et
353 3190 576 3255 quemadmodum
594 3191 638 3240 bic
660 3187 701 3240 ita
718 3189 776 3239 illic
794 3189 926 3252 deficere,
948 3190 995 3239 ubi
1011 3190 1173 3240 ‹lesacerunt
1190 3205 1251 3240 esse
1269 3191 1356 3257 frigus

218 3273 279 3308 cnm
292 3259 421 3317 tenebris,
435 3263 462 3308 et
474 3259 537 3308 iude
552 3259 672 3322 aliquam
685 3263 789 3322 partem
803 3259 868 3306 ferri
881 3257 909 3306 in
921 3259 1069 3322 proximum
1080 3257 1168 3308 locum
1178 3263 1205 3308 et
1215 3274 1248 3308 ex
1259 3257 1356 3308 adusta

218 3327 345 3390 regione,
359 3342 428 3391 qum
442 3327 534 3376 linitur
546 3325 664 3376 brumali
676 3325 816 3375 solstitiali
830 3325 946 3386 circulo,
968 3323 996 3376 in
1015 3325 1128 3376 eundem
1145 3325 1290 3391 peruenire
1307 3341 1354 3376 ua-

217 3411 324 3460 porem,
343 3399 371 3444 ct
387 3401 501 3459 utroque
519 3395 602 3444 mixto
620 3394 733 3459 perinde
752 3399 933 3458 temperatam
952 3393 1064 3444 efficere
1081 3395 1221 3460 regionem
1238 3393 1355 3444 mediam

225 3515 349 3522 ——u-0—
383 3515 414 3521 »-

304 3595 315 3645 l
333 3582 528 3642 solestioialis
542 3579 577 3640 Α1
592 3580 777 3642 solisticialis
791 3578 828 3639 ΑΒ
844 3583 872 3639 Β
885 3575 901 3663 ll
915 3529 1354 3662 quartusyemalisdqusrhle-

218 3670 304 3728 malis
317 3672 344 3726 B
358 3663 371 3749 ΙΙ
387 3677 403 3728 2
418 3671 574 3728 Varronem
588 3672 738 3726 Atticinum
750 3685 810 3724 esse
826 3687 882 3725 aron
900 3679 1009 3726 certum
1021 3673 1092 3740 puto
1107 3669 1148 3742 cf.
1163 3669 1356 3736 Quintilianus

218 3757 272 3826 14,
289 3763 308 3813 4
323 3749 336 3834 ll
352 3765 369 3815 3
384 3753 423 3812 nd
435 3750 470 3812 A¹
485 3751 569 3813 aar
585 3749 598 3836 ll
615 3752 760 3812 aetheriis
773 3753 918 3826 Scalipcr:
935 3753 1075 3811 ethereus
1087 3757 1110 3811 A
1122 3749 1327 3812 aetherisBA²
1341 3747 1353 3834 ll

217 3840 301 3900 zonis
316 3835 329 3920 ΙΙ
346 3841 373 3896 Β
389 3851 407 3900 s
425 3839 483 3898 hac
505 3835 544 3896 B¹
561 3834 574 3920 ΙΙ
588 3839 704 3897 hiamas
723 3837 839 3906 hiemes
854 3833 891 3894 A¹
911 3838 941 3897 ia
953 3838 1070 3896 hiemes
1086 3833 1124 3896 Α2
1140 3837 1235 3896 hemis
1251 3839 1279 3894 B
1295 3838 1356 3898 ima

217 3926 324 3985 hiemis
351 3926 464 3983 Salonio
483 3918 496 4005 ll
518 3923 616 3983 medic
634 3927 675 3994 Β,
694 3927 920 4003 relicuo1mque
944 3923 1062 3982 calores
1081 3927 1210 3998 margine
1228 3926 1374 3982 lacerato¹

214 4015 367 4086 perierunt
385 4004 399 4088 ll
420 4021 436 4068 ὁ
454 4009 509 4068 sed
527 4014 646 4084 scripsi:
672 4010 716 4068 sic
732 4011 784 4066 ΑΒ
811 4007 824 4091 {l
851 4006 951 4067 media
973 4012 1000 4066 Β
1024 4003 1038 4083 ll
1065 4012 1222 4066 calunntur
1241 4010 1268 4064 Β
1293 4001 1307 4089 ll
1338 4017 1355 4070 6

218 4116 307 4176 quarn
335 4097 445 4153 ΑΒΒΒ
463 4097 577 4153 Salomo
597 4104 624 4152 ct
648 4096 724 4153 Ovct.
753 4097 840 4154 Talei.
860 4095 989 4154 Malacit.
1020 4097 1129 4152 Volent.
1145 4087 1158 4172 ll
1174 4091 1271 4151 ualid⁰
1292 4097 1320 4150 B
1339 4087 1352 4174 ll

215 4199 377 4260 numquam
391 4189 424 4238 ut
438 4180 558 4240 auferat
569 4175 635 4239 A¹B
649 4189 677 4236 el
687 4183 716 4236 E
728 4197 874 4254 superscr.
892 4180 937 4239 uis
949 4199 1082 4260 numqua
1094 4179 1201 4238 afferat
1213 4173 1251 4235 Α2
1269 4177 1351 4256 nam·

215 4285 307 4346 quam
322 4265 442 4324 auferat
453 4269 479 4324 Β
491 4285 652 4345 numquam
668 4273 700 4322 ut
716 4266 847 4324 aufferra
864 4285 882 4322 a
895 4267 973 4324 Ovct.
987 4283 1148 4345 numquam
1159 4272 1211 4322 aut
1222 4263 1353 4323 aufferre

218 4354 305 4411 Telet.
328 4352 456 4410 Molucil.
486 4353 593 4410 Volent.
618 4347 623 4428 l
655 4351 724 4428 igue
743 4347 839 4410 A¹1ut
868 4352 944 4410 Onet.
971 4353 1056 4410 Tulei.
1084 4351 1202 4408 Molurit
1242 4351 1351 4408 Valent.

214 4433 284 4513 igne
303 4431 368 4494 ΒΑ2
389 4429 403 4518 ll
424 4455 486 4516 qua
506 4436 580 4496 solis
599 4435 698 4496 calido
716 4457 878 4517 numquam
898 4444 964 4496 rota
989 4437 1108 4496 ferueat
1132 4397 1353 4512 ignchulr'per
