3078 5072
233 332 274 396 56
605 352 647 392 oe
672 351 759 392 virus
781 351 995 392 runvsrnravs

235 505 372 588 Corpore
400 507 433 564 et
458 507 582 564 statura
610 498 673 562 fuit
699 497 849 583 grandis,
878 497 985 584 aquilo
1013 498 1137 582 colore,
1165 497 1248 564 facie
1277 501 1372 566 rusti·

233 625 331 684 cana,
360 600 549 676 ualetudine
577 601 701 678 uariat,
734 623 808 665 uam
836 598 1026 687 plerumque
1057 623 1076 663 a
1104 601 1269 666 stomacho
1296 611 1329 666 et
1352 624 1373 666 a

234 704 385 786 faucibus
409 725 448 767 ac
469 701 580 768 dolore
604 701 720 788 capitis
731 701 927 784 laborabat,
951 704 1143 788 sanguinem
1157 705 1255 768 otiam
1276 725 1372 792 saepe
1428 711 1430 716 ’

208 801 213 823 ¹
233 806 362 874 reiecit:
386 805 451 870 cibi
474 805 608 892 uinique
622 803 762 880 minimi,
783 802 929 898 libidinis
951 805 984 868 iu
1000 827 1117 890 pucros
1133 807 1280 892 pronior,
1297 829 1372 893 quo·

321 1013 334 1063 l
348 1029 387 1078 sq.
407 1011 559 1079 porphyrio
571 1012 637 1061 Hor.
651 1015 704 1060 sat.
718 1011 731 1060 I
747 1010 777 1073 3,
790 1009 835 1062 3⁶2:
850 1011 905 1062 ‘hic
918 1011 1020 1061 dicitur
1032 1011 1141 1078 pulsare
1154 1013 1314 1078 Virgilium,
1327 1014 1372 1078 qui

234 1082 359 1133 indecori
379 1086 407 1131 et
423 1081 545 1146 corporis
565 1083 592 1128 et
610 1079 720 1128 habitus
735 1079 804 1143 fuit)
825 1079 926 1128 Comm.
940 1080 1021 1145 Cruq.
1042 1081 1106 1130 Hor.
1121 1086 1173 1130 sat.
1194 1081 1249 1142 15,
1267 1079 1300 1130 ts
1318 1099 1372 1146 sq:

235 1150 279 1201 ‘se
309 1149 491 1215 ait-lippum,
520 1147 666 1213 Virgilium
696 1153 787 1198 autem
811 1147 935 1209 crudum3
965 1147 1114 1198 laborabat
1143 1149 1215 1198 enim
1239 1149 1373 1199 stomachi
1442 1191 1450 1202 .

235 1217 385 1278 cruditate,
411 1217 482 1283 quod
500 1217 590 1266 cibum
614 1215 750 1280 ingestum
769 1214 919 1265 difficulter
942 1220 1144 1282 concoqueret¹
1179 1217 1269 1268 Acron
1293 1217 1373 1266 adh.

233 1285 268 1336 l.:
304 1285 360 1336 ‘Ad
376 1285 523 1350 Virgilium
541 1283 643 1344 retulit,
663 1283 733 1348 quod
750 1281 866 1334 difficile
884 1283 1039 1352 digerebat.
1064 1285 1210 1335 dicebatur
1229 1285 1301 1335 euim
1318 1290 1373 1335 stc-

234 1353 362 1404 macbum
380 1353 473 1403 dolere
491 1350 649 1428 Virgilius·

235 1575 317 1658 quod
339 1595 405 1633 cum
426 1574 570 1651 magister
591 1573 702 1632 stabuli
727 1572 866 1649 Augusto
889 1573 1064 1648 recitasset,
1095 1573 1242 1654 duplicari
1264 1575 1322 1654 ipsi
1343 1575 1374 1633 in

235 1658 406 1720 mercedem
421 1680 516 1738 panes
528 1658 624 1718 iussit.
653 1677 719 1716 cum
729 1657 802 1716 item
821 1679 858 1718 ex
870 1659 1021 1737 Hispania
1037 1659 1176 1736 Augusto
1191 1676 1282 1719 canes
1295 1659 1374 1718 dono

235 1747 425 1805 mitterentur
440 1754 470 1803 et
488 1743 630 1822 parentes
650 1763 753 1802 eorum
766 1741 842 1802 dixit
863 1753 893 1802 et
915 1746 1046 1803 animum
1061 1745 1311 1824 celeritatemque
1328 1745 1373 1804 fu·

237 1841 344 1890 turam.
364 1850 423 1910 quo
441 1829 561 1906 cognito
574 1827 697 1888 mandat
705 1829 817 1886 iterum
828 1829 955 1906 Virgilio
968 1850 1063 1908 panes
1079 1829 1236 1908 duplicari.
1255 1827 1372 1889 dubita·

236 1915 280 1974 uit
305 1915 462 1992 Augustus
486 1913 646 1974 Octauiine
668 1911 746 1972 filius
768 1923 850 1972 esset
871 1935 910 1973 an
931 1914 1073 1974 alterius:
1106 1913 1197 1994 idque
1217 1915 1376 1974 Maronem

237 2001 355 2079 aperire
375 2019 465 2077 posse
481 1998 643 2058 arbitratus
661 2009 723 2070 cst,
749 1998 821 2077 quia
844 2018 951 2058 canum
975 2009 1005 2058 et
1025 2001 1095 2078 oqui
1111 2009 1249 2058 naturam
1266 2019 1373 2078 pareu-

237 2095 344 2166 tcsque
363 2093 517 2161 cognorat.
553 2085 660 2164 amotis
672 2084 763 2162 igitur
773 2083 910 2142 omnibus
924 2082 1044 2143 arbitris
1059 2084 1143 2142 illum
1155 2085 1185 2142 in
1196 2083 1376 2162 peritiorem

236 2179 354 2250 partem
372 2168 477 2228 domus
490 2179 579 2228 vocat
591 2177 622 2229 et
636 2167 733 2226 solum
750 2177 836 2245 rogat
847 2189 886 2228 an
902 2171 979 2228 sciat
994 2171 1132 2249 quisnam
1151 2178 1233 2227 essct
1244 2179 1273 2226 et
1285 2188 1376 2248 quam

237 2255 275 2313 ad
288 2253 480 2314 felicitandos
492 2255 629 2313 homines
641 2253 817 2312 facultatem
827 2253 963 2314 haberet.
982 2255 1093 2327 ‘uoui,’
1110 2255 1206 2333 inquit
1218 2255 1314 2326 Maro,
1330 2256 1374 2311 ‘te

237 2342 354 2400 Caesar
368 2338 507 2416 Auguste
526 2347 556 2398 et
572 2341 667 2398 ferme
684 2359 810 2419 acquam
824 2359 891 2396 cum
904 2339 950 2397 dis
963 2337 1181 2398 immortalibus
1194 2346 1376 2418 potestatem

236 2424 349 2484 habere
365 2433 398 2482 ut
413 2426 550 2505 quemuis
567 2424 688 2484 felicem
700 2424 819 2482 facias!
841 2427 888 2482 ‘eo
905 2423 1005 2483 animo
1017 2426 1111 2495 sum’,
1129 2421 1374 2503 responditflae·

237 2531 300 2582 sar,
316 2510 367 2568 ‘ut
378 2509 403 2568 si
419 2529 525 2568 uerum
539 2529 592 2589 pro
606 2519 712 2586 rogatu
728 2509 840 2569 dixeris
855 2507 977 2568 beatum
990 2519 1020 2568 te
1032 2509 1215 2588 felicemque
1227 2507 1375 2566 reddam'

236 2595 384 2668 ‘utinam',
401 2595 443 2652 ait
458 2595 555 2667 Maro,
576 2595 785 2670 ‘interroganti
799 2593 856 2656 tibi
871 2613 945 2658 ocra
961 2593 1062 2652 dicere
1078 2594 1210 2674 queam)
1230 2599 1299 2651 tunc
1312 2592 1376 2652 Au·

226 2689 357 2756 gustus:
392 2681 517 2757 ‘putant
533 2679 584 2737 alii
600 2699 648 2738 me
667 2688 770 2738 uatum
787 2677 931 2737 Octauio:
963 2678 1086 2758 quidam
1102 2679 1294 2756 suspicantur
1316 2678 1375 2736 alio

236 2785 283 2823 me
295 2764 430 2841 genitum
446 2763 537 2822 essc.'
550 2764 637 2823 Maro
650 2763 817 2834 subridens,
834 2763 962 2836 ‘facilc’,
978 2764 1084 2843 inquit,
1102 2765 1137 2822 ‘si
1148 2765 1268 2842 impune
1281 2761 1375 2821 liceu-

236 2859 342 2929 terque
359 2848 442 2927 loqui
454 2847 555 2920 iubes,
567 2847 599 2906 id
614 2847 734 2906 dicam!
764 2848 894 2908 affirmat
911 2847 1026 2908 Caesar
1041 2851 1104 2907 iure
1120 2847 1246 2908 iurando
1261 2848 1376 2906 nullum

238 2935 302 2992 eius
325 2933 438 2992 (lictum
457 2952 548 3010 aegre
563 2931 708 3003 laturum,
730 2934 819 2992 immo
841 2953 899 2990 nrm
917 2933 976 2991 uisi
993 2933 1134 2992 donatum
1151 2933 1189 2992 ab
1209 2953 1244 2990 eo
1262 2931 1375 2991 disces·

237 3038 347 3076 surum.
366 3017 496 3077 adhaec
512 3017 616 3076 oculos
632 3017 726 3076 oculis
739 3019 869 3094 Augusti
885 3019 1012 3096 infigens
1025 3019 1125 3090 Mauo,
1144 3017 1306 3088 ‘facilius',
1324 3017 1376 3087 ait,

238 3103 287 3160 ‘in
309 3104 419 3162 ceteris
436 3102 614 3162 animalibus
630 3102 793 3182 qualitates
811 3113 970 3182 parentum
992 3124 1010 3161 a
1029 3102 1249 3162 mathematicis
1268 3111 1297 3161 et
1312 3101 1376 3180 phi·

236 3187 370 3267 losophis
395 3189 538 3266 cognosci
559 3195 701 3265 possunt:
740 3188 770 3246 in
790 3187 911 3246 homine
934 3207 1126 3268 nequaquam
1152 3186 1296 3266 possibile
1321 3197 1376 3245 est.

237 3272 291 3332 sed
310 3272 347 3332 de
368 3283 397 3330 tc
415 3275 616 3332 coniecturam
633 3271 731 3332 babeo
748 3272 876 3332 similem
892 3274 956 3331 ueri
971 3283 1004 3332 ut
1020 3272 1092 3353 quid
1109 3273 1279 3331 exercuerit
1292 3280 1379 3350 pater

236 3368 306 3416 tuus
327 3359 405 3418 scire
419 3359 555 3435 possim!
582 3366 697 3416 attente
714 3357 896 3436 expectabat
911 3357 1067 3435 Augustus
1087 3356 1230 3438 quidnam
1249 3356 1377 3418 diceret.

237 3451 268 3502 at
286 3442 353 3502 ille:
372 3443 529 3522 ‘quantum
546 3461 602 3518 ego
615 3462 677 3501 rem
692 3443 863 3520 intelligere
880 3463 1012 3521 possum,
1027 3443 1148 3522 pistoris
1163 3442 1242 3501 filius
1259 3443 1315 3512 es’,
1333 3440 1377 3498 irs

235 3529 309 3608 quit.
337 3526 533 3606 obstupuerat
546 3527 660 3587 Caesar
671 3538 700 3585 et
716 3529 816 3586 statim
830 3547 889 3606 quo
905 3527 934 3586 id
949 3537 1039 3608 pacto
1054 3527 1118 3586 fieri
1132 3527 1262 3606 potuerit
1279 3527 1378 3584 animo

236 3610 388 3671 uoluebat.
405 3613 627 3690 interrumpens
639 3612 795 3689 Virgilius,
812 3611 924 3685 ‘audi,’
943 3614 1053 3694 inquit,
1070 3613 1141 3692 ‘quo
1154 3621 1244 3690 pacto
1261 3610 1292 3670 id
1307 3630 1376 3668 cou-

235 3697 315 3756 iicio.
361 3717 427 3756 cum
455 3696 606 3779 quaedam
633 3698 817 3756 enunciarim
842 3697 1106 3778 praedixerimque
1137 3717 1216 3776 quac
1250 3695 1378 3771 intelligi

235 3781 367 3862 scirique
389 3802 449 3841 non
469 3783 527 3841 nisi
552 3781 589 3840 ab
612 3779 822 3840 eruditissimis
844 3783 1027 3863 summisque
1043 3783 1115 3840 uiris
1130 3781 1316 3860 potuissent,
1346 3787 1378 3837 tu

235 3869 376 3946 princeps
392 3867 471 3926 orbis
487 3869 559 3926 item
576 3876 606 3926 et
622 3867 693 3924 item
707 3887 802 3945 panes
818 3867 848 3925 in
863 3866 1035 3928 mercedem
1050 3867 1116 3948 dari
1133 3866 1266 3925 iussisti:
1296 3863 1376 3944 quod

236 3951 358 4030 quidem
376 3960 427 4010 aut
445 3951 566 4030 pistoris
583 3961 635 4010 aut
650 3951 713 4010 nati
729 3951 842 4030 pistore
856 3952 989 4012 officium
1006 3954 1092 4011 erat’
1122 3951 1237 4030 placuit
1253 3949 1378 4010 (lassari

236 4037 358 4094 facetia·
391 4038 435 4094 ‘at
450 4036 628 4114 deinceps’,
648 4037 746 4114 inquit
762 4036 893 4108 Caesar,
920 4039 996 4095 ‘nou
1020 4038 1165 4116 apistore
1179 4035 1244 4102 ¹scd
1269 4055 1287 4094 a
1307 4053 1378 4110 rege

236 4121 427 4196 magnanimo
449 4121 529 4180 dorm
545 4121 656 4179 feres’:
689 4120 834 4201 illumque
858 4121 978 4199 plurimi
996 4122 1069 4180 fecit
1092 4129 1122 4181 et
1140 4119 1272 4180 Pollioni
1296 4139 1377 4177 com-

236 4203 391 4263 mendauit
415 4226 432 4274 ς
453 4199 466 4286 ΙΙ
491 4217 498 4266 1
524 4205 632 4282 grandi
650 4225 667 4274 ς
685 4197 704 4298 η
721 4206 822 4286 aquilo
845 4209 965 4265 Daniel:
992 4207 1086 4286 aquili
1106 4209 1131 4264 B
1149 4205 1282 4286 aquilino
1308 4206 1355 4273 Βς
1372 4199 1380 4282 l

236 4297 252 4348 2
267 4297 297 4347 et
312 4288 451 4348 faucibus
468 4311 485 4360 ς
498 4285 511 4371 ll
526 4300 542 4350 4
555 4284 763 4369 cibriuinuque
776 4293 803 4349 R
819 4286 832 4372 ll
847 4291 960 4350 minimi
978 4312 1009 4360 ς.·
1025 4291 1146 4350 minime
1158 4293 1213 4348 BR
1229 4285 1241 4370 ll
1257 4289 1380 4368 prouior

236 4373 263 4430 Il
277 4375 407 4453 pronior.
427 4373 472 4432 bis
490 4377 516 4432 Β
531 4375 680 4453 pronioris
697 4370 739 4456 3ss
755 4375 888 4435 lrbrdmrs
914 4377 944 4434 in
959 4396 1069 4456 pueros
1090 4375 1228 4457 pronior,
1253 4394 1378 4454 quorum
