3072 5064
767 406 897 452 rsssvtt

418 894 674 973 INCER'I'I
714 895 1043 972 PRATORVM
1083 894 1250 970 LIBRI

524 1137 651 1198 LIBER
671 1137 730 1198 DE
755 1137 928 1198 Guneus
950 1135 1139 1198 VESTIVM

266 1319 341 1390 [περὶ
359 1314 506 1390 ὀνομάτων
522 1323 628 1390 κυρίων
646 1320 695 1374 καὶ
714 1317 794 1382 ἰδέας
813 1315 983 1391 ἐσθημάτων
1001 1319 1049 1374 καὶ
1067 1316 1259 1390 ὑποδημάτων
1276 1320 1326 1374 καὶ
1344 1323 1401 1374 τοῖν

621 1399 714 1460 ἄλλον
726 1401 770 1468 οἷς
782 1425 824 1467 τις
836 1397 1040 1476 οἷμφιὲννοοαι]

159 1527 229 1598 165
350 1542 523 1608 Suetonius
544 1544 577 1606 in
600 1543 683 1608 libro
706 1543 747 1608 de
767 1563 887 1627 genere
908 1542 1047 1608 uestium
1069 1542 1149 1607 dicit
1165 1542 1229 1606 tria
1250 1563 1322 1606 esse
1344 1563 1400 1626 ge-

267 1665 345 1708 nera
366 1661 595 1722 rpasssuvu:
634 1666 733 1708 unum
756 1645 807 1708 dis
829 1653 1007 1726 sacratum,
1029 1643 1116 1732 quod
1139 1651 1189 1708 est
1208 1652 1334 1708 tanturn
1359 1642 1401 1707 de

266 1767 424 1832 purpura:
465 1745 554 1812 aliud
578 1769 707 1832 regum,
737 1745 823 1834 quod
851 1755 902 1812 eet
926 1768 1140 1834 purpureum,
1169 1745 1268 1810 habet
1289 1753 1401 1810 tamen

266 1845 376 1912 album
397 1847 539 1934 aliquid:
577 1849 708 1912 tertiunr
727 1847 883 1936 augurale
905 1847 945 1912 de
967 1869 1111 1936 purpura
1132 1856 1164 1912 et
1186 1869 1292 1912 coneo.

155 2024 225 2098 166
345 2032 486 2118 Νουμᾶς
513 2023 609 2100 ὁκαὶ
627 2029 823 2120 Πομπήλιος
844 2031 1023 2117 δεξάμενος
1047 2026 1254 2118 πρεσβευτὰς
1275 2031 1312 2098 ἐκ
1343 2033 1420 2117 τῆςῑ

264 2129 372 2220 χώρας
392 2135 460 2200 τοῖν
479 2135 671 2222 λεγομένων
694 2137 881 2220 Πελασγῶν
902 2134 1093 2220 φοροῦντας
1112 2130 1281 2220 χλαμύδας
1301 2131 1402 2218 ἐχού-

351 2305 398 2364 165
422 2310 533 2362 Servius
555 2311 623 2362 Aen.
647 2311 698 2362 VIl
721 2311 784 2360 612:
817 2311 881 2376 Ipse
904 2310 1042 2372 Quirinali
1070 2307 1177 2376 trabes]
1206 2309 1270 2359 ‘aut
1298 2307 1400 2375 regali,

265 2384 313 2430 aut
335 2397 389 2445 qua
411 2395 475 2432 naua
499 2384 541 2430 est
559 2379 688 2430 Romulus
712 2378 852 2445 intellige3
875 2379 1021 2430 Horatius:
1044 2377 1178 2428 Trnbeeti
1201 2379 1261 2428 iure
1279 2378 1399 2439 Quirini.

265 2447 450 2499 Suetonius
512 2463 626 2500 eoeeo.
651 2447 789 2510 Quirinali
802 2463 866 2513 erge
884 2445 992 2511 regali)
1012 2446 1163 2512 Cinctaque
1176 2443 1294 2510 Gabino]
1315 2445 1400 2496 Gabi·

264 2531 315 2570 nus
338 2519 445 2568 cinctus
461 2520 512 2574 ost
535 2521 602 2582 toga
619 2515 660 2566 sie
682 2517 711 2565 in
735 2520 840 2580 tergum
858 2516 965 2566 reiecta
986 2519 1017 2564 nt
1039 2529 1094 2564 una
1112 2515 1170 2566 eius
1194 2513 1298 2564 laeInie
1321 2529 1400 2564 reuo-

265 2591 329 2636 eeta
354 2585 491 2636 bominem
518 2585 620 2649 cingat.
658 2582 709 2633 hoe
736 2588 827 2632 autem
853 2584 1013 2632 rrestimenti
1038 2599 1139 2700 periere
1166 2587 1275 2632 ueteres
1303 2581 1401 2632 Latini

264 2668 325 2704 eum
342 2652 459 2704 necdum
478 2667 554 2702 arma
571 2651 706 2702 haberent
722 2651 891 2716 praecinctis
909 2650 1148 2716 registetensem,
1168 2651 1239 2700 unde
1253 2649 1337 2699 etiem
1350 2650 1400 2708 mi-

229 2735 236 2754 ·
263 2720 327 2772 lites
345 2722 374 2770 in
392 2721 536 2784 precinctu
549 2735 609 2770 esse
629 2720 765 2770 dicuntur.
791 2718 843 2769 boe
861 2733 953 2768 rursus
970 2719 1100 2768 utebatur
1110 2718 1203 2769 consul
1216 2717 1291 2768 bella
1310 2717 1400 2768 indie·

263 2793 339 2838 turus
357 2787 418 2838 ideo
443 2803 502 2838 eum
522 2786 606 2838 Gabii
628 2787 798 2852 Campaniae
822 2786 922 2836 ciuitas
939 2787 1026 2838 saeris
1043 2793 1210 2854 operaretur,
1234 2785 1337 2836 belluna
1355 2801 1400 2836 au·

263 2855 321 2906 bito
341 2856 442 2905 euenit.
478 2861 542 2905 tune
561 2857 636 2906 ciues
655 2855 741 2904 eineti
759 2855 831 2920 tegis
848 2855 905 2904 suis
924 2855 958 2904 ab
982 2855 1037 2904 eris
1057 2855 1092 2904 ad
1107 2854 1181 2905 bella
1199 2854 1319 2920 proiecti
1336 2859 1401 2904 eunt

265 2929 293 2973 et
311 2923 405 2988 adepti
423 2923 578 2972 uictoriam.
614 2927 726 2987 propter
748 2921 818 2988 quod
842 2937 920 2973 omen
937 2922 989 2972 tali
1007 2922 1104 2973 habitu
1126 2938 1183 2974 sern
1204 2939 1234 2972 er
1250 2921 1401 2972 utebantur

264 2993 292 3040 in
315 2989 405 3040 bellis.
440 2991 511 3041 unde
535 2991 581 3040 hie
599 2995 673 3040 ortus
692 2995 734 3040 est
752 2987 829 3040 mos)
862 2990 1164 3050 ServiusAen.V111
1206 3007 1212 3040 :
1240 2990 1401 3040 succinctus

264 3055 374 3124 trabea]
393 3059 469 3122 ‘toga
487 3065 530 3109 est
549 3073 681 3123 augurum
699 3057 733 3108 de
752 3073 872 3124 purpura
885 3063 913 3107 et
926 3056 1028 3109 coeco.'
1056 3057 1168 3108 Servius
1180 3057 1249 3108 Aen.
1263 3057 1316 3108 vu
1337 3057 1399 3108 190:

264 3127 343 3183 ‘Nem
367 3125 458 3176 aneile
483 3131 511 3176 et
533 3126 632 3177 trabea
656 3127 811 3176 eommunia
833 3132 897 3176 sunt
919 3141 979 3176 eum
998 3126 1075 3176 Diali
1097 3127 1142 3177 uel
1160 3124 1283 3176 Martiali
1306 3141 1401 3176 saeer-

264 3192 392 3246 detibus.’
421 3193 532 3244 Servius
550 3195 618 3244 Aen.
637 3193 676 3244 XI
694 3193 757 3245 334:
777 3193 974 3244 ‘Romanorum
992 3195 1064 3244 eninr
1078 3195 1272 3262 imperatorum
1289 3194 1401 3258 insigne

263 3263 317 3314 fuit
334 3261 405 3312 sella
428 3263 531 3312 eurulis
551 3268 579 3312 et
602 3262 708 3312 trabea.
749 3277 813 3312 nam
835 3261 962 3312 diadema
984 3267 1015 3311 ut
1033 3262 1149 3313 alierum
1172 3263 1295 3326 gentium
1318 3277 1402 3328 reges

264 3348 318 3383 nen
336 3328 496 3381 habebant)
526 3331 646 3382 isidorus
665 3331 753 3394 origg.
772 3331 878 3380 XVIIII
897 3331 945 3392 24,
964 3329 992 3380 8:
1023 3330 1141 3380 ‘Trabea
1159 3337 1219 3381 ernt
1236 3335 1319 3395 togae
1338 3347 1401 3396 epe-

265 3401 323 3450 eies
342 3415 375 3450 ex
394 3413 513 3464 purpura
532 3405 560 3451 et
579 3413 673 3460 noceo,
693 3414 746 3462 qua
764 3400 852 3464 operti
871 3399 1054 3448 Romanorum
1072 3415 1151 3464 reges
1170 3399 1250 3448 initio
1268 3399 1400 3464 procede·

264 3469 340 3518 bant.
376 3466 449 3518 haue
470 3468 586 3533 prImum
609 3465 740 3516 Remulus
764 3466 940 3517 adiuuenisse
964 3465 1123 3532 perhibetur
1145 3467 1180 3517 ad
1204 3466 1401 3516 discretionem

264 3536 335 3602 regii
357 3534 478 3586 habitus.
518 3535 616 3585 trabea
640 3539 731 3584 autern
753 3534 843 3596 dieta,
873 3535 943 3600 quod
965 3535 994 3584 in
1021 3535 1118 3584 maiori
1147 3534 1235 3599 gloria
1262 3534 1401 3584 homiuem

263 3602 438 3654 transbearet
455 3603 508 3654 hoe
526 3609 569 3654 eet
586 3602 659 3652 ultra
682 3607 710 3652 et
727 3602 756 3652 in
773 3609 911 3668 posterum
923 3603 1049 3668 ampliori
1062 3603 1197 3669 dignitate
1210 3603 1321 3654 honoris
1333 3603 1400 3654 bea·

264 3677 320 3722 tum
339 3671 465 3722 iaceret)
502 3671 538 3730 ei.
557 3670 649 3721 Sebol.
668 3671 743 3720 Pers.
762 3669 864 3720 11128.

350 3733 398 3792 166
421 3739 539 3790 Ioannes
556 3737 675 3788 Malalaa
693 3755 719 3804 p.
738 3736 785 3790 33:
805 3737 974 3804 Νονμμοῐς
993 3731 1028 3789 tt
1048 3730 1063 3790 ὁ
1081 3735 1141 3789 καὶ
1230 3729 1400 3804 ἐσθῆτος,

262 3801 362 3867 καθώς
373 3799 389 3859 ὁ
402 3799 564 3872 σοφώτατος
580 3799 760 3872 recipientes
773 3805 922 3871 Ῥωμαίων
935 3800 1075 3871 ἱστορικὸς
1087 3805 1177 3858 ταῦτα
1188 3801 1400 3871 ουνεγράψατο.

264 3875 419 3928 chronicon
437 3874 569 3940 paschale
588 3874 601 3923 I
618 3891 645 3938 p.
658 3874 721 3924 217:
748 3859 839 3932 Onitae
858 3873 1029 3941 Νοομμᾶς
1048 3867 1209 3926 ὁκαὶ...
1230 3865 1400 3940 ἐσθῆτος,

265 3971 459 3980 ——q

350 4024 361 4075 i
384 4012 518 4074 Sitonins
539 4013 643 4070 Daniel
662 4011 676 4095 Η
696 4031 810 4089 genera
829 4032 897 4072 esse
915 4015 1013 4088 Βορέα.
1033 4021 1108 4072 1974
1125 4016 1222 4072 Paris.
1244 4014 1401 4087 7929111)-

262 4102 364 4156 siensis
383 4092 397 4180 ll
417 4107 434 4160 2
452 4106 499 4158 est
511 4131 552 4142 —-
565 4107 666 4156 tamen
677 4117 729 4156 em.
745 4101 898 4156 Parisinus
921 4104 994 4156 7959
1015 4117 1039 4178 s.
1062 4103 1092 4158 Χ
1106 4094 1118 4179 ΙΙ
1133 4109 1151 4162 3
1166 4097 1281 4178 aliquid
1296 4097 1401 4158 album

263 4185 387 4242 mixtum
406 4203 538 4263 purpure
559 4185 656 4242 Paris.
682 4188 755 4242 7959
770 4176 814 4262 lle
838 4201 927 4240 coeno
950 4185 1068 4256 Daniel,
1091 4187 1259 4259 Repinensir
1279 4189 1353 4241 1495
1376 4203 1400 4242 s.

264 4272 293 4326 X
295 4271 313 4326 I
326 4287 416 4326 coeco
430 4270 552 4328 mixtum
568 4273 649 4344 vulpe
664 4261 677 4350 [Ι
693 4265 844 4342 allevatia
856 4269 976 4340 Suedas,
993 4269 1138 4328 Cedrenus
1148 4267 1294 4344 Νουμμᾶς
1305 4270 1402 4328 Mala·

264 4357 321 4422 iae,
336 4356 440 4412 Cluen.
453 4357 557 4427 pascit.
574 4349 588 4436 ΙΙ
603 4345 776 4428 Πομπήλιος
793 4347 1219 4430 91νοο.ραοο1ι,11ομαηὶανός
1237 4355 1364 4413 Mazarae
1386 4349 1401 4438 ΙΙ

264 4437 458 4512 6φοροῦντας
473 4439 612 4512 Melaina,
632 4441 777 4497 cedrenus
791 4429 966 4513 φορούντων
986 4441 1088 4498 Giren.
1102 4443 1202 4514 paret.
