3190 5098
273 379 335 441 lut
666 397 890 448 ovaasrroaas
908 397 1137 443 serranianus
1240 459 1247 467 .

279 552 402 626 Vergilia
417 554 480 608 uati
499 553 629 610 absoluta
651 559 701 608 eat.
735 547 846 608 deinde
868 549 960 610 etiam
977 549 1039 610 alia
1056 552 1182 633 antiqua
1199 539 1348 612 memoria
1360 552 1412 613 ab·

271 672 342 712 osus
375 662 422 712 est
453 652 669 731 interpolator,
705 671 767 731 qna
797 653 1043 714 narratiunculas
1072 654 1144 714 illas
1176 656 1411 715 consarcinaret.

272 753 437 815 Suetonius
460 755 542 814 enim
561 755 592 814 in
615 755 679 813 vita
697 755 829 831 Augusti
845 769 877 814 c.
893 762 910 816 4
924 753 1034 830 relert,
1055 755 1222 816 Antonium
1240 753 1412 836 despician-

270 864 332 917 tem
355 857 446 916 etiam
465 865 635 917 maternam
655 856 788 934 Augusti
811 856 959 934 originem
981 855 1146 930 obiecisse,
1174 875 1323 936 proavum
1346 860 1412 920 eius

270 959 340 1018 Afri
355 957 477 1036 generis
493 957 586 1018 fuisse
608 964 640 1017 et
659 956 749 1017 modo
772 959 1005 1036 unguentariam
1026 959 1184 1020 tabernam
1205 959 1294 1020 modo
1310 961 1411 1040 pistri-

269 1081 341 1121 num
357 1061 482 1164 Ariciae
498 1059 684 1119 exercuisse.
718 1059 873 1138 Vergilius
888 1061 980 1138 igitur
993 1060 1220 1140 interpolatoris
1238 1083 1299 1122 noa
1315 1061 1412 1122 solum

270 1163 346 1223 mira
368 1162 537 1241 sagacitate
559 1161 714 1221 intellexit
737 1162 908 1240 Augustum
936 1163 1057 1242 pistoris
1082 1161 1177 1224 lilium
1200 1183 1283 1238 esse,
1306 1183 1411 1224 verum

270 1265 362 1326 otiam
378 1283 457 1346 qnae
474 1272 520 1324 est
535 1264 625 1324 huius
641 1263 761 1341 Vergili
779 1263 956 1337 sinceriter,
978 1263 1105 1326 Caesari
1120 1267 1230 1346 sperit.
1269 1283 1328 1325 nec
1347 1267 1411 1325 Aa·

269 1375 375 1447 gustus
390 1365 473 1447 qnod
489 1375 636 1445 expectes
650 1365 746 1425 talem
762 1365 957 1426 insolentiam
981 1385 1074 1445 aegre
1091 1366 1167 1440 fert;
1190 1369 1280 1428 irnmo
1298 1377 1333 1428 ut
1352 1368 1412 1427 iam

152 1547 155 1555 Ι
269 1469 371 1530 verbis
393 1469 489 1547 inepti
512 1467 643 1528 hominis
662 1476 744 1543 utar,
761 1471 874 1542 placuit
894 1470 1053 1543 citocatia.
1085 1471 1132 1529 ‘at
1151 1472 1299 1544 daiacapa’
1320 1471 1413 1544 iuquit

270 1574 378 1630 Cacsar
401 1573 474 1629 ‘aaa
497 1589 514 1626 a
539 1575 649 1643 pistore
670 1575 722 1628 scd
746 1589 765 1627 a
786 1587 853 1646 rapa
871 1576 1053 1646 magnanimo
1072 1575 1148 1630 dona
1161 1573 1257 1646 sarcs’
1276 1575 1412 1645 illumque

265 1677 387 1747 plurimi
400 1674 472 1747 fecit
488 1679 515 1728 ct
531 1671 654 1730 Polliam·
666 1675 880 1731 commendauit.

354 1771 472 1833 Eadem
497 1771 576 1832 ratio
597 1773 782 1852 conspicitur
806 1775 838 1834 in
868 1793 906 1834 ea
931 1774 1227 1838 narratiuncularam
1250 1775 1410 1846 varietate,

269 1895 349 1958 quae
362 1877 393 1936 in
408 1875 499 1936 finem
516 1877 597 1935 vitae
613 1875 752 1935 coniecta
768 1883 824 1936 est.
854 1877 1036 1957 incipiente
1052 1875 1162 1938 fraudo
1177 1877 1253 1938 satis
1264 1895 1410 1937 memora·

268 1977 334 2038 bili.
370 1995 440 2036 nam
461 1995 529 2036 cum
548 1977 688 2036 Donatus
720 1978 751 2036 in
777 1977 839 2038 tina
862 1977 978 2038 Aacoai
1002 1977 1133 2039 Pediani
1164 1979 1288 2052 librum,
1321 1997 1411 2058 quera

270 2088 376 2140 contra
390 2077 609 2138 obtrectatores
624 2078 743 2156 Vergili
758 2081 897 2159 scripsit,
912 2091 1175 2142 commemorasset
1189 2082 1315 2160 eiusque
1330 2099 1409 2140 snm-

267 2201 348 2241 mam
367 2181 501 2242 breviter
516 2181 760 2260 perstrinxisset,
784 2181 842 2240 hac
867 2182 1047 2243 nobilissimi
1067 2183 1203 2276 historici
1229 2183 1410 2243 anctoritate

269 2293 503 2344 commentorum
520 2283 704 2360 farraginem
716 2285 876 2343 exornavit
891 2284 1101 2365 interpolator,
1119 2285 1229 2366 quibus
1241 2283 1409 2362 Vergilium
1451 2287 1454 2293 ‘

267 2395 302 2448 ut
314 2405 461 2446 summum
477 2385 596 2446 virtutis
622 2393 653 2442 at
675 2385 845 2466 sapientiae
865 2387 1037 2465 exemplum
1054 2386 1215 2448 inlustrare
1231 2385 1345 2448 studet.
1378 2387 1410 2445 in

267 2487 315 2548 his
333 2496 500 2550 memoratu
514 2487 626 2565 dignae
650 2497 720 2547 runt
735 2487 875 2562 fabulae,
898 2507 980 2568 quae
1001 2507 1142 2549 versuum
1163 2488 1283 2549 illornrn
1306 2487 1358 2570 qni
1379 2488 1409 2546 in

268 2591 402 2669 antiquis
420 2587 614 2667 anthologiae
633 2589 749 2649 latinae
765 2589 852 2650 libris
866 2590 986 2669 Vergili
1002 2609 1069 2652 esse
1090 2590 1232 2651 dicuntur
1253 2590 1410 2670 explican-

269 2689 373 2750 dorum
390 2709 484 2750 causa
497 2689 589 2750 fictae
604 2687 756 2750 videntur.
792 2709 872 2771 quas
890 2690 1013 2772 quidem
1029 2712 1069 2753 ex
1085 2693 1257 2774 antiquiore
1273 2702 1409 2772 tempore

267 2791 389 2852 scilicet
410 2811 450 2852 ex
471 2793 537 2872 ipso
558 2791 659 2852 madio
683 2809 761 2853 aevo
788 2792 977 2872 repetendae
997 2803 1083 2868 aaut,
1113 2795 1195 2876 quod
1216 2794 1327 2855 similia
1350 2795 1409 2854 iam

268 2890 306 2952 ab
322 2892 502 2953 Alexandro
518 2892 628 2954 abbate
646 2892 782 2954 Gelesini
805 2897 980 2956 monasterii
998 2897 1029 2956 in
1050 2894 1128 2957 libro
1149 2897 1189 2958 do
1208 2877 1300 2957 rebus
1314 2895 1409 2974 gestis

265 2993 392 3072 Rogerii
413 2994 538 3055 Siciliae
563 2997 761 3074 regisp.12'1
784 2995 833 3059 ed.
850 2997 953 3057 Burm.
974 2996 1070 3076 (thes.
1093 2997 1177 3058 Sicil.
1201 2997 1249 3075 V)
1270 2997 1407 3058 releuan-

267 3103 323 3167 tar,
340 3114 440 3174 paene
455 3095 563 3157 eadem
577 3115 652 3156 vero
667 3098 698 3157 iu
714 3097 855 3159 chronico
873 3099 1056 3174 Mantuano,
1080 3101 1129 3161 oni
1148 3101 1326 3179 inscriptum
1346 3107 1408 3160 est:

266 3199 461 3273 Aliprandiua
485 3203 546 3258 osia
566 3204 685 3258 cronica
708 3203 784 3260 delta
806 3202 865 3260 citri
886 3206 917 3261 ur·
929 3203 1067 3263 Maatooa
1087 3207 1118 3262 ar·
1130 3197 1329 3262 Buduamaatc
1350 3201 1408 3259 Aa·

264 3303 379 3374 praedo
400 3303 536 3360 cittadiao
555 3301 715 3361 Mantuano
737 3301 864 3382 (Murat.
881 3313 944 3364 ant.
965 3303 1035 3368 Ital.
1051 3304 1080 3365 V
1094 3324 1123 3385 p.
1141 3313 1209 3370 1063
1225 3302 1309 3385 sqq.)
1324 3295 1408 3362 lib.I

267 3421 334 3482 cap.
349 3400 533 3481 elegantur.
561 3423 684 3484 qaorum
704 3403 757 3464 ille
772 3405 851 3466 vixit
868 3405 950 3466 circa
965 3425 1077 3468 annum
1094 3416 1175 3480 nro,
1190 3406 1241 3465 hic
1257 3405 1339 3467 circa
1355 3423 1407 3464 an·

265 3522 337 3564 num
353 3511 430 3568 lttt.
454 3504 591 3586 Bathylli
607 3503 719 3567 deinde
734 3517 842 3587 poetae
857 3527 967 3568 nomen
984 3506 1103 3587 (Egens
1118 3507 1230 3568 dicitur
1243 3507 1326 3588 apud
1343 3503 1408 3565 Ali·

264 3603 428 3684 prandnm)
450 3605 531 3687 quod
548 3609 729 3683 narrationi,
753 3629 812 3689 quo
833 3628 873 3668 ex
897 3609 1078 3688 antiquitate
1101 3617 1229 3691 recepta
1242 3608 1407 3684 videretur,

265 3707 393 3766 inlatum
408 3716 470 3781 est,
491 3709 653 3787 repetitum
669 3710 792 3770 videtur
810 3730 850 3771 ex
866 3710 995 3771 obscura
1009 3713 1154 3772 memoria
1172 3711 1307 3772 familiae
1318 3709 1408 3780 ‚illius

265 3809 421 3868 mimorum
443 3809 632 3890 temporibus
645 3810 812 3872 Caesarum
827 3813 1097 3874 celebratissimae.
1133 3815 1192 3874 iam
1215 3833 1295 3894 quae
1316 3813 1408 3874 finam

264 3911 341 3972 facit
354 3913 600 3987 narratiuncula,
622 3933 684 3993 qua
698 3915 856 3993 Augustus
878 3915 916 3977 de
931 3915 1091 3976 reddenda
1104 3935 1138 3977 re
1154 3915 1279 3997 publica
1294 3916 1408 3976 amicos

140 4037 151 4060 ·
267 4011 443 4074 consultans
470 4013 638 4092 inducitur,
671 4015 788 4095 pendet
812 4036 917 4078 rursus
943 4037 963 4078 a
985 4016 1200 4079 recordatione
1221 4016 1407 4098 Tranquilli,

265 4115 318 4194 qui
337 4113 397 4174 hoc
419 4115 485 4175 eius
506 4117 666 4177 consilium
687 4118 782 4180 luisse
804 4139 830 4178 c.
851 4127 887 4183 28
905 4119 1008 4180 tradit.
1042 4129 1145 4182 cetera
1167 4118 1298 4181 adfinxit
1313 4120 1406 4180 iuter·

264 4217 394 4295 polator.

348 4316 444 4379 Aliud
466 4319 680 4381 emblematum
701 4341 799 4401 genus
821 4341 860 4382 ex
892 4323 1017 4385 scholiis
1038 4323 1226 4404 Vergilianis
1250 4331 1408 4403 receptum

264 4429 325 4495 est,
353 4421 385 4480 iu
411 4421 523 4500 quibus
548 4441 628 4504 qnae
652 4421 808 4485 advitam
831 4434 942 4505 poetas
964 4426 1032 4487 visa
1053 4435 1124 4486 sunt
1144 4427 1301 4505 pertinere
1323 4425 1408 4486 ritae
