3138 5100
286 392 348 455 526
701 413 734 456 ιιι
747 413 845 455 vrrsu
860 413 1008 456 munuum

282 563 356 645 quid
371 562 430 624 sibi
449 563 534 637 velit,
556 565 661 642 ignoro
678 565 763 624 iuxta
779 585 845 624 curn
861 563 1079 644 ignarissumis.
1115 548 1180 622 Nec
1198 561 1356 640 Scaligero
1374 565 1414 620 ds·-

281 677 346 724 'cens
361 664 522 726 tolerabile
539 667 653 740 visum,
677 676 710 726 ut
726 669 778 749 qui
799 673 891 726 omnia
912 662 1006 726 dulcio
1021 683 1156 742 promens
1175 666 1267 724 toeite
1285 664 1415 724 ediderit

281 768 312 826 in
328 765 495 828 Catciectis
514 789 545 850 p.
566 779 616 832 tat
640 768 687 830 ed.
704 769 870 830 Lindenbr.
890 789 916 829 a.
934 779 1011 834 1617.
1049 768 1140 847 Quod
1162 787 1229 828 cum
1245 789 1264 826 a
1277 767 1414 827 similitu·

282 867 352 930 dine
368 859 537 930 litterarum
551 891 659 952 parum
674 872 945 932 commendationis
961 871 1089 944 habeat,
1105 869 1177 929 vide
1192 889 1263 928 num
1278 890 1295 930 e
1309 873 1415 928 dulde-

280 975 375 1031 diceas
389 971 498 1034 litteris
513 974 624 1034 rectius
635 975 788 1034 effecerim
803 972 985 1034 ἀιιὶείᾶιζιεεηι
996 973 1025 1032 h.
1038 993 1065 1033 c.
1078 975 1169 1031 dulcia
1180 977 1305 1032 mareas.
1336 971 1416 1031 Nam

280 1074 363 1154 quod
379 1092 454 1134 come
469 1073 577 1136 Cicero
594 1074 683 1151 dicit,
707 1096 775 1136 cum
790 1074 852 1136 suis
869 1077 921 1158 qui
936 1077 1017 1136 infra
1031 1074 1123 1156 positi
1140 1083 1210 1134 sunt
1224 1071 1362 1134 versibus
1378 1073 1414 1134 Ο.

281 1176 398 1237 Caesar
410 1182 470 1236 leae
486 1179 716 1257 interpretetur,
732 1179 843 1240 lenitas
858 1187 960 1239 autern
975 1179 1065 1238 ctiam
1082 1177 1169 1238 arida
1182 1197 1251 1238 esse
1267 1185 1297 1237 et
1315 1175 1416 1237 ieiuna

279 1279 391 1358 possit,
407 1281 472 1339 iure
491 1269 545 1340 suo
563 1279 671 1341 Cicero
689 1281 845 1342 videbitur
860 1283 941 1342 omni
956 1283 1106 1341 suavitate
1124 1281 1242 1340 mistam
1257 1279 1415 1340 lenitatem

279 1381 311 1440 in
333 1391 425 1460 poete
444 1363 639 1464 praedicare,
665 1385 769 1464 utqui
794 1385 874 1444 intra
895 1383 1028 1443 lenitatis
1052 1382 1173 1464 quidem
1193 1381 1244 1442 vei
1264 1381 1416 1442 comitatis
1455 1401 1458 1408 ·

279 1482 355 1542 fines
373 1481 423 1562 (eo
440 1485 519 1544 enirn
535 1495 656 1565 spectet
670 1486 752 1567 quod
766 1485 924 1566 praemisit
939 1486 1102 1546 Suetonius
1119 1485 1225 1544 ‘Cicero
1240 1485 1416 1542 kactenus

279 1585 404 1664 ΙαιιιΙαΡ)
427 1585 503 1646 nihil
524 1585 694 1648 dulcedinis
711 1589 859 1662 omiserit,
880 1587 941 1648 vim
957 1597 1059 1648 autem
1073 1596 1105 1646 et
1119 1586 1317 1666 gravitatem,
1335 1605 1415 1668 quas

279 1689 420 1768 opposita
435 1698 482 1748 est
497 1689 631 1764 lenitati,
649 1690 829 1751 destituerit.

363 1789 438 1868 Ρη
454 1791 504 1864 34,
522 1793 542 1852 8
561 1791 599 1852 de
614 1793 773 1872 praeclara
790 1791 1014 1866 emendatione,
1030 1811 1090 1872 qua
1105 1789 1332 1852 incesseris
1348 1809 1413 1850 car·

279 1891 359 1952 mine
376 1912 395 1951 a
410 1891 558 1973 Stephani
575 1896 673 1955 amico
690 1905 718 1954 te
733 1899 919 1964 insomniato
942 1893 1083 1954 effectum
1104 1903 1150 1954 est
1168 1913 1185 1954 s
1200 1894 1331 1954 Parisini
1352 1911 1414 1952 me·

279 1993 374 2052 moria
389 2003 418 2052 tu
433 1998 461 2052 ia
475 2001 633 2068 summs'sso,
648 2017 709 2058 non
723 2005 772 2056 est
786 1995 868 2078 quod
880 1994 1003 2055 'dicatur
1016 1995 1164 2078 pluribus.

363 2097 463 2158 Versu
480 2097 519 2159 10
540 2099 622 2179 qnod
642 2103 734 2159 uerbo
750 2099 890 2184 Scaliger
907 2097 1076 2179 expetebat·
1091 2119 1145 2178 pro
1163 2102 1290 2174 scupis,
1309 2097 1414 2176 opina·

278 2207 330 2258 tae
349 2197 521 2277 elegantiae
542 2201 648 2261 fallaci
665 2202 769 2282 specie
790 2200 937 2280 deceptus
957 2210 1012 2260 est.
1053 2199 1135 2260 Setis
1154 2208 1227 2260 nota
1246 2207 1316 2260 sunt
1330 2197 1415 2279 apud

278 2301 438 2362 Horatium
454 2306 543 2362 ιιαιι
559 2307 664 2380 scapo
679 2303 775 2364 eorm.
793 2316 815 2374 1,
832 2315 873 2376 ιο,
886 2311 930 2377 ss,
946 2287 1043 2379 speie
1056 2307 1168 2379 moena
1181 2303 1296 2361 ummo
1308 2306 1415 2376 saepo

278 2403 376 2483 Epist.
392 2415 415 2478 1,
434 2412 475 2478 19,
491 2413 534 2479 te,
552 2409 723 2464 Graecorum
740 2409 929 2481 catiqm'ssima
944 2411 1050 2480 scripto
1064 2417 1090 2463 11
1099 2451 1106 2480 ,
1125 2416 1154 2478 1,
1169 2413 1218 2478 21,
1233 2421 1293 2462 mcc
1307 2408 1415 2477 scripto

277 2506 374 2568 Serra.
391 2519 419 2585 1,
435 2515 468 2580 t,
485 2507 539 2570 232'
558 2515 591 2566 ut
607 2508 642 2567 in
656 2517 767 2588 poetae
789 2507 968 2568 testimoniis
992 2527 1039 2566 me
1061 2507 1231 2566 contineam
1253 2505 1293 2566 ad
1306 2513 1415 2586 poetas

278 2608 497 2688 spectantibus.
537 2611 587 2669 De
607 2611 674 2690 ipso
695 2620 796 2671 antem
811 2609 957 2670 Terentio
977 2628 1039 2668 non
1056 2609 1220 2670 Suetonius
1234 2615 1350 2668 tanturn
1363 2627 1414 2667 su·

278 2730 334 2789 pra
348 2731 378 2790 p.
396 2719 446 2782 30,
464 2721 482 2774 3
505 2715 575 2770 ‘uon
590 2710 721 2772 obscura
736 2713 818 2772 sama
838 2721 886 2772 est
900 2705 1035 2771 adiutum
1054 2715 1082 2768 ia
1098 2715 1211 2786 scriptis
1225 2730 1244 2769 a
1258 2709 1366 2770 Laelio
1383 2719 1415 2769 et

279 2809 447 2890 Scipions’,
470 2791 544 2872 item'
563 2833 592 2893 p.
607 2821 689 2886 32st
713 2816 822 2873 ‘mores
845 2833 922 2894 quos
943 2833 1003 2872 non
1025 2811 1151 2892 perinde
1176 2814 1360 2891 exprimeret
1381 2813 1414 2870 in

276 2915 407 2988 semptis',
422 2913 478 2974 sed
489 2913 715 2991 Quinctilianus
730 2935 852 2997 quoque
869 2926 943 2995 x,·1,
959 2925 993 2979 99
1007 2914 1090 2974 ‘licet
1101 2915 1240 2974 Terentii
1254 2919 1358 2990 scripto
1373 2913 1413 2974 ad

278 3012 452 3094 Scipionem
467 3003 646 3075 Africanum
669 3017 860 3077 referantur‘.
896 3016 1088 3098 Quamquam
1109 3016 1183 3076 alibi
1203 3015 1316 3076 accidit
1335 3035 1412 3075 sane

277 3124 311 3176 ut
328 3116 360 3175 in
378 3122 484 3193 compta
504 3125 695 3178 verterentur
715 3139 794 3199 quae
815 3127 907 3200 poeta
927 3124 1013 3178 aerbo
1034 3118 1179 3194 dixisset,
1201 3128 1235 3179 ut
1256 3120 1287 3178 in
1307 3117 1412 3178 Ovidii

278 3219 367 3298 epist.
384 3237 422 3278 ex
439 3221 537 3280 Ponto
555 3231 581 3294 1,
596 3233 628 3294 5,
646 3229 671 3281 2.
685 3253 727 3266 -
752 3221 789 3281 In
806 3223 890 3282 exitu
902 3241 1010 3282 versus
1028 3221 1162 3281 notabile
1181 3229 1228 3281 est
1244 3233 1349 3281 verum
1367 3220 1412 3278 in-

276 3321 517 3401 terpunctionem
538 3343 557 3382 a
569 3323 709 3384 Bentleio
725 3322 897 3405 Wolfioqoe
919 3324 1088 3384 restitutam
1107 3333 1243 3384 veterem
1260 3321 1337 3382 adeo
1353 3321 1413 3380 Pa·

276 3423 402 3485 risinum
416 3443 567 3488 servasse.
827 3405 834 3432 Ι

361 3525 461 3588 Versu
484 3528 521 3589 12
553 3545 640 3604 nequo
665 3529 719 3586 too
747 3531 874 3602 despecta
898 3545 937 3586 ae
962 3538 1045 3604 porte
1068 3533 1175 3588 iaceres
1199 3526 1280 3586 idem
1299 3525 1413 3585 Parisi-

276 3645 350 3688 nus:
376 3629 428 3689 ubi
442 3647 481 3688 cx
496 3651 514 3690 a
529 3630 658 3690 noviciis
677 3629 763 3690 libris
779 3629 934 3711 plerisque
952 3629 1054 3703 abest,
1075 3651 1093 3690 a
1109 3639 1213 3690 vetere
1228 3637 1329 3688 autem
1345 3647 1412 3686 eor·

277 3741 395 3792 rectore
409 3731 471 3807 illo,
488 3733 573 3792 cuius
591 3732 722 3810 vestigia
739 3731 978 3794 codeerhinas
994 3741 1106 3806 servat,
1122 3733 1168 3791 sic
1186 3741 1234 3792 est
1249 3739 1412 3790 mutatum:

275 3849 366 3910 aeque
380 3839 408 3893 ta
426 3838 480 3894 tac
496 3837 640 3911 despectas
651 3845 735 3910 porte
751 3840 867 3894 iaceres.
904 3837 945 3894 Et
958 3834 1034 3893 iliud
1050 3833 1188 3916 quidem,
1203 3851 1292 3909 neque
1305 3838 1333 3891 ιιι
1348 3835 1413 3904 tac,

276 3945 399 4015 praeter
414 3939 570 4012 rationem,
585 3957 647 4019 qua
661 3955 730 3996 aeae
744 3939 799 3995 tac
814 3927 914 4016 potius
930 3936 1133 3996 commendari
1150 3935 1278 3996 Rothius
1292 3934 1414 3994 intelle·

276 4040 335 4098 xit:
353 4059 470 4100 summa
485 4049 586 4100 autem
597 4060 664 4100 cum
676 4039 831 4100 evidentia
842 4039 979 4099 veritatis
995 4043 1137 4114 despectus
1151 4058 1206 4118 pro
1222 4041 1350 4113 despectu
1365 4053 1414 4108 ex,

279 4142 363 4200 cuius
380 4144 548 4222 scripturae
567 4141 779 4202 defendendae
796 4142 846 4200 vie
862 4140 946 4200 nulls
957 4149 1051 4220 patet.
1075 4141 1223 4219 Quemvis
1236 4141 1315 4200 enirn
1327 4137 1415 4198 facili

196 4241 199 4250 '
278 4247 513 4318 constructione,
535 4243 664 4304 simodo
681 4250 784 4303 iaceret
797 4243 962 4322 recipiatur
980 4229 1019 4304 esi
1033 4243 1167 4304 editione
1181 4243 1334 4322 principe,
1361 4261 1413 4300 su·

276 4345 445 4424 potioribus
467 4347 544 4406 hacc
565 4348 791 4408 continuentur:
824 4363 895 4404 noue
915 4349 970 4405 hoc
989 4349 1117 4420 despecto
1138 4363 1177 4404 es
1199 4353 1282 4419 porte
1300 4349 1415 4414 iaceret,

276 4455 378 4508 umen
394 4451 462 4528 ipsa
475 4450 552 4510 ratio
567 4450 736 4510 sentcntiae
752 4447 861 4508 obstet.
896 4448 1018 4528 Quippe
1035 4447 1110 4508 nihil
1127 4447 1301 4506 offensionis
1317 4451 1414 4518 esset,
