3162 5058
614 431 791 474 mercaris
814 433 988 482 ιιειιανιΑε
1306 419 1367 483 355

311 575 485 664 Pompeius
500 579 598 642 uictis
614 579 730 665 piratis
746 579 904 644 Cilicibus
921 581 1039 668 partim
1055 580 1176 645 ibidem
1196 583 1316 667 partim
1330 573 1447 645 in209

228 677 369 744 Graecia
390 681 509 764 partim
531 678 564 742 in
587 677 741 744 Calabria
761 703 858 766 agros
880 680 980 746 dedit.

312 845 533 932 (Ventidium)
549 885 554 900 ·
568 847 707 912 Bassum
743 849 918 915 Suetonius
956 847 1170 937 Tranquillus
1206 845 1452 944 praeposi-210

226 957 293 1012 tum
312 969 384 1012 esse
407 969 428 1012 a
442 949 486 1012 lll.
510 949 655 1014 Antonio
674 951 852 1035 prouinciis
874 951 1087 1016 orientalibus
1111 951 1313 1040 Parthosque
1335 954 1369 1016 in

205 1049 356 1135 sSyriam
368 1051 634 1137 introrumpentis
649 1051 754 1116 tribus
769 1052 811 1116 ab
826 1072 864 1115 eo
879 1051 1013 1139 proeliis
1030 1053 1119 1118 lusos
1133 1053 1265 1132 scribit,
1282 1076 1369 1118 eum·

310 1199 362 1258 209
377 1203 488 1254 Servius
507 1221 600 1270 georg.
619 1205 676 1255 Illi
697 1205 759 1255 1272
795 1207 939 1270 Corycium
958 1208 1061 1258 uidisse
1079 1205 1186 1274 sonem]
1208 1208 1238 1259 ‘a
1257 1209 1366 1260 Cilicia.

227 1271 346 1336 Corycos
365 1273 436 1322 onim
456 1273 557 1324 ciuitas
576 1281 617 1324 est
637 1274 769 1338 Ciliciae,
794 1276 823 1324 in
842 1290 895 1340 qna
915 1281 1021 1326 antrum
1042 1276 1107 1326 illud
1127 1277 1260 1326 famosum
1278 1293 1367 1342 paene

228 1340 263 1389 ab
287 1340 411 1390 omnibus
435 1341 612 1390 celebratum.
656 1349 683 1391 et
711 1358 760 1407 per
783 1343 927 1392 transitum
955 1345 1046 1408 tangit
1071 1343 1214 1394 historiam
1238 1360 1368 1395 memora·

227 1413 283 1456 tam
308 1425 324 1458 a
343 1407 482 1458 Suetonio.
519 1409 700 1474 Pompeius
725 1411 797 1459 enim
816 1411 922 1462 uictis
941 1413 1068 1476 piratis
1155 1411 1262 1476 dedit,
1296 1413 1367 1462 nude

227 1475 369 1526 Lucanum
404 1476 446 1526 Aa
469 1475 566 1526 melina
590 1475 657 1526 licat
679 1478 786 1542 piratae
805 1479 906 1542 Magne
926 1479 1023 1528 coloni.
1055 1479 1126 1528 male
1146 1485 1238 1528 antem
1257 1480 1367 1544 quidam
1425 1475 1449 1520 '-

227 1541 372 1606 Corycium
399 1544 535 1608 proprium
559 1551 685 1594 asserunt
708 1561 768 1594 esse
792 1561 904 1607 nomen,
937 1561 997 1595 cum
1026 1549 1063 1596 sit
1086 1546 1283 1612 appellatinum
1307 1549 1367 1597 eius

227 1612 273 1674 qui
292 1627 365 1661 more
384 1611 500 1673 Corycio
524 1609 617 1660 hortos
640 1613 770 1662 excoluit.
807 1613 878 1678 quod
901 1615 985 1664 etiam
1009 1613 1094 1663 Plinii
1118 1615 1275 1665 testimonio
1295 1631 1366 1664 com·

226 1676 376 1744 probatur.'
413 1677 504 1728 Schol.
523 1678 604 1728 Bern.
629 1680 658 1728 in
680 1680 705 1729 h.
731 1680 762 1729 l.:
787 1679 943 1746 Corycium}
971 1681 1100 1745 ‘Corycos
1118 1683 1219 1732 ciuitas
1238 1681 1365 1742 Ciliciae,

226 1745 254 1794 in
273 1761 327 1810 qua
345 1751 452 1796 antrum
470 1745 536 1796 illud
556 1747 764 1797 tamosissimnm
783 1764 872 1813 paene
891 1749 926 1798 ab
944 1749 1070 1799 omnibus
1088 1749 1271 1810 celebratum,
1296 1743 1366 1816 qnod

226 1813 319 1863 stadia
336 1813 386 1863 XX
411 1814 523 1864 circiter
546 1829 600 1865 non
623 1814 705 1878 longe
728 1831 745 1864 a
764 1816 833 1866 mari
857 1822 885 1865 et
907 1816 1027 1866 mirabili
1049 1823 1148 1866 natura
1167 1817 1367 1868 lertilissimnm

227 1887 269 1930 est
287 1881 399 1946 rupibus
422 1880 618 1931 circumdatum
641 1882 785 1932 altissimis
809 1885 978 1949 inriguisqne
1006 1885 1128 1934 fontibus
1151 1883 1302 1934 abundans.
1339 1891 1367 1934 et

226 1963 275 2014 per
299 1949 446 1998 transitum
474 1950 564 2014 tangit
592 1949 734 2000 historiam
759 1966 775 2000 a
799 1952 931 2001 Suetonio
954 1953 1057 2014 (stanio
1081 1949 1153 2015 eod.)
1178 1959 1363 2003 memoratam.

227 2017 373 2080 Pompeius
392 2017 463 2066 enim
480 2017 563 2066 uictis
581 2018 681 2082 partim
699 2019 727 2066 in
741 2018 841 2070 Cilicia
859 2021 958 2084 partim
977 2019 1005 2068 in
1018 2020 1139 2070 Graecia
1157 2021 1256 2085 partim
1275 2021 1303 2070 in
1314 2021 1366 2070 Ca·

227 2083 317 2134 labria
336 2099 417 2148 agros
435 2082 530 2133 dedit.¹
565 2085 629 2134 Livi
648 2085 683 2134 ab
702 2085 768 2134 urbe
784 2086 896 2136 condita
914 2087 977 2136 libri
994 2085 1028 2135 nu
1045 2086 1190 2151 periocha:
1213 2087 1275 2136 ‘Cn
1288 2089 1365 2137 Pom·

228 2153 306 2216 peius
330 2151 392 2216 lege
417 2151 452 2200 ad
470 2151 597 2216 populum
621 2152 680 2202 lata
702 2155 830 2218 persequi
854 2155 960 2218 piratas
979 2155 1081 2215 iussus,
1106 2154 1152 2218 qui
1176 2156 1366 2204 commercium

227 2233 353 2269 annonms
372 2217 598 2280 intercluserunt,
623 2220 697 2269 intra
721 2221 959 2284 quadragesimum
987 2221 1059 2270 diem
1083 2227 1141 2270 toto
1159 2223 1228 2270 mari
1252 2236 1298 2271 eos
1322 2237 1366 2271 ex·

226 2287 297 2352 pulit
314 2285 443 2351 belloque
460 2301 520 2336 cnm
539 2288 580 2336 eis
593 2288 622 2336 in
635 2287 736 2336 Cilicia
755 2289 883 2338 coniecto
903 2290 1027 2352 acceptis
1040 2289 1068 2336 in
1087 2287 1255 2338 deditionem
1267 2289 1366 2354 piratis

227 2369 308 2418 agros
327 2359 355 2402 et
371 2355 453 2404 nrbes
471 2352 567 2403 dedit.¹
604 2355 716 2406 Cassius
734 2355 787 2404 Dio
805 2353 846 2412 :tu
865 2355 906 2406 37.

189 2432 195 2442 '
310 2418 361 2472 210
375 2421 481 2472 Gellius
498 2421 562 2482 XV,
581 2422 610 2470 l:
648 2422 694 2471 ‘In
712 2423 883 2472 sermonibus
901 2437 987 2488 nuper
1005 2423 1058 2472 luit
1075 2423 1211 2472 seniorum
1230 2423 1367 2474 hominum

227 2495 256 2539 et
272 2490 451 2552 eruditorum,
476 2489 575 2539 multos
594 2490 622 2539 in
639 2495 733 2540 uetere
752 2492 883 2540 memoria
902 2490 1064 2540 altissimum
1088 2491 1234 2555 dignitatis
1253 2491 1367 2556 gradum

228 2558 385 2608 ascendisse
404 2557 621 2622 ignobilissimos
634 2559 708 2622 prius
721 2557 845 2608 homines
858 2567 886 2608 et
898 2557 1142 2624 despicatissimos.
1167 2558 1237 2608 nihil
1251 2559 1320 2608 adeo
1332 2558 1366 2608 de

228 2641 362 2690 quoquam
385 2630 481 2674 tantae
505 2625 682 2675 admirationi
706 2626 772 2688 init,
814 2632 916 2676 nautae
939 2625 1062 2688 inerunt,
1091 2639 1161 2690 quae
1184 2625 1218 2675 de
1236 2625 1366 2677 Ventidio

227 2693 314 2743 Basso
332 2693 437 2757 scripta
455 2699 526 2742 aunt.
563 2709 623 2742 eum
641 2693 784 2743 Picentem
833 2694 886 2744 isse
906 2709 1007 2758 genere
1026 2698 1055 2744 st
1072 2693 1134 2743 loco
1151 2692 1246 2742 huudll
1265 2699 1293 2742 et
1310 2709 1366 2744 ma·

227 2765 296 2810 trem
320 2761 378 2810 eins
402 2775 419 2809 a
437 2761 567 2827 Pompeio
586 2761 720 2810 Strabone
738 2761 852 2827 Pompei
870 2763 965 2826 Magni
988 2765 1065 2826 patre
1086 2759 1159 2810 bello
1177 2761 1289 2822 sociali,
1315 2775 1366 2824 quo

227 2828 379 2878 Asculanos
397 2827 519 2892 subegit,
544 2833 740 2893 captam‘cnm
762 2829 822 2893 ipso
846 2843 920 2890 esse,
949 2845 1009 2879 mox
1033 2827 1217 2894 triumphante
1236 2828 1367 2894 Pompeio

228 2895 361 2946 Strabone
376 2911 436 2944 enm
449 2911 553 2960 quoqne
566 2911 679 2960 puerum
692 2897 764 2946 inter
782 2903 888 2946 ceteros
907 2904 970 2947 ante
989 2911 1096 2945 currum
1114 2897 1288 2961 imperatoris
1306 2898 1368 2945 sinu

227 2965 323 3013 matris
346 2967 455 3012 uectum
474 2977 547 3026 esee,
579 2970 641 3029 post
659 2979 720 3014 cnm
739 2964 907 3014 adoleuisset
927 2965 1030 3014 uictum
1049 2963 1103 3013 sibi
1122 2979 1206 3028 aegre
1225 2965 1367 3028 quaesisse

228 3047 341 3096 eumque
355 3030 461 3080 sordide
473 3031 610 3081 inuenisse
624 3032 817 3098 comparandis
830 3032 909 3081 mulis
923 3038 950 3082 et
961 3031 1111 3094 uehiculis,
1134 3047 1203 3097 quae
1222 3033 1367 3096 magistra-

228 3099 302 3148 tibus
315 3099 360 3164 qui
372 3099 463 3148 sortiti
475 3099 633 3163 prouincias
646 3100 738 3150 forent
749 3101 908 3164 praebenda
919 3099 1029 3166 publice
1047 3099 1232 3150 conduxisset.
1272 3101 1301 3147 in
1314 3100 1367 3148 isto

227 3172 344 3232 quaestu
363 3173 454 3216 notum
474 3181 534 3216 esse
557 3168 682 3231 coepisse
701 3168 731 3216 C.
752 3167 868 3217 Caesari
891 3173 920 3216 et
943 3183 1003 3216 cum
1028 3183 1060 3216 eo
1083 3167 1235 3232 proiectum
1259 3181 1319 3215 esse
1338 3167 1367 3214 in

228 3233 344 3283 Callias.
380 3241 436 3282 tum
456 3235 520 3298 quia
538 3235 567 3284 in
585 3249 619 3284 ea
637 3235 781 3299 prouincia
799 3236 868 3284 satis
887 3235 996 3284 nauiter
1008 3240 1133 3284 uersatus
1152 3238 1225 3285 esset
1244 3239 1272 3282 et
1290 3233 1365 3281 dein-

228 3317 292 3366 ceps
311 3302 388 3350 ciuili
406 3300 480 3350 bello
499 3302 630 3350 mandata
647 3301 700 3350 sibi
719 3302 850 3366 pleraque
868 3303 976 3366 inpigre
995 3309 1023 3350 et
1041 3307 1150 3351 strenue
1169 3301 1292 3358 lecisset,
1311 3313 1366 3347 non

228 3369 305 3418 modo
324 3370 352 3418 in
372 3369 522 3418 amicitiam
536 3369 665 3418 Caesaris
683 3367 731 3418 sed
751 3385 784 3418 ex
803 3384 837 3418 en
856 3371 884 3418 ia
903 3369 1099 3434 amplissimum
1121 3383 1225 3432 quoquc
1244 3367 1365 3416 ordinem

229 3437 401 3501 peruenisse,
427 3451 486 3484 mox
510 3437 647 3486 tribunum
670 3451 774 3500 quoque
799 3435 873 3500 plebi
895 3451 928 3485 ae
952 3435 1051 3486 deinde
1070 3441 1225 3500 praetorem
1244 3439 1366 3483 creatum

228 3509 310 3568 atque
329 3505 356 3552 in
376 3520 408 3553 eo
427 3509 548 3568 tempore
568 3503 718 3552 iudicatum
743 3519 803 3552 esse
829 3509 962 3553 assnatn
978 3504 1085 3552 hostem
1104 3517 1163 3551 cum
1181 3502 1218 3551 Μ.
1237 3501 1364 3562 Antonio,

228 3577 289 3636 post
307 3587 371 3621 nero
389 3571 543 3622 coniunctis
562 3571 686 3636 partibus
709 3585 762 3620 non
786 3571 930 3634 pristinam
948 3576 1054 3620 tantum
1073 3569 1237 3634 dignitatern
1261 3569 1364 3632 recipe·

228 3655 318 3700 rasse,
348 3639 395 3688 aed
419 3639 609 3704 pontificatum
639 3653 671 3687 ac
694 3637 792 3688 deindo
817 3637 988 3688 consulatnm
1011 3651 1116 3702 quoquc
1140 3636 1269 3700 adeptum
1291 3651 1365 3694 esse,

228 3721 342 3770 eamque
362 3722 417 3756 rem
436 3711 493 3756 tam
512 3706 693 3756 intoleranter
710 3705 805 3755 tulisse
824 3705 952 3771 populum
971 3705 1131 3765 Romanum,
1150 3705 1196 3768 qui
1209 3703 1365 3752 Ventidium

228 3775 343 3823 ltessum
366 3775 528 3824 meminerat
551 3774 679 3823 curandis
702 3773 782 3822 mulis
806 3773 962 3834 uictimam,
987 3777 1018 3822 nt
1040 3772 1122 3837 uulgo
1145 3787 1194 3836 pcr
1211 3772 1273 3820 nias
1290 3770 1365 3819 urbis

227 3841 357 3891 uersiculi
376 3842 622 3906 proscriberentur:

431 3910 584 3960 concurrite
603 3925 696 3958 omnes
715 3923 848 3974 regines,
868 3905 1021 3973 aruspices!

430 3982 585 4043 portentum
603 3977 764 4026 inusitatum
783 3977 929 4026 conflatum
948 3983 990 4026 est
1008 3991 1115 4026 reeens:

430 4061 493 4094 nam
511 4043 599 4094 mulas
619 4045 665 4109 qni
682 4044 817 4106 fricabat,
838 4043 931 4094 consul
950 4044 1041 4093 factus
1061 4047 1110 4092 est.

155 4141 158 4150 ,
229 4110 343 4160 eundem
363 4111 502 4162 Bassum
522 4110 717 4162 Suetonins’
738 4128 761 4160 e.
781 4128 806 4175 q.
825 4127 847 4161 s.
866 4137 899 4146 -
934 4111 1046 4166 Cassius
1064 4107 1185 4172 Diels,
1208 4107 1249 4170 sl,
1269 4103 1364 4160 :itaci

229 4215 240 4222 ι
255 4215 430 4222 --ς-

315 4279 325 4328 l
345 4268 453 4344 partim
473 4253 540 4324 calc
554 4267 589 4334 ,in
609 4265 741 4326 Graecia
759 4285 812 4322 om.
829 4268 924 4322 Puris.
948 4269 1036 4334 7959,
1061 4266 1215 4320 Vaticanus
1230 4267 1304 4320 ³³17
1319 4255 1364 4343 ll²

163 4361 165 4364 “
228 4351 257 4407 in
278 4348 423 4430 Graecia]
448 4351 479 4409 in
504 4357 533 4409 in
556 4353 651 4408 Paris.
675 4369 764 4424 snper
785 4367 898 4408 versum
921 4353 1031 4406 addidit
1047 4357 1196 4406 censetor
1210 4341 1225 4429 ΙΙ
1239 4346 1364 4406 donauit

227 4436 333 4492 Dursicl
966 4435 985 4470 ⁸
1439 4429 1444 4442 ⁸

1089 4531 1155 4594 23*
