3064 5064
246 432 306 494 150
497 383 503 394 ι
745 444 877 488 enervas

243 615 413 683 usquequo
432 594 544 658 ueniat
565 593 606 658 ad
629 613 790 657 occasum.
833 591 940 679 spatia
959 589 1026 654 diei
1047 588 1111 653 dno
1134 597 1210 654 sunt
1231 587 1387 655 interdia-

244 719 320 763 num
340 706 373 761 et
389 704 599 774 nocturnum,
622 703 654 759 et
676 702 726 760 est
742 693 811 758 dies
832 693 986 760 horarum
1006 689 1148 756 XXIIII
1170 691 1310 778 spatium
1332 711 1388 755 au·

246 897 367 961 δόσειυς’
403 893 477 952 καθ’
501 895 598 966 ἕτερον
622 893 654 951 dl
676 891 784 965 τρόπον
809 891 903 966 ἡμέρα
926 893 1036 964 λέγεται
1061 890 1163 978 ρρόνος
1186 887 1201 947 ό
1225 886 1282 962 α’φ“
1304 888 1389 962 ἡλίου

245 964 387 1036 α’νατολῆς
409 963 508 1036 με’χρις
530 961 614 1035 ἡλίου
632 955 721 1028 αὖθις
739 959 891 1050 ἀνατολῆς.
923 961 979 1018 ἔστι
999 959 1031 1017 dl
1053 959 1147 1032 ημέρα
1164 957 1237 1016 κατὰ
1255 957 1305 1015 τόν
1323 957 1388 1042 δειξ-

245 1053 328 1103 τερον
351 1030 459 1102 τρόπον
482 1035 533 1087 τοῦ
558 1029 666 1102 κόσμου
693 1049 868 1115 περιοτροφη
896 1031 946 1085 καὶ
974 1033 1024 1116 τῆς
1051 1031 1238 1100 περιφερείας
1260 1021 1298 1099 ἣν
1321 1023 1387 1097 ὁη-

246 1107 305 1164 λιος
327 1103 494 1172 μεταβαίνει
516 1096 694 1162 ὑπεναντίοις
717 1118 884 1221 κινουὲιενος
911 1101 950 1167 τῷ
972 1117 1066 1180 acopos
1095 1093 1126 1152 ἐν
1150 1100 1185 1167 τῇ
1212 1099 1388 1166 περιστροφῇ

246 1172 298 1224 τοῦ
320 1165 429 1240 κόσμου
448 1209 548 1222 ......
567 1165 640 1223 κατὰ
666 1165 698 1222 δὲ
722 1164 772 1222 τόν
815 1186 930 1233 ευτερον
952 1183 1059 1234 τροτσν
1082 1168 1132 1234 τῆς
1151 1163 1315 1232 διαιρέσεως
1332 1167 1389 1218 τοῖν

228 1233 360 1315 kviperinis
382 1233 433 1292 τὸν
450 1233 504 1305 μὲν
525 1239 603 1306 μῆνα
621 1234 740 1306 λέγομεν
758 1232 835 1290 εἶναι
853 1229 967 1305 ἡμερῶν
986 1229 1019 1302 λ’,
1043 1229 1094 1288 τόν
1112 1230 1144 1287 δὲ
1169 1227 1303 1287 ἐνιαυτόν
1321 1226 1389 1302 ἡμε-

246 1341 304 1407 ρῶν
321 1325 397 1443 ree}
429 1335 486 1392 ἔστι
510 1333 542 1392 δὲ
560 1333 592 1392 τό
610 1333 828 1408 συναμφότερον
850 1332 902 1402 νόξ
925 1337 975 1390 καί
997 1330 1092 1404 ἡμέρα
1111 1330 1213 1403 χρόνος
1230 1327 1311 1403 αἱρῶν
1328 1329 1401 1401 atl‘„

247 1453 396 1528 ίσημερινὴ
415 1453 448 1510 dl
466 1449 526 1525 ὅρα
544 1426 627 1544 τόὲὂ
644 1453 729 1526 μέρος
747 1457 799 1509 τοῦ
816 1450 921 1524 χρόνον
944 1455 995 1508 τοῦ
1013 1450 1209 1522 συναγομένου
1233 1447 1263 1506 la
1288 1449 1390 1514 νυκτός

247 1559 298 1613 καὶ
318 1553 435 1630 ἡμέρας.
465 1562 591 1627 Hyginus
609 1563 641 1611 P.
660 1541 693 1610 Α..
712 1561 770 1610 IIII
790 1558 834 1609 19:
860 1560 950 1610 ‘Diem
968 1559 1048 1608 nobis
1066 1559 1240 1620 definierunt,
1260 1558 1388 1623 quamdin

247 1631 288 1681 sol
308 1631 343 1679 ob
367 1635 463 1680 exortu
482 1629 517 1678 ad
536 1644 664 1679 occasum
683 1626 846 1694 perueniat’
884 1627 1049 1678 Censorinus
1067 1625 1114 1688 23,
1136 1625 1158 1677 l.
1177 1626 1206 1674 2:
1244 1625 1390 1690 ‘Superest

247 1712 338 1763 pauca
361 1696 394 1746 de
418 1696 461 1746 die
486 1696 577 1746 dicere
602 1698 647 1760 qui
669 1702 700 1746 ut
722 1695 824 1745 mensis
848 1699 876 1744 et
897 1710 984 1744 annus
1008 1695 1106 1760 partim
1129 1693 1265 1744 naturalis
1289 1693 1389 1760 partim

248 1764 339 1814 ciuilis
364 1769 413 1814 est.
454 1764 592 1828 naturalis,
612 1764 671 1813 dies
696 1769 738 1812 cst
762 1767 869 1827 tempus
892 1763 927 1812 ab
952 1763 1091 1812 exoriente
1115 1763 1173 1812 sole
1202 1762 1237 1811 ad
1260 1761 1326 1811 solia
1344 1776 1389 1810 oc-

248 1847 355 1893 easum,
386 1831 463 1881 onina
487 1832 652 1881 contrarium
676 1837 781 1896 tempus
806 1835 848 1881 cst
870 1846 923 1880 nox
941 1831 976 1880 ab
1001 1845 1102 1880 occasu
1119 1829 1186 1880 solis
1205 1829 1239 1878 ad
1257 1835 1388 1878 exortam.

249 1899 340 1950 ciuilis
360 1903 450 1948 autem
469 1899 529 1949 dies
547 1905 662 1950 uocatur
679 1901 786 1963 tempus
810 1897 880 1963 quod
902 1898 932 1946 fit
954 1913 1008 1947 nno
1032 1896 1104 1948 caeli
1128 1897 1312 1958 circumactu,
1338 1911 1390 1960 quo

248 1967 308 2017 dics
326 1981 408 2016 uerus
428 1972 456 2016 et
473 1981 525 2015 nox
545 1968 708 2028 continetur,
727 1971 757 2014 ut
776 1981 836 2016 cum
850 1966 966 2015 dicimus
978 1965 1099 2028 aliquem
1118 1964 1177 2014 dies
1190 1965 1265 2013 XXX
1283 1969 1390 2014 tantum

247 2034 364 2084 uixisse:
383 2033 547 2098 relinquitur
566 2036 638 2084 enirn
657 2035 740 2083 etiam
759 2039 855 2084 noctes
872 2031 1055 2098 intellegere)
1086 2032 1197 2082 Servius
1209 2033 1276 2081 Aen.
1290 2031 1313 2080 V
1325 2030 1389 2081 738:

249 2102 318 2151 ‘dios
336 2104 386 2151 est
407 2101 519 2166 plenus,
544 2103 590 2166 qui
613 2101 698 2150 habet
721 2101 803 2151 horas
825 2101 926 2166 uiginti
951 2104 1086 2164 quattuor.
1123 2115 1186 2149 nam
1211 2105 1238 2149 et
1256 2115 1307 2148 nos
1326 2115 1391 2164 para

249 2169 305 2218 dici
329 2173 379 2219 est.
420 2169 535 2218 dicimus
554 2175 643 2220 autem
663 2169 735 2218 diem
755 2173 867 2232 aparte
886 2165 1023 2218 meliore.'
1046 2167 1176 2218 —Varrc
1199 2168 1231 2216 L.
1251 2167 1283 2216 L.
1302 2167 1340 2216 VI
1358 2168 1389 2215 4:

249 2237 326 2286 ‘Duo
349 2242 437 2286 motus
460 2240 537 2287 solta:
572 2241 639 2286 alter
660 2253 714 2286 cnm
737 2239 823 2297 coelo,
847 2251 895 2301 quo
918 2235 949 2284 οὒ
972 2239 1071 2286 oriente
1093 2237 1129 2284 od
1150 2249 1277 2292 occasum
1303 2236 1391 2296 uenit,

249 2319 301 2368 qno
324 2309 431 2369 tempus
460 2304 488 2353 id
512 2305 615 2354 abhoc
640 2305 691 2354 deo
714 2303 773 2353 dies
797 2301 972 2368 appellatur!
988 2330 1022 2338 —
1037 2303 1202 2353 Censorinus
1220 2301 1263 2365 23,
1281 2301 1299 2351 ll
1316 2318 1389 2366 sqq.:

249 2373 292 2421 ‘in
316 2371 397 2422 horas
420 2371 474 2422 XII
497 2372 614 2422 diuisum
639 2387 699 2422 esse
722 2371 795 2420 diem
815 2375 975 2436 noctemque
1000 2371 1029 2420 in
1057 2371 1170 2420 totidem
1193 2371 1276 2436 uulgo
1299 2377 1391 2420 uotum

250 2445 304 2488 est:
341 2441 389 2489 sed
412 2439 464 2490 hoc
488 2440 570 2490 eredo
593 2440 695 2490 Romae
719 2443 779 2504 post
807 2444 916 2502 reperta
939 2439 1043 2488 solaria
1060 2439 1242 2488 obseruatum.
1280 2453 1392 2502 quorum

213 2519 216 2524 ⁴
249 2508 470 2572 antiquissImum
495 2507 566 2571 quod
594 2507 679 2556 faerit
706 2507 820 2555 innentn
843 2505 958 2555 difficile
988 2511 1042 2555 est:
1080 2505 1128 2554 elii
1153 2507 1225 2556 euim
1249 2505 1321 2571 apud
1345 2521 1392 2554 ae·

233 2574 311 2622 'dem
324 2575 434 2635 Quirini
446 2575 561 2638 primurn
574 2579 705 2624 statutum
719 2575 824 2635 dicunt,
839 2573 888 2622 alii
900 2574 929 2622 in
943 2571 1088 2638 Capitolio,
1108 2573 1233 2623 nonnulli
1247 2573 1282 2622 ad
1295 2573 1392 2622 aedem

248 2641 358 2690 Dianae
378 2643 406 2691 in
419 2641 564 2691 Auentino.
596 2641 663 2692 illud
676 2643 744 2691 satis
757 2646 875 2703 constat,
894 2641 997 2690 nullum
1010 2641 1037 2690 in
1052 2641 1110 2691 loro
1123 2642 1198 2705 prius
1211 2642 1296 2691 fnisse
1310 2656 1391 2706 quem

250 2709 277 2758 id
297 2706 367 2773 quod
384 2709 421 2758 M.
440 2709 568 2758 Valerius
593 2725 626 2758 ex
644 2708 743 2758 Sicilia
767 2708 912 2758 aduectum
936 2709 970 2758 ad
988 2715 1078 2758 rostra
1100 2710 1129 2758 in
1148 2709 1274 2758 columna
1292 2709 1392 2774 posuit.

250 2776 319 2838 quod
340 2791 400 2824 cum
420 2775 454 2824 ad
473 2777 557 2826 clima
575 2776 689 2826 Siciliae
708 2775 873 2840 descriptum
889 2776 923 2825 ad
932 2775 1015 2825 hores
1028 2777 1131 2826 Romae
1150 2793 1203 2826 non
1222 2777 1391 2838 conueniret,

249 2843 282 2890 L.
301 2842 445 2907 Philippus
464 2859 562 2892 censor
581 2843 655 2892 alind
669 2844 746 2892 iuxta
759 2845 912 2893 constituit.
944 2843 1043 2894 deinde
1056 2845 1198 2908 aliquanto
1212 2845 1312 2910 postl'.
1326 2843 1392 2893 Cor-

250 2909 339 2958 nelius
358 2910 461 2960 Nasica
480 2926 578 2960 censor
596 2927 629 2960 ex
648 2925 720 2974 aqua
739 2911 807 2960 iecit
824 2911 971 2972 horarium,
991 2911 1061 2975 quod
1080 2917 1107 2960 et
1125 2913 1213 2976 ipsum
1232 2927 1265 2960 ex
1277 2927 1392 2961 eonsue-

250 2976 344 3026 tudine
363 2977 529 3028 noscendis
547 2977 703 3032 colchoraa
721 2978 851 3028 solarium
871 2983 995 3043 coeptum
1014 2980 1118 3028 uocari.
1153 2979 1280 3030 horarum
1293 2993 1392 3030 nornen

250 3059 304 3094 non
329 3045 417 3094 miuus
442 3060 528 3094 annos
551 3049 690 3096 trecentos
708 3045 811 3095 Romae
834 3047 987 3111 ignoratum
1011 3063 1072 3096 esse
1092 3047 1224 3096 credibile
1248 3051 1303 3096 est:
1328 3063 1409 3096 nam¹

249 3111 303 3160 XII
326 3111 430 3161 tabulis
453 3127 586 3177 nusquam
605 3113 760 3163 nominatas
783 3112 863 3164 horas
883 3115 1009 3165 inuenies
1032 3118 1061 3162 ut
1079 3115 1108 3164 in
1127 3114 1190 3165 aliis
1209 3119 1306 3180 postea
1322 3115 1392 3178 legi-

249 3179 309 3238 bus,
329 3177 377 3228 sed
396 3184 460 3229 ante
479 3180 630 3240 meridiem,
652 3195 684 3231 eo
703 3180 836 3231 uidelicet
855 3181 925 3246 quod
943 3187 1036 3247 partes
1055 3181 1111 3232 dici
1129 3181 1258 3232 bilariam
1276 3189 1333 3231 tum
1351 3183 1393 3231 di-

249 3246 303 3298 uisi
322 3247 451 3297 meridios
470 3247 656 3298 discernebat.
676 3248 725 3298 alii
743 3248 815 3298 diem
835 3249 1045 3316 quadripartito,
1065 3250 1115 3302 sed
1129 3255 1156 3298 et
1174 3257 1283 3300 noctem
1296 3251 1392 3299 simili-

250 3318 294 3364 ter
311 3313 482 3380 diuidebant.
519 3316 601 3380 idque
626 3315 793 3366 consuetudo
813 3322 929 3366 testatur
947 3317 1090 3378 militaris,
1109 3317 1156 3367 ubi
1175 3318 1275 3368 dicitur
1293 3317 1394 3382 uigilia

249 3382 352 3446 prima,
378 3383 444 3430 item
463 3383 584 3432 secunda
609 3389 636 3432 et
654 3385 738 3433 tertia
757 3389 784 3432 el
803 3381 924 3448 quarta.’
964 3385 1008 3434 De
1027 3385 1127 3435 solario
1147 3385 1183 3435 ci.
1202 3385 1288 3435 Varro
1308 3385 1339 3434 L.
1359 3386 1391 3435 L.

250 3448 268 3497 l.
294 3465 332 3498 οε
370 3449 515 3500 ‘Solarium
540 3451 643 3500 dictum
667 3451 693 3500 id
717 3452 745 3499 in
769 3467 820 3515 quo
839 3451 921 3501 horae
941 3452 969 3500 iu
988 3452 1044 3502 sole
1064 3453 1295 3518 inspiciebantur,
1321 3453 1393 3518 quod

251 3516 394 3566 Cornelius
413 3518 441 3566 in
461 3519 580 3568 basilica
598 3518 718 3568 Aemilia
737 3524 764 3568 et
782 3519 882 3568 Fuluia
900 3518 1086 3570 inumbrsuit.’
1122 3521 1228 3570 Plinius
1241 3521 1273 3570 N.
1286 3521 1321 3569 H.
1340 3521 1394 3569 VII

220 3603 221 3608 ¹
250 3581 301 3630 212
319 3599 393 3648 sqq.=
413 3585 510 3635 ‘serius
524 3587 607 3634 etiarn
621 3585 672 3636 hoc
691 3585 728 3648 (nt
738 3587 818 3636 leorae
830 3585 1038 3650 observarentur)
1052 3587 1155 3638 Rornae
1168 3579 1307 3652 conligit'
1326 3589 1392 3638 dno-

149 3659 153 3676 ·
251 3650 341 3700 decim
359 3653 462 3704 tubulis
480 3659 555 3704 ortus
573 3659 680 3702 tanturn
699 3659 726 3702 et
744 3669 861 3704 occasus
883 3655 1070 3718 nominantur,
1095 3663 1156 3720 post
1180 3656 1285 3720 aliquot
1308 3671 1394 3706 annos

252 3718 376 3768 adiectus
395 3723 438 3768 est
456 3726 484 3769 et
496 3721 634 3781 meridien,
655 3735 775 3770 accensu
789 3722 929 3772 consulum
943 3723 969 3771 id
988 3723 1191 3788 pronuntiante,
1212 3739 1272 3773 cum
1286 3739 1303 3772 a
1315 3725 1394 3772 curia

251 3785 324 3834 inter
341 3786 442 3836 Rostra
455 3789 488 3836 'et
507 3787 712 3838 Graecostasim
731 3790 915 3854 prospexisset
933 3790 1026 3848 solem,
1047 3806 1064 3840 a
1083 3791 1209 3840 columna
1226 3791 1340 3841 Maenia
1360 3791 1394 3840 ad

252 3855 391 3902 carcerem
411 3854 545 3904 inclinato
564 3856 653 3904 sidere
673 3871 827 3920 supremam
845 3858 1048 3921 pronuntiauit,
1072 3859 1121 3908 sed
1138 3858 1190 3909 hoc
1208 3859 1314 3909 serenis
1332 3865 1393 3908 tan·

251 3925 308 3969 tum
326 3920 431 3982 dicbus,
449 3937 534 3986 usqne
554 3922 588 3972 ad
607 3925 720 3988 primum
740 3925 873 3974 Punicum
892 3925 1002 3974 bellum.
1034 3926 1161 3992 princeps
1174 3927 1303 3976 Romanis
1322 3927 1394 3977 scla-

251 3988 320 4036 rium
338 3987 507 4054 horologium
525 3992 655 4040 statuisse
675 3996 738 4040 ante
758 3990 901 4042 duodecim
921 4007 1006 4042 annos
1026 4008 1106 4057 quam
1125 4009 1185 4044 eum
1201 3995 1287 4057 Pyrro
1306 3994 1393 4044 bella·

252 4059 307 4103 turn
326 4059 368 4104 est
381 4055 525 4106 adsedem
544 4058 653 4118 Quirini
666 4057 698 4106 L.
710 4059 838 4122 Papirius
852 4059 959 4122 Cursor,
978 4075 1038 4110 eum
1052 4077 1112 4110 cam
1125 4061 1267 4112 dedicaret
1285 4077 1302 4110 a
1315 4069 1394 4127 petre

251 4135 300 4172 suo
319 4128 422 4186 uotam,
441 4140 459 4173 a
476 4125 565 4176 Fabio
583 4125 696 4176 Vestele
715 4127 846 4190 proditur.
876 4127 925 4177 sed
936 4143 1026 4192 neque
1039 4129 1108 4178 iacti
1120 4128 1245 4194 horolegi
1257 4131 1394 4180 rationem

336 4285 496 4357 lquousq:
514 4280 550 4336 M
560 4271 573 4358 ΙΙ
589 4277 688 4338 ueni&
704 4276 743 4338 B1
760 4273 774 4362 Η
788 4279 952 4340 hoccasurn
968 4281 1006 4340 Α1
1022 4275 1036 4364 ΙΙ
1051 4283 1157 4361 spacia
1172 4283 1246 4354 A(et
1263 4288 1304 4343 sic
1319 4302 1393 4342 sem-

246 4361 315 4432 por)
331 4353 344 4440 ll
359 4359 562 4420 interdianum
577 4363 637 4422 GM
647 4363 866 4424 interdiurnnm
879 4368 933 4424 AB
947 4360 961 4448 ll
975 4375 993 4426 2
1008 4387 1128 4426 orarum
1139 4364 1204 4428 ΑΒ1
1221 4362 1234 4448 ΙΙ
1248 4369 1393 4444 XXIIII,

250 4444 381 4520 spatium
398 4453 500 4518 autem
514 4446 656 4506 horarum
671 4467 725 4509 om.
744 4452 767 4507 G
782 4444 796 4530 ΙΙ
812 4458 912 4508 autem
929 4469 982 4510 om.
999 4446 1036 4509 A¹
