3078 5072
611 409 652 452 De
675 411 790 453 POETIS

217 557 285 642 quis
307 565 434 621 tautum
456 557 577 645 eloquii
599 558 759 645 potuisset
782 557 868 625 ferre
890 568 1065 646 tumorem,

217 657 342 722 aemula
366 657 547 744 Vergilium
570 659 668 724 tellus
691 661 754 724 nisi
777 667 886 727 Tusca
909 663 1064 730 dedisset.
1103 657 1128 728 3

216 758 287 824 huic
309 761 440 846 genitor
458 759 593 847 figulus,
614 760 706 826 Mero
727 766 872 848 nomine,
896 764 1002 830 cultor
1023 767 1122 853 agelli

216 869 248 924 ut
269 861 417 926 referunt
438 861 495 926 olii
516 864 606 928 tenui
629 864 777 930 mercede
799 865 941 949 locatus,

215 962 270 1026 sed
292 963 402 1049 plures
423 963 570 1050 figulum.
613 967 687 1052 quis
708 989 774 1032 non
796 968 952 1032 miracula
968 991 1077 1034 rerum

215 1065 291 1130 haec
313 1065 468 1153 stupeat?
512 1066 605 1131 diues
627 1076 739 1154 pertus
763 1069 804 1133 de
826 1091 968 1158 paupere
988 1094 1073 1136 uene

214 1168 359 1231 emicuit:
397 1167 490 1253 figuli
513 1169 641 1233 soboles
665 1193 750 1236 noua
772 1172 916 1235 carmina
937 1173 1041 1237 finxit.

213 1278 313 1334 mater
336 1269 428 1334 Polla
450 1269 513 1334 fuit
532 1269 635 1356 Megii
658 1293 723 1337 non
744 1271 855 1336 infime
879 1273 1000 1361 proles,

212 1393 305 1458 quern
328 1393 474 1436 socerum
496 1373 641 1458 probitas
664 1373 743 1438 lecit
763 1376 827 1438 iam
850 1374 938 1439 clara
961 1375 1098 1442 Maroni.

211 1473 290 1538 hoec
310 1496 384 1538 cum
406 1484 534 1539 maturo
557 1483 758 1561 premeretur
780 1475 925 1562 pondere
948 1478 1089 1562 uentris,

212 1585 246 1639 nl
267 1575 351 1642 solet
374 1576 408 1640 in
431 1577 552 1640 soumis
576 1577 704 1642 animus
724 1589 865 1642 uentura
885 1579 1069 1664 repingere,

210 1679 327 1741 anxius
353 1686 385 1741 et
403 1677 516 1764 uigilis
538 1667 745 1764 praesumere
765 1679 885 1764 gaudia
906 1701 998 1762 eura,

211 1778 354 1843 Phoebei
377 1781 518 1844 nemoris
539 1802 661 1844 ramum
683 1780 808 1845 fudisse
829 1783 966 1869 putauit.

211 1905 228 1946 o
251 1902 349 1968 sopor
371 1881 526 1946 indicium
549 1883 636 1976 ueri!
679 1881 726 1946 nil
748 1884 868 1947 certius
886 1905 1037 1970 umquam

210 2005 328 2048 cornea
344 1991 438 2070 porta
458 1985 543 2048 tulit.
588 1985 676 2048 facta
698 1993 748 2048 est
770 1984 946 2072 interprete
970 1986 1060 2050 lauro

210 2095 297 2150 certa
318 2107 437 2174 parens
460 2087 633 2172 onerisque
656 2087 706 2150 sui
727 2095 924 2171 cognouerat
946 2096 1058 2151 artem.

210 2187 341 2253 consule
365 2187 519 2274 Pompeio
543 2187 698 2252 uitalibus
722 2189 829 2252 editus
852 2189 941 2252 auris

211 2301 240 2354 ct
264 2287 384 2356 Crasso
408 2291 516 2375 tetigit
536 2300 657 2355 terram
680 2313 743 2377 quo
767 2299 911 2376 tempore
935 2289 1054 2354 Chelas

210 2395 273 2458 iam
296 2395 384 2458 mitis
407 2393 554 2458 Phaeton
577 2401 650 2479 post
670 2393 817 2478 Virginis
840 2413 895 2456 ora
920 2394 1051 2480 recepit.

209 2497 365 2562 infantem
386 2497 517 2581 uagisse
539 2502 671 2577 negant.
713 2515 788 2558 nam
810 2493 917 2558 fronte
941 2515 1056 2558 serena

209 2599 379 2684 conspexit
398 2597 567 2677 mundum,
590 2596 643 2660 cui
665 2594 834 2660 commoda
854 2603 944 2659 teuta
968 2593 1104 2660 ferebat.

209 2701 277 2786 ipse
294 2700 476 2786 puerperiis
501 2699 617 2763 adrisit
637 2697 753 2762 laetior
771 2696 875 2762 orbis:

208 2812 294 2865 terra
316 2801 515 2866 ministrasit
536 2799 633 2864 flores
655 2807 688 2864 et
709 2821 842 2864 munere
865 2820 965 2862 uerno

209 2902 344 2968 herbida
364 2903 533 2990 supposuit
552 2925 652 2990 puero
678 2901 835 2966 fulmenta
856 2901 1032 2964 uirescens.

125 3017 133 3051 s
209 3015 389 3092 praeterea,
414 3007 440 3069 si
465 3027 542 3068 uero
564 3004 662 3086 fides,
685 3004 744 3068 sed
764 3025 844 3067 uera
866 3000 1036 3090 probatur,

209 3107 273 3171 lato
295 3106 410 3173 cohors
432 3108 544 3194 apium
564 3106 671 3170 subito
693 3129 751 3193 por
774 3125 850 3170 rura
872 3104 1008 3168 iacentis
1043 3181 1047 3186 Ι

209 3207 299 3274 labra
317 3209 404 3273 fanis
425 3209 508 3273 texit
530 3207 643 3272 dulces
667 3207 781 3272 fusura
799 3204 957 3293 loquelas.

209 3311 265 3376 hoe
285 3310 450 3399 quondam
469 3311 503 3373 in
523 3331 615 3375 sacro
636 3317 760 3374 tanturn
783 3309 901 3372 mire-ta
922 3307 1058 3373 Platone

210 3413 363 3478 indicium
381 3411 513 3499 linguae
535 3419 691 3476 memoret
714 3411 839 3474 famosa
860 3419 1018 3475 uetustas.

210 3515 265 3580 sed
287 3515 412 3582 Natura
431 3537 550 3602 parens
571 3535 750 3601 properans
773 3510 929 3577 extollere
950 3512 1088 3576 Romam

210 3628 240 3682 et
260 3617 355 3681 Latio
377 3616 468 3681 dedit
490 3616 566 3700 hoc,
589 3615 730 3702 nequid
751 3613 945 3678 concederet
967 3613 1035 3677 uni.

144 3791 315 3803 ἣ...-

121 3905 125 3915 ’
209 3909 355 3990 lTnsca]
375 3912 415 3986 cs.
439 3913 556 3970 Servios
578 3913 648 3968 Aen.
671 3913 702 3968 Χ
718 3913 987 3967 201nostraconi.
1011 3909 1230 3980 Oudendorpius
1246 3900 1260 3986 ll

141 3995 251 4055 llocaii
274 3999 410 4055 Heinsius
430 3992 443 4080 ll
464 4004 481 4058 6
502 3995 551 4055 liic
575 4015 630 4070 my.
654 3998 730 4054 Pilli.
755 4005 781 4050 ei
804 3995 879 4051 Scal.
897 3988 939 4074 lli
965 3992 1086 4052 emicuit
1108 4011 1161 4066 my.
1183 3993 1260 4050 Pilli.

140 4088 161 4134 ri
176 4082 258 4139 Secti:
279 4083 387 4140 enituit
400 4076 414 4164 ll
429 4093 446 4145 9
463 4081 546 4141 claro
563 4084 691 4155 Scaiipcr
704 4087 740 4136 'in
765 4099 838 4154 mu:
860 4086 921 4136 tam
943 4097 1014 4137 cara
1036 4080 1173 4135 Heinsius
1188 4075 1261 4135 ade·

141 4177 206 4222 nais
222 4170 376 4226 Boriiiias:
400 4167 473 4226 data
493 4162 506 4247 ΙΙ
532 4179 555 4228 ii
582 4167 742 4244 repingere
761 4165 939 4222 Muricicerus
955 4167 994 4222 cici
1009 4165 1139 4236 repent.
1165 4163 1260 4236 Virgil.

140 4251 277 4310 loniioeni.
292 4271 360 4328 pop.
375 4259 449 4310 151:
474 4253 637 4330 repingens
652 4245 666 4331 ll
685 4259 715 4311 12
730 4249 831 4327 uigilis
855 4251 961 4322 scripsi
966 4274 974 4305 :
1002 4247 1089 4326 uigili
1104 4241 1117 4328 ll
1135 4255 1167 4310 18
1181 4255 1262 4305 terra

140 4333 249 4410 Scaiipsr
270 4333 285 4418 ll
308 4347 339 4402 19
361 4339 477 4416 recepit
498 4341 616 4410 scripsi:
643 4343 785 4415 receptus
807 4329 820 4416 ll
841 4341 876 4394 *λθ
899 4333 1007 4392 fronde
1029 4337 1091 4392 cod.
1115 4333 1191 4392 Scai.
1210 4335 1263 4390 sed

139 4416 221 4480 fronte
240 4424 315 4481 Scai.
331 4429 429 4497 inmp.
461 4497 466 4508 ²
