3138 5100
259 379 320 444 490
682 401 715 446 m
728 401 829 444 vrrau
845 403 992 446 rasnuru

258 554 335 634 tales
352 553 492 614 exhibet:
515 559 582 614 dum
602 559 751 614 lasciuiam
773 559 905 614 nobilium
920 565 948 614 et
966 559 1066 615 laudes
1082 560 1204 632 fucosae
1218 563 1301 630 petit,
1327 561 1396 616 dum

258 658 387 730 africani
401 674 498 715 uocem
523 663 589 716 dum
609 668 637 716 et
656 661 772 718 intutus
793 667 820 716 et
840 663 934 718 auidis
953 664 1088 728 auribus,
1110 664 1176 720 dum
1198 665 1238 718 ad
1255 663 1342 736 firum
1364 678 1396 718 se

258 768 374 818 certare
388 767 415 817 et
428 763 523 818 letiam
535 762 690 835 pulchrum
702 769 795 834 putat.
830 761 889 822 Vbi
909 781 1051 822 numeros
1067 762 1256 823 duriusculos
1275 764 1397 836 [mosas

258 865 358 920 laudes
371 867 456 935 petit,
479 881 556 942 quos
571 863 675 922 subtili
692 864 806 924 aurium
822 862 935 924 iudicio
949 865 986 924 F.
1002 864 1041 924 A.
1058 865 1186 926 Wolfius
1201 864 1393 945 repudiabat,

259 965 352 1024 ceteri
366 964 436 1023 libri
452 984 557 1024 omnes
579 973 702 1024 tuentur
723 985 786 1024 non
808 965 906 1026 minus
929 967 1040 1026 vitiose
1062 985 1153 1046 quam
1179 967 1210 1026 in
1231 970 1292 1026 fine
1312 967 1396 1026 tertii

258 1085 363 1126 versus
377 1077 460 1140 putat
472 1069 643 1141 pulchrum,
670 1085 760 1146 qucm
781 1066 920 1128 ordinem
935 1067 1097 1128 verborum
1112 1070 1226 1148 primus
1240 1069 1395 1128 Asulunus

260 1168 443 1228 emendabat
459 1171 491 1228 in
509 1169 649 1247 exemplo
665 1167 792 1229 Aldino.

342 1271 420 1330 Item
435 1291 526 1330 vorsu
542 1273 679 1350 proximo
696 1271 835 1350 quamvis
849 1279 1031 1352 portentosa
1051 1273 1224 1351 corruptela
1239 1269 1311 1332 uoci
1328 1276 1395 1330 datm

259 1382 285 1430 et
302 1376 418 1432 intutus
434 1383 461 1432 ct
476 1376 621 1452 scriptum
636 1374 675 1432 sit
690 1393 745 1453 pro
763 1393 799 1432 eo
816 1372 900 1453 quod
922 1375 1015 1432 ceteri
1037 1383 1198 1433 servarunt
1214 1393 1282 1432 uoce
1296 1377 1396 1432 diuina

258 1478 364 1543 inhiat,
388 1485 490 1535 tamon
512 1477 563 1534 vel
584 1475 632 1534 hie
654 1475 818 1552 vestigium
832 1475 897 1533 veri
921 1476 954 1533 in
969 1491 1067 1533 uocem
1089 1477 1239 1554 scriptura
1258 1479 1396 1538 relictum

260 1585 319 1636 est:
343 1577 466 1656 quando
484 1578 673 1636 accusativos
695 1577 809 1656 requiri
831 1594 928 1635 uocem
944 1581 1070 1636 divinem
1093 1578 1152 1636 iam
1167 1579 1303 1638 Muretus
1326 1599 1394 1658 pcr-

259 1659 370 1756 spexit..
414 1681 462 1739 Nc
479 1681 546 1759 quis
570 1680 651 1738 enim
666 1683 748 1737 coeci
762 1683 858 1738 diuina
873 1679 903 1737 h.
921 1699 948 1737 e.
964 1683 1029 1738 uoci
1042 1683 1157 1738 diuinae
1172 1683 1289 1760 potius,
1313 1681 1396 1761 quod

258 1779 408 1858 probabat
422 1781 538 1840 Daniel
552 1781 714 1854 Heinsius,
739 1780 921 1840 delitescere
938 1782 970 1840 in
986 1781 1059 1840 uoce
1079 1786 1145 1839 ctum
1166 1791 1194 1840 et
1214 1784 1393 1861 suspicetur,

258 1881 461 1958 reputandum
477 1891 523 1941 est
538 1871 757 1962 posterioribus
775 1881 894 1942 demum
915 1883 1127 1962 scriptoribus,
1152 1885 1252 1963 poetis
1273 1885 1395 1964 potissi·

258 2003 351 2057 mum,
381 1983 516 2043 dativum
537 1985 704 2064 placuisse,
727 1985 825 2063 ipsum
847 1987 1053 2044 accusativum
1074 1986 1132 2045 hoc
1154 1984 1277 2066 quidem
1299 2006 1396 2065 appe·

258 2084 345 2144 tendi
360 2087 533 2164 significatu
548 2087 738 2166 antiquiores
759 2085 923 2166 probassc,
945 2087 1030 2146 velut
1052 2107 1118 2146 oum
1140 2091 1327 2146 hereditatem
1344 2088 1396 2148 vel

258 2207 361 2246 curum
378 2189 430 2248 vel
444 2192 517 2248 bona
531 2191 644 2246 r'nlu'are
659 2189 785 2248 Plautus
803 2187 880 2248 dixit
900 2188 994 2248 Stich.
1013 2196 1075 2250 605.
1095 2189 1165 2248 Aul.
1183 2199 1224 2262 11,
1241 2198 1271 2262 2,
1297 2197 1337 2252 17.
1350 2197 1396 2253 89.

257 2290 322 2348 Mil.
339 2295 400 2352 715.
425 2288 529 2368 (1199.)
563 2291 761 2364 urucae,
779 2299 827 2363 18,
849 2301 967 2349 mortem
983 2291 1108 2350 alicuius
1125 2290 1277 2350 Caecilius
1298 2311 1328 2351 v.
1347 2299 1395 2355 nr

258 2390 363 2452 Ribb:
391 2367 462 2452 nain
483 2397 616 2451 uberibus
634 2395 741 2466 lupinis
759 2395 913 2450 inhiantem
935 2395 1088 2452 Romulum
1110 2413 1176 2452 cum
1196 2390 1270 2453 dicit
1287 2393 1395 2453 Cicero

257 2494 289 2553 in
307 2493 397 2554 Catil.
414 2505 469 2568 111,
485 2505 510 2568 8,
530 2504 575 2567 19,
592 2495 718 2574 propria
733 2493 822 2554 verbi
837 2496 922 2554 notio
939 2503 1063 2554 servata
1079 2503 1135 2554 est.

341 2597 524 2675 Insequenti
545 2617 636 2656 versu
657 2616 725 2655 cum
746 2615 762 2655 e
785 2570 973 2655 novicioruin
994 2595 1134 2658 codicum
1160 2584 1397 2656 memoria'dam

257 2703 296 2758 ud
307 2699 418 2772 furium
436 2716 466 2756 se
482 2703 626 2757 coenitare
642 2701 818 2774 (coemitare,
836 2697 1028 2777 coemptura),
1050 2719 1211 2758 mensurae
1232 2707 1265 2758 ut
1287 2719 1396 2758 consu-

257 2802 349 2875 leret,
377 2805 443 2858 dum
468 2817 498 2858 se
519 2805 559 2858 cd
577 2803 699 2859 Furium
718 2819 842 2860 coenare
868 2802 996 2862 Wolfius
1025 2802 1193 2875 affecisset,
1223 2809 1254 2860 et
1281 2800 1396 2880 proditi

257 2901 419 2962 verborum
435 2900 551 2960 ordinis
569 2911 599 2962 ct
615 2903 730 2962 formae
747 2903 994 2983 frequentativae
1016 2902 1167 2962 tutandae
1183 2903 1264 2962 viam
1279 2922 1397 2962 rursum

259 3003 341 3064 solus
362 3005 518 3064 Parisinus
546 3005 740 3064 monstravit:
766 3006 800 3063 in
827 3006 910 3065 cuius
932 3007 1082 3084 scriptura
1104 3003 1165 3079 fimi
1186 3025 1249 3063 non
1272 3007 1397 3063 Furium

258 3107 370 3180 latere,
398 3105 481 3186 quod
502 3126 541 3165 ex
562 3106 709 3166 inferiore
729 3127 821 3166 versu
841 3127 871 3186 p.
893 3104 940 3180 28,
957 3101 980 3169 '4
999 3107 1057 3166 huc
1079 3105 1228 3166 adscitum
1250 3113 1310 3180 est,
1338 3107 1397 3166 sed

258 3209 353 3288 ipsius
367 3209 453 3267 Furii
468 3209 549 3268 illius
565 3229 735 3286 cognomen
757 3211 869 3267 Philum
893 3209 976 3268 felici
998 3210 1137 3268 acumine
1153 3209 1282 3269 Rothius
1305 3207 1397 3268 adse·

258 3319 342 3370 cutus
359 3318 414 3368 est.

343 3411 540 3472 Gravioribus
555 3411 650 3471 turbis
665 3413 804 3492 proxima
825 3412 935 3472 affecta
954 3421 1034 3473 sunt.
1073 3412 1208 3491 Quorum
1228 3431 1295 3471 cum
1315 3412 1394 3472 haec

258 3523 340 3574 essct
354 3515 387 3572 in
403 3513 486 3574 libris
503 3515 632 3574 noviciis
648 3516 785 3593 species:
808 3518 873 3572 dum
894 3533 925 3572 se
945 3520 1041 3573 amori
1060 3519 1095 3573 ab
1117 3518 1162 3572 his
1183 3519 1275 3572 credit
1293 3519 1397 3575 crebro

257 3621 287 3674 in
312 3621 445 3674 ultanum
469 3621 538 3690 rupi
557 3621 596 3674 ud
613 3621 714 3690 florem
738 3621 840 3674 cetatm
863 3635 934 3674 suste
959 3621 1030 3691 ipsis
1061 3617 1132 3696 (vel
1151 3614 1249 3693 ipsus)
1277 3620 1398 3677 sublatis

257 3723 344 3777 rebus
365 3723 404 3778 od
423 3737 561 3777 summum
582 3723 706 3792 inopiam
729 3723 864 3777 redactus
885 3729 943 3786 est,
966 3739 1044 3798 quac
1067 3719 1162 3778 verba
1181 3717 1306 3777 duorum
1328 3737 1398 3778 ver-

258 3841 344 3880 suum
359 3821 502 3880 ambitum
517 3829 680 3900 superant,
709 3841 771 3880 non
794 3821 868 3879 satis
890 3821 1020 3880 suntad
1041 3829 1102 3880 tres
1119 3819 1336 3898 complendos,
1365 3829 1398 3879 et

159 3921 166 3938 '
257 3923 370 3982 Wolfio
387 3931 417 3982 et
432 3943 531 4002 nuper
546 3922 657 3982 Rotlric
674 3932 705 3981 et
725 3921 814 3982 nobis
831 3923 903 3981 olim
924 3923 999 4002 ipsis
1014 3923 1091 3981 hacc
1107 3923 1157 3980 via
1176 3920 1314 3980 incunda
1329 3923 1398 3980 visa
1491 3953 1502 3971 ·

259 4033 306 4084 est
331 4033 363 4084 ut
388 4023 581 4085 intercidisse
608 4025 761 4104 quaedam
786 4034 972 4104 putaremus.
1018 4025 1109 4102 Quali
1135 4032 1238 4082 tamen
1265 4025 1397 4082 lacunae

258 4125 452 4206 supplendae
477 4145 555 4207 quae
580 4126 631 4185 vel
657 4126 807 4186 aWolfio
833 4128 884 4187 vel
906 4147 924 4185 a
944 4127 1056 4185 Rothio
1083 4133 1231 4205 temptata
1251 4133 1322 4183 sunt
1349 4124 1397 4202 (in

259 4229 342 4288 cuius
358 4227 670 4306 argumentationibus
685 4250 716 4308 p.
734 4237 785 4292 178
799 4249 845 4308 sq.
868 4229 1045 4309 perscriptis
1068 4228 1144 4286 nihil
1166 4226 1248 4307 qnod
1271 4225 1397 4305 probari

259 4339 364 4408 posset
378 4327 515 4405 inveni),
539 4351 640 4390 eorum
660 4331 797 4410 plurimis
814 4329 853 4389 de
869 4331 982 4390 caussis
1000 4331 1106 4409 cisque
1128 4329 1201 4388 satis
1223 4327 1397 4398 manifestis

261 4430 359 4489 nullus
375 4451 499 4510 prorsus
514 4451 584 4492 usus
607 4441 662 4492 est.
700 4431 792 4512 Quod
814 4441 936 4506 contra,
959 4431 985 4491 si
1007 4429 1099 4492 modo
1121 4430 1160 4490 de
1181 4432 1293 4491 lacuna
1313 4429 1398 4507 cogi·
