3188 5066
574 381 616 422 na
638 379 778 423 narrare
801 380 909 422 sessu
1247 363 1305 428 201

170 530 262 615 bilis,
290 518 405 596 ussus
434 551 547 596 crassa
572 529 712 596 obtunsa
736 527 910 594 inmobilis.
955 548 1038 613 quae
1059 527 1156 590 etiam
1179 526 1244 590 sibi
1265 527 1311 590 ita

170 634 438 700 commiscentur:
485 642 573 697 terra
602 630 734 718 quidem
763 651 875 696 crassa
902 631 963 718 (et)
992 629 1131 695 obtunsa
1161 627 1310 716 [inmobi-

171 737 224 818 lis]
246 758 321 801 cum
335 757 439 822 aquae
455 732 673 798 crassitudine
695 744 729 798 et
747 732 945 798 obtunsitate
969 730 1168 817 conligatur,
1193 730 1311 795 deinde

169 859 257 926 aqna
278 837 348 902 aeri
367 835 584 902 crassitudine
611 845 644 900 et
664 835 844 901 mobilitate
870 833 1092 920 coniungitur,
1120 855 1233 898 rursus
1256 855 1313 920 aer

149 941 241 1028 ⁶igni
262 940 486 1006 communione
508 939 596 1004 acuti
612 945 643 1002 ot
663 935 793 1003 mobilis
818 937 1017 1023 conligatur,
1037 944 1126 1000 terra
1149 945 1257 1000 autem
1281 945 1313 1000 et

169 1044 260 1129 ignis
288 1065 310 1106 a
334 1064 369 1108 se
397 1049 604 1130 separantur,
636 1039 693 1105 sed
722 1061 742 1104 a
769 1039 895 1106 duobus
924 1037 1040 1104 mediis
1068 1059 1153 1128 aqua
1181 1046 1213 1103 et
1237 1061 1312 1104 aere

170 1146 362 1230 iunguntur.

172 1336 276 1386 cietate
296 1335 464 1386 conuenitnr.
492 1333 564 1384 unde
582 1338 610 1384 et
628 1333 734 1385 Graece
753 1335 878 1400 στοιχεῖα
895 1334 1033 1397 dicuntur,
1056 1349 1126 1398 quae
1143 1334 1244 1384 Latine
1264 1333 1312 1384 eli·

171 1408 266 1454 menta
279 1409 428 1464 uocantur,
448 1417 479 1452 eo
498 1401 568 1468 qnod
585 1401 638 1452 sibi
656 1403 823 1453 conueniant
840 1407 868 1452 et
886 1403 1041 1452 concinant.
1071 1417 1182 1467 quorum
1200 1402 1313 1453 distinc-

171 1479 229 1522 tam
249 1473 465 1522 communionem
482 1471 601 1520 subiecti
619 1471 714 1521 circuli
732 1471 819 1536 ligura
837 1470 963 1520 declarat
986 1469 1039 1534 (ἥρ.
1063 1469 1132 1534 2*).'
1157 1471 1314 1521 Ambrosius

172 1541 300 1590 hexaem.
319 1540 405 1602 1114,
432 1537 475 1588 18:
500 1539 602 1589 ‘Habet
620 1555 685 1606 ergo
706 1544 780 1589 terra
797 1540 933 1604 propriam
952 1538 1113 1604 qualitatem
1131 1555 1221 1600 suram,
1243 1539 1314 1590 sicut

172 1615 201 1659 et
213 1607 326 1673 singula
339 1607 476 1658 elementa
487 1607 604 1668 babent,
623 1623 687 1658 nam
705 1612 732 1658 et
751 1624 798 1656 aer
815 1607 951 1656 humidam
969 1605 1130 1671 qualitatem
1143 1611 1170 1656 et
1184 1623 1254 1672 aqua
1268 1607 1313 1656 iri-

172 1677 267 1742 gidam
281 1679 309 1724 et
321 1675 394 1742 ignis
407 1675 536 1725 calidam.
561 1679 589 1724 et
601 1675 652 1725 boc
667 1680 708 1724 est
720 1675 873 1740 principale
886 1675 1021 1740 proprium
1035 1676 1178 1725 elementis
1191 1674 1313 1740 singulis,

172 1745 245 1810 qnod
258 1745 366 1794 ratione
381 1742 544 1808 colligimus.
570 1743 799 1808 comprehendere
814 1749 905 1794 atatem
918 1743 1083 1794 sensibiliter
1097 1749 1124 1794 et
1136 1743 1316 1808 corporaliter

172 1814 196 1863 si
209 1812 340 1873 uelimus,
358 1811 434 1861 uelut
453 1825 557 1860 conexa
570 1817 598 1860 et
611 1811 762 1877 composita
775 1812 937 1878 reperimus,
956 1816 985 1860 ut
1002 1812 1038 1860 sit
1049 1820 1124 1862 terra
1138 1811 1214 1860 arida
1228 1817 1255 1860 et
1268 1812 1313 1861 iri-

172 1881 249 1947 gida,
264 1896 336 1944 aqua
348 1878 450 1944 frigida
463 1883 490 1926 et
501 1879 620 1942 humida,
634 1895 683 1929 aer
695 1879 800 1930 calidus
814 1884 841 1929 et
852 1879 991 1941 humidus,
1009 1880 1080 1946 ignis
1093 1879 1198 1930 calidus
1216 1888 1244 1928 et
1261 1880 1314 1930 sie·

172 1965 236 2009 ous3
262 1953 290 1997 et
308 1948 349 1998 sic
366 1947 420 1997 sibi
438 1962 487 2011 pcr
504 1947 554 1996 bas
572 1947 679 2012 iugales
703 1947 851 2011 qualitates
873 1947 982 2012 singula
1004 1949 1152 1998 miscentur
1169 1947 1314 1998 elementa.

173 2033 238 2066 nam
251 2022 327 2066 terra
340 2030 401 2064 cum
413 2015 449 2064 sit
461 2013 556 2064 aridae
567 2019 594 2064 et
604 2015 721 2080 frigidae
732 2016 818 2080 qualit
851 2017 856 2028 “
891 2017 1044 2066 conectitur
1059 2031 1146 2080 aquae
1156 2032 1204 2081 per
1215 2032 1315 2082 cogns-

172 2085 278 2135 tionem
292 2083 434 2147 qualitatis
448 2082 580 2146 l'rigidae:
595 2088 624 2132 et
635 2099 685 2148 par
697 2099 795 2147 aquam
809 2101 826 2134 a
870 2123 876 2146 ,
890 2084 954 2148 quia
965 2083 1090 2134 humidus
1108 2090 1150 2134 ost
1168 2101 1223 2134 aer.
1250 2100 1316 2150 erga

174 2169 250 2218 aqua
267 2157 406 2216 tamquam
424 2151 546 2200 brachiis
564 2151 723 2216 quibusdam
741 2152 844 2202 dnobus
858 2152 967 2216 trigoris
981 2157 1008 2200 et
1021 2153 1139 2202 humoris
1158 2152 1244 2201 altero
1262 2157 1315 2201 ter-

173 2237 235 2271 ram
253 2219 342 2270 altero
361 2234 453 2269 aerem
474 2219 583 2268 uidetur
601 2219 743 2284 amplecti,
768 2219 869 2285 frigido
892 2225 992 2268 terram
1013 2235 1105 2270 aerem
1123 2219 1238 2269 humido.
1269 2236 1317 2270 aer

173 2303 282 2354 quoque
295 2287 400 2337 medius
412 2287 483 2336 inter
496 2287 547 2336 duo
561 2288 774 2352 compugnantia
787 2305 835 2352 per
847 2292 986 2349 neutram,
1009 2287 1059 2336 hoo
1078 2293 1120 2336 est
1131 2288 1204 2336 inter
1217 2303 1315 2351 aquam

174 2363 203 2407 et
216 2358 310 2422 ignom
321 2361 463 2419 utrumque
476 2353 543 2404 illud
557 2355 721 2406 elementum
735 2356 865 2405 conciliat
877 2355 943 2414 sibi;
956 2355 1019 2419 quia
1033 2359 1061 2404 et
1073 2355 1151 2419 aquis
1163 2356 1274 2405 humore
1288 2359 1315 2404 et

173 2426 234 2491 igni
248 2423 341 2475 calore
354 2422 535 2488 coniungitur.
561 2423 632 2488 ignis
646 2439 751 2488 quoque
764 2439 825 2473 cum
838 2424 873 2474 sit
885 2423 989 2473 calidus
1003 2427 1030 2472 ct
1043 2423 1133 2473 siccus
1151 2427 1250 2473 natura
1268 2439 1313 2472 ca·

175 2493 236 2543 lore
249 2492 307 2543 acri
323 2490 490 2551 annectitur,
509 2491 638 2541 siccitate
657 2497 747 2541 antem
764 2493 792 2540 iu
810 2491 1024 2540 communionem
1043 2496 1133 2540 terrae
1152 2507 1186 2540 ao
1199 2491 1314 2540 societa-

175 2569 232 2610 tem
245 2559 412 2620 reiunditur,
426 2564 507 2624 atque
520 2559 572 2608 sibi
587 2576 635 2624 per
646 2559 718 2609 huuc
731 2561 872 2609 circuitum
887 2565 914 2608 ct
927 2559 1036 2609 chorum
1049 2559 1190 2624 quemdam
1203 2575 1314 2609 concor-

174 2629 240 2679 diae
257 2627 453 2690 societatisque
471 2627 644 2677 couneniunt.
669 2627 740 2677 unde
760 2633 787 2676 et
805 2628 911 2678 Graece
933 2629 1059 2692 στοιχεῖα
1081 2628 1220 2688 (licuntur,
1245 2642 1316 2691 qnae

176 2697 278 2746 Latine
293 2695 430 2746 elementa
448 2695 576 2754 dicturus,
595 2695 665 2760 quod
682 2697 735 2745 sibi
753 2696 919 2745 conueniant
938 2699 966 2744 et
983 2693 1150 2745 concinant’
1181 2711 1213 2744 ex
1229 2695 1317 2746 Basili

175 2765 239 2814 hex.
278 2779 322 2828 ag.
340 2761 357 2812 8
374 2763 400 2812 b.
419 2779 443 2811 c.
472 2779 535 2827 pag.
553 2761 587 2811 26
604 2763 631 2811 b.
656 2779 719 2828 pag.
733 2763 765 2812 37
780 2781 803 2813 e.
828 2762 1016 2829 pag.38u.b.
1047 2763 1202 2813 Macrobius
1221 2778 1315 2814 comm.

176 2834 188 2882 l
202 2831 229 2891 6,
242 2781 276 2883 al
289 2848 361 2896 sqq:
381 2830 588 2892 ‘Qrtaternarins
600 2847 665 2880 atero
679 2831 819 2895 (ramenta)
832 2831 899 2881 duas
911 2833 1074 2881 medietates
1086 2832 1187 2897 primns
1200 2832 1317 2881 omnium
1391 2815 1401 2838 ⁰

176 2906 277 2950 nactus
291 2904 341 2950 est.
366 2911 433 2962 quas
446 2899 481 2948 ab
495 2899 546 2948 boc
559 2914 669 2949 narmero
682 2900 748 2949 (leus
761 2899 914 2950 mundanae
927 2900 1005 2949 molis
1023 2899 1121 2949 artifex
1140 2899 1317 2964 (conditorque

176 2973 316 3018 mutuatus
334 2964 473 3016 insolubili
491 2967 562 3016 iuter
579 2983 608 3017 se
627 2967 737 3018 uinculo
756 2968 893 3018 elementa
911 2967 1046 3018 doinnxit:
1070 2968 1141 3017 sicut
1157 2967 1186 3016 in
1203 2967 1317 3018 Timaeo

176 3037 303 3087 Platonis
317 3033 354 3099 (p.
369 3036 404 3085 31
421 3035 491 3101 sqq.)
513 3035 649 3085 adsertam
664 3041 717 3095 ost,
736 3051 789 3086 non
804 3036 885 3086 aliter
896 3041 952 3086 tarn
966 3041 1142 3086 controuersa
1159 3036 1212 3084 sibi
1229 3051 1262 3085 ac
1276 3052 1316 3084 re-

178 3103 332 3170 pugnantia
351 3109 379 3152 et
394 3107 511 3153 naturae
526 3105 740 3154 communionem
754 3104 904 3154 abnuentia
915 3103 1088 3169 parisiacam,
1101 3110 1202 3154 terram
1215 3103 1277 3153 dico
1291 3109 1318 3154 et

178 3175 280 3240 iguem,
294 3171 414 3236 potuisse
428 3175 583 3236 otpertum
596 3172 745 3238 iugabilem
758 3173 960 3237 conpetentiam
976 3171 1126 3232 foederari,
1144 3172 1197 3222 nisi
1215 3171 1318 3222 drrobus

177 3241 277 3308 mediis
290 3239 363 3289 aeris
376 3245 403 3288 et
416 3255 503 3304 aquae
517 3241 631 3290 nexibus
643 3241 821 3290 uincirentun
843 3240 883 3290 ita
902 3241 973 3292 enim
987 3241 1124 3290 elementa
1141 3241 1213 3289 inter
1230 3255 1260 3289 se
1279 3239 1317 3288 di·

178 3307 337 3358 uersissima
350 3307 441 3370 opifex
456 3312 547 3356 tamen
562 3308 628 3357 deus
638 3308 740 3358 ordinis
751 3308 1107 3374 opportunitate'conexuit,
1123 3313 1154 3356 ut
1164 3308 1248 3358 facile
1259 3308 1317 3356 iuu-

179 3381 322 3440 gerentur:
341 3389 405 3424 nam
419 3389 478 3422 cum
491 3373 573 3424 binae
587 3381 680 3424 essent
691 3377 720 3424 in
732 3376 847 3439 singulis
861 3377 1017 3442 qualitates,
1030 3376 1113 3426 talem
1127 3376 1271 3440 unicnique
1284 3375 1318 3424 do

180 3443 286 3494 duabus
300 3442 416 3492 alteram
429 3441 516 3504 dedit,
535 3447 563 3490 ut
581 3443 609 3492 in
628 3460 660 3492 eo
683 3445 726 3492 cui
739 3444 866 3494 haereret
878 3449 1025 3508 cognatam
1038 3443 1091 3492 sibi
1108 3449 1135 3492 ct
1147 3443 1263 3493 similem
1277 3459 1317 3491 re·

180 3512 291 3578 periret.
317 3515 391 3560 terra
405 3515 447 3558 est
459 3509 535 3560 sicca
549 3517 576 3560 et
588 3511 698 3578 frigida,
713 3527 784 3575 aqua
797 3528 862 3562 uero
876 3511 976 3574 frigida
989 3517 1017 3560 et
1029 3512 1157 3561 humecta
1170 3515 1224 3560 est:
1248 3511 1318 3560 lraec

180 3581 234 3630 dno
247 3579 392 3640 elementa,
406 3577 473 3628 licet
485 3579 537 3628 sibi
550 3579 712 3644 persiccum
726 3579 932 3643 hunrectumque
946 3579 1084 3628 contraria
1097 3580 1166 3636 aiut,
1180 3593 1228 3642 per
1241 3578 1317 3644 trigi-

180 3649 243 3698 dum
256 3653 349 3696 tamen
359 3659 499 3696 commuue
510 3647 555 3696 iun
576 3653 663 3697 untur.
683 3663 731 3698 aer
742 3647 883 3698 humectus
898 3652 925 3696 et
937 3647 1043 3696 calidus
1054 3651 1107 3695 est:
1122 3651 1219 3696 etcum
1230 3662 1318 3711 aquae

180 3715 300 3780 frigidae
315 3713 467 3764 contrarius
479 3715 515 3763 sit
528 3663 629 3775 calore,
643 3715 835 3766 conciliatione
848 3721 940 3764 tamen
953 3715 1021 3764 socii
1035 3714 1178 3779 copulatur
1190 3714 1318 3765 humoris.

181 3799 263 3848 super
275 3783 346 3832 hunc
364 3782 435 3847 ignis
448 3784 561 3833 cunnsit
580 3783 684 3833 calidus
698 3789 725 3832 et
738 3784 827 3833 siccus
844 3785 982 3833 humorem
1000 3783 1107 3846 quidem
1126 3782 1197 3832 aeris
1215 3783 1320 3848 respuit

181 3851 318 3912 siccitate,
332 3849 381 3900 sed
394 3853 549 3900 conectitur
561 3867 610 3916 per
622 3853 782 3901 societatem
796 3851 904 3909 caloris,
919 3855 947 3900 ot
959 3851 998 3901 ita
1011 3850 1053 3912 lit,
1073 3855 1103 3899 ut
1116 3849 1224 3915 singula
1237 3866 1318 3915 quse·

182 3935 234 3984 qne
247 3918 444 3968 elementorum
456 3918 510 3969 duo
522 3919 575 3969 sibi
586 3920 650 3970 binc
664 3920 726 3969 iude
740 3920 831 3970 uicina
843 3919 958 3984 singulis
972 3919 1151 3985 qualitatibus
1168 3917 1245 3968 uelut
1262 3917 1318 3982 qui·

182 3987 296 4038 brundam
314 3985 517 4052 amplectantur
533 3987 618 4038 ulnis:
644 4003 715 4054 aqua
734 3993 833 4038 terram
852 3989 968 4054 frigora,
988 4003 1080 4038 aerem
1097 3986 1148 4035 sibi
1167 3986 1254 4036 nectit
1271 3987 1317 4036 hu-

184 4095 385 4109 ..—.---

270 4157 566 4220 lterra-inmobilis
579 4181 631 4218 om.
641 4163 668 4218 B
683 4153 697 4240 ΙΙ
712 4168 728 4220 2
741 4159 973 4218 commiscuntnr
985 4159 1038 4215 ΑΒ
1051 4153 1065 4236 Π
1082 4153 1317 4238 crassaom.B¹1l

183 4247 319 4302 ctoddidi
331 4239 345 4324 ΙΙ
360 4243 490 4304 obtunsa
497 4243 813 4305 inmobilisAobtunsa
826 4253 856 4303 et
862 4241 1012 4302 inmobilis
1024 4239 1209 4302 Binrnobilis
1216 4245 1322 4302 seclusi
1336 4295 1340 4303 ,

184 4325 197 4410 ΙΙ
207 4329 465 4392 tarassitudineB
479 4324 492 4411 ll
508 4331 730 4408 conligunturA
745 4325 758 4411 ΙΙ
772 4329 1007 4388 crassitudineB
1022 4323 1034 4410 {l
1050 4321 1317 4406 tconligaaturBil

183 4425 200 4478 6
218 4412 256 4474 ad
272 4418 297 4473 A
314 4435 366 4474 om.
383 4417 411 4473 B
425 4409 439 4498 1]
455 4413 569 4475 duobus
582 4412 620 4474 B¹
637 4411 651 4498 {l
666 4436 764 4496 aquae
780 4411 820 4473 Β2
836 4409 850 4498 ss
864 4415 927 4474 aeri
942 4410 982 4473 B²
998 4409 1011 4497 l}
1026 4421 1041 4478 7
1059 4413 1223 4492 iungantur
1241 4409 1280 4471 B¹
