3072 5064
345 354 575 398 svrrnaunurs
599 355 687 400 arear
709 355 751 396 nn
774 354 900 396 osunen
924 353 1063 396 vssrrvu
1213 341 1272 402 271

157 509 264 555 utuntur.
299 506 400 556 Persas
419 507 506 556 tiaras
524 511 632 572 gerunt,
651 505 700 556 sed
717 521 797 572 reges
815 510 906 556 rectas
924 509 1053 570 satrapae
1068 505 1205 554 incuruss.
1232 521 1274 556 re·

156 579 225 636 perta
241 578 332 623 antem
349 575 422 624 tiara
440 589 457 623 a
475 573 654 624 Semiramide
672 574 843 638 Assyriorum
861 574 966 638 regina.
1003 573 1073 636 quod
1091 588 1178 638 genus
1196 589 1274 622 orna·

157 641 230 690 menti
247 641 343 691 exindo
367 656 453 706 usquc
476 641 557 692 hodie
581 657 648 707 gens
666 643 727 708 ipsa
744 643 855 692 retinet.
890 641 1072 690 Athenienses
1091 645 1181 690 autem
1201 642 1275 691 cica-

156 707 197 758 das
218 723 314 760 aureas
336 710 470 774 gerebant
492 711 592 775 partim
617 709 645 759 in
662 710 777 770 uertice,
801 708 925 760 nonnulli
947 709 976 758 in
994 709 1093 758 tronto.
1129 709 1274 758 nonenim

155 775 239 826 eadem
262 783 324 826 sunt
349 779 472 844 insignia
495 779 613 828 omnium
636 793 789 842 regnorum.
824 777 969 844 gentilium
990 781 1069 826 uates
1088 776 1176 826 insula
1195 777 1274 842 apice

154 843 216 906 pileo
226 845 284 894 siue
298 845 391 910 galero
401 846 558 896 utebantur.
582 845 671 896 insula
683 851 726 896 est
736 845 854 895 fasciola
865 844 1046 895 sacerdotalis
1056 845 1157 909 capitis
1169 845 1234 894 alba
1246 847 1274 894 in

154 913 248 962 modum
260 913 434 976 diadematis,
445 929 461 964 a
474 929 528 978 qua
539 915 627 964 uittae
641 915 676 964 ab
689 917 804 980 utraque
817 919 896 980 parte
906 913 1068 978 dependent,
1079 927 1148 978 quaa
1159 912 1274 962 infulam

153 981 276 1030 ninciunt.
299 981 370 1030 unde
384 986 412 1031 et
423 983 512 1032 uittae
525 983 616 1032 dictae
629 987 693 1031 stunt
706 981 776 1046 quod
789 983 924 1031 uinciaut.
948 979 1036 1029 insula
1053 985 1144 1030 autem
1157 979 1273 1045 plerum-

56 1041 58 1080 l
153 1061 197 1112 que
207 1049 306 1098 tortilis
318 1049 475 1114 plerumque
488 1049 547 1100 lata
561 1055 621 1100 erat
632 1049 666 1100 de
680 1049 743 1100 albo
757 1055 785 1098 et
795 1047 898 1098 cocco!
922 1046 963 1098 31.
984 1047 1034 1098 ‘Dc
1048 1049 1215 1098 ornamentis
1228 1063 1274 1098 ca·

55 1143 56 1164 t
153 1117 209 1180 pitis
220 1115 400 1166 feminarum)
427 1117 437 1166 l
450 1133 521 1182 sqq.:
536 1117 714 1168 ‘Ornamenta
725 1118 826 1182 capitis
839 1117 1015 1166 seminarum:
1028 1116 1155 1166 diadema
1167 1117 1274 1166 nimbus

153 1184 293 1248 capitulum
318 1190 346 1234 et
369 1185 459 1235 mitra.
499 1185 627 1236 diadema
646 1191 688 1236 est
706 1189 893 1235 ornamentum
912 1183 1012 1249 capitis
1034 1189 1219 1234 matronarum
1241 1200 1275 1233 ex

153 1265 209 1300 suro
231 1257 259 1301 et
277 1254 390 1318 gemmis
409 1258 579 1317 contextum,
604 1253 675 1320 quod
698 1253 726 1302 in
744 1268 773 1302 se
797 1254 972 1303 circumactis
995 1253 1214 1302 extremitatibus
1233 1268 1274 1302 re·

152 1327 186 1370 ιιο
202 1321 370 1386 sstdngitur,
391 1325 419 1372 et
443 1321 540 1372 exindo
558 1321 662 1372 dictum
681 1321 798 1382 Graece,
817 1320 887 1384 quod
905 1320 1082 1386 praeligetur.
1113 1321 1219 1370 nimbus
1232 1326 1274 1370 est

152 1387 257 1438 isseiola
271 1393 430 1440 transuersa
449 1405 481 1440 ex
500 1404 566 1440 auro
585 1397 680 1439 assarta
697 1389 727 1439 ia
745 1389 839 1450 linteo,
860 1388 930 1452 quod
949 1389 1037 1438 estin
1055 1388 1143 1438 ironte
1157 1387 1272 1438 semina·

152 1469 207 1504 rum.
241 1455 371 1506 Plautus:
396 1457 456 1519 Quo
474 1459 564 1523 magis
589 1472 650 1507 earn
674 1457 793 1522 aspicio,
817 1461 875 1506 tam
898 1457 986 1520 magis
1009 1455 1133 1506 nimbata
1152 1461 1204 1506 est.

152 1523 289 1588 capitulum
315 1529 358 1575 est
381 1525 451 1590 quod
470 1526 551 1590 uulgo
570 1525 723 1591 capitulare
747 1524 850 1574 dicunt.
886 1524 958 1574 idern
977 1527 1004 1572 et
1022 1539 1120 1589 cappa,
1139 1525 1185 1574 uel
1203 1525 1273 1589 qnod

151 1591 208 1641 duos
224 1595 328 1658 apices,
348 1597 379 1642 nt
397 1609 487 1659 cappa
504 1593 599 1643 littora
617 1593 733 1654 habeat,
753 1591 796 1643 uel
817 1592 882 1656 quia
900 1593 1002 1656 capitis
1020 1597 1208 1642 ornamentum
1222 1597 1285 1643 ιιι.-

152 1661 221 1710 mitra
238 1667 280 1710 ιιι
298 1660 401 1726 pileum
414 1661 563 1728 Phrygium
582 1665 665 1726 caput
682 1666 829 1728 protegens
854 1659 900 1723 (os.
915 1659 1018 1710 Seruius
1035 1661 1102 1710 Aea.
1121 1660 1188 1710 IIII
1202 1661 1272 1724 216).

151 1726 192 1776 ssd
213 1727 317 1794 pileum
339 1730 459 1779 uirorum
483 1733 537 1790 est,
561 1731 659 1780 mitrae
679 1735 770 1780 autem
794 1729 965 1778 feminarum.
1001 1727 1163 1778 redimicula
1183 1734 1274 1778 autem

150 1801 204 1844 sunt
220 1797 319 1862 quibus
336 1797 418 1846 mitra
437 1796 576 1864 alligatur.
606 1797 708 1862 pileum
721 1803 812 1848 autem
829 1801 860 1846 ut
876 1796 1061 1862 praediximus
1079 1811 1096 1845 a
1114 1797 1186 1861 pelle
1204 1801 1273 1846 erat.

152 1877 203 1913 nsm
217 1866 299 1914 mitra
319 1881 352 1914 ex
376 1863 442 1916 lans
465 1870 516 1915 est.
555 1864 645 1915 ricula
668 1869 710 1914 est
731 1865 815 1916 mitra
837 1863 984 1930 uirginalis
1007 1863 1128 1929 capitis)
1154 1881 1177 1914 e.
1202 1879 1227 1930 q.
1251 1879 1272 1914 s.

150 1929 185 1980 32.
205 1933 254 1983 ‘De
281 1931 392 1982 anulis!
434 1932 446 1982 l
470 1949 542 1998 sqq.:
562 1933 680 1982 ‘Primus
698 1931 877 1984 Prometheus
895 1933 983 1982 fertur
1006 1931 1137 1982 circulum
1156 1933 1274 1984 ferretum
1296 1961 1300 1968 ·

151 1999 242 2050 incluso
270 1999 364 2066 lapide
396 2001 483 2067 digito
509 2001 729 2052 circumdedisse.
776 2015 830 2065 qus
856 2000 1053 2050 consuetudins
1080 1999 1203 2050 homines
1230 2003 1274 2052 usi

151 2067 233 2118 snulm
256 2067 360 2118 habere
380 2075 537 2134 coeperunt.
572 2069 649 2119 antrli
667 2075 758 2118 autem
776 2085 825 2134 per
841 2068 1049 2118 diminutionem
1065 2067 1134 2117 dicti
1151 2085 1168 2119 a
1185 2069 1273 2118 circu-

151 2131 180 2182 lis
195 2141 220 2186 et
235 2137 312 2198 anis,
344 2137 389 2200 qui
413 2143 476 2186 stunt
498 2138 573 2187 circa
597 2136 711 2187 brachia
734 2141 762 2186 et
784 2137 886 2185 circum
914 2151 1003 2185 crura.
1047 2136 1118 2184 unde
1143 2141 1171 2186 et
1193 2137 1274 2202 signs

152 2217 229 2254 eorum
251 2220 303 2270 per
326 2203 534 2254 diminutionem
557 2204 660 2270 sigilla.
759 2203 855 2254 anulos
878 2204 993 2268 primum
1016 2202 1139 2253 homines
1162 2211 1273 2268 gestare

154 2279 288 2336 coeperunt
307 2277 405 2336 quarto
424 2289 440 2322 a
458 2272 558 2338 pollice
577 2273 675 2338 digito,
694 2271 765 2337 qnod
783 2288 815 2322 eo
828 2287 900 2321 uena
917 2271 1051 2336 quaedam
1069 2286 1153 2336 usque
1174 2272 1209 2320 ad
1227 2287 1274 2322 cor

155 2341 289 2406 pernger,
310 2355 391 2404 quam
410 2341 558 2391 notandam
576 2339 780 2404 ornandamque
799 2339 892 2404 aliquo
911 2340 1013 2404 insigni
1031 2345 1141 2388 ueteres
1158 2345 1273 2404 putaue-

157 2413 212 2454 runt.
247 2407 323 2474 apud
347 2409 483 2458 Romanos
512 2409 588 2458 anuli
614 2409 648 2458 de
671 2408 780 2473 publico
804 2407 941 2458 dabantur
964 2413 992 2456 et
1014 2422 1068 2458 non
1091 2407 1152 2456 sine
1176 2407 1272 2458 discri-

155 2487 219 2524 nne.
248 2491 315 2526 nam
333 2476 469 2542 dignitate
488 2478 646 2542 praecipuis
664 2477 731 2525 uiris
749 2475 880 2540 gemmati
898 2473 1042 2536 dabantur,
1061 2477 1162 2525 ceteris
1180 2475 1271 2526 solidi.

153 2543 247 2594 mulum
276 2559 389 2595 aureum
415 2559 504 2610 neque
532 2559 628 2596 seruus
655 2559 744 2608 neque
768 2544 914 2594 libertinus
937 2543 1067 2606 gestabat
1094 2544 1123 2592 iu
1146 2543 1270 2608 publico:

150 2609 189 2659 sed
209 2612 290 2662 anulo
315 2627 399 2662 aureo
422 2603 513 2662 libcri'
525 2614 675 2663 utebantur
691 2611 815 2661 libertini
833 2615 964 2678 argenteo
983 2612 1055 2660 serui
1078 2611 1182 2673 ferreo,
1205 2610 1273 2662 licet

150 2683 172 2725 tl
187 2681 261 2730 multi
278 2680 464 2730 honestissimi
484 2681 566 2730 anulo
584 2682 674 2731 ferreo
692 2680 847 2730 utebantur.
879 2678 951 2743 apud
968 2685 1077 2728 ueteres
1099 2679 1172 2729 ultra
1190 2693 1271 2730 tanum

149 2747 246 2798 saulum
275 2749 317 2797 uti
346 2749 448 2798 infame
478 2747 601 2798 habiturn
628 2750 697 2798 uiro.
738 2747 879 2798 Gracchus
908 2748 936 2796 in
958 2747 1110 2798 Maenium:
1140 2748 1271 2798 Conside-

148 2821 198 2864 rate
214 2817 337 2878 Quirites
356 2817 496 2866 sinistram
516 2818 584 2878 eius,
604 2832 638 2867 en
657 2817 735 2866 errius
753 2816 945 2867 auctoritatem
958 2815 1113 2880 sequimini,
1135 2818 1179 2880 qni
1192 2833 1272 2882 prop·

147 2885 183 2932 ter
193 2883 333 2934 mulierum
345 2884 526 2949 cupiditatem
544 2891 574 2934 ut
592 2885 689 2934 mulier
707 2891 749 2934 est
761 2888 883 2934 ornatus.
915 2883 1039 2946 Crassus,
1060 2885 1105 2948 qui
1119 2885 1191 2950 apud
1204 2886 1271 2934 Par·

146 2949 198 3000 thos
214 2953 314 3018 periit,
339 2953 368 3002 iu
387 2957 530 3004 senectute
549 2953 616 3002 duos
633 2952 731 3003 habuit
748 2952 844 3002 anulos
867 2966 979 3002 causam
1002 2953 1176 3016 praeferens,
1200 2951 1271 3017 quod

146 3021 255 3081 pecunia
271 3021 298 3070 ei
322 3021 455 3070 immensa
478 3021 621 3070 arcuisset.
657 3021 736 3070 multi
763 3021 846 3070 etiam
865 3019 1046 3070 Romanonun
1064 3037 1112 3086 pro
1130 3023 1270 3086 grauitate

147 3088 247 3138 saulum
265 3093 375 3154 gestare
399 3089 428 3138 in
445 3088 532 3153 digito
556 3089 755 3138 abstinuerunt.
793 3089 912 3138 laminae
931 3103 984 3137 nou
1002 3105 1068 3140 usae
1089 3090 1193 3152 anulis,
1218 3091 1272 3140 nisi

146 3167 203 3217 quos
219 3157 323 3222 uirgini
336 3171 451 3221 sponsus
464 3157 586 3216 miserat,
605 3172 692 3221 neque
706 3155 823 3221 amplius
836 3171 916 3221 quam
928 3157 1007 3206 binos
1020 3156 1116 3206 anulos
1134 3173 1230 3208 aureos
1243 3159 1272 3208 in

144 3221 231 3288 digitis
243 3224 348 3276 habere
366 3224 502 3274 solebant.
562 3226 633 3275 inter
647 3239 749 3290 genera
760 3224 900 3274 anulorum
911 3229 976 3273 sunt
989 3222 1107 3289 ungulus
1121 3225 1273 3276 samothra-

145 3291 197 3340 eius
205 3292 346 3356 thynnius.
374 3293 491 3358 ungulus
504 3297 546 3342 est
559 3299 710 3356 gemmatus
723 3299 890 3356 uocatusque
906 3291 958 3342 hoo
977 3293 1100 3354 nemine,
1119 3294 1183 3356 quia
1199 3293 1273 3342 sicut

145 3360 238 3424 nupia
251 3361 339 3422 carni,
360 3361 399 3410 ita
413 3377 519 3426 gemma
532 3361 608 3410 anuli
626 3375 692 3410 auro
710 3361 874 3424 accingitur.
898 3360 1098 3410 samothracius
1114 3375 1213 3410 aureus
1230 3367 1272 3410 est

144 3429 253 3490 quidem,
266 3429 317 3479 sed
335 3429 457 3494 capitulo
474 3429 579 3492 ferreo,
599 3444 615 3478 a
634 3429 737 3478 locoita
755 3433 878 3478 uocatus.
907 3429 1037 3492 thynnius
1052 3443 1134 3492 purus
1147 3432 1199 3489 est,
1217 3429 1272 3493 pri-

144 3509 205 3546 murn
217 3495 247 3547 in
260 3496 394 3560 Bithynia
406 3496 575 3558 fabricatus,
594 3512 675 3562 quam
687 3496 751 3546 olim
764 3496 907 3560 Thyunam
924 3496 1072 3546 uocabant.
1103 3496 1120 3560 †
1138 3495 1271 3546 Flaccus:

373 3564 497 3616 lucentes
514 3580 576 3614 mea
595 3567 654 3614 uita
672 3581 724 3616 nec
743 3563 911 3630 smaragdos,

372 3631 484 3682 berillos
503 3633 569 3682 mihi
587 3633 690 3683 Flacca
709 3649 761 3684 nec
779 3633 908 3692 nitentes,

372 3715 424 3752 uec
442 3701 611 3765 percandida
629 3702 782 3766 margarita
800 3715 912 3765 quaero,

372 3784 424 3818 nec
442 3785 509 3834 qrros
526 3769 659 3833 thynnica
676 3769 742 3819 lirna
760 3769 909 3835 perpoliuit

372 3837 492 3899 ancllos,
516 3853 604 3902 neque
623 3838 726 3902 iaspios
745 3835 873 3902 lapillos.'

142 3901 177 3955 tt.
206 3907 257 3958 ‘De
276 3901 417 3972 cingulis!
453 3904 482 3956 3:
502 3907 587 3956 ‘Zona
605 3909 733 3970 graecum
753 3912 809 3965 est,
829 3921 908 3970 qnam
929 3903 969 3954 illi
987 3895 1126 3967 ζωνᾶριον
1144 3920 1193 3957 nos
1212 3905 1269 3958 cin·

143 3973 225 4037 ςιιιιιιι
249 3988 448 4038 nuncupamus.
481 3973 631 4039 strophium
649 3977 691 4023 est
707 3973 846 4038 cingulum
865 3989 975 4024 aureum
999 3989 1060 4024 cum
1083 3977 1211 4040 gemmis,
1235 3976 1269 4026 de

142 4055 188 4104 qno
205 4044 246 4092 sit
259 4043 364 4092 Cinna:
384 4041 512 4108 Strophio
530 4042 679 4092 lactanteis
698 4042 791 4092 cincta
810 4041 948 4107 papillas'
968 4042 996 4092 4:
1016 4043 1120 4094 ‘Limus
1140 4050 1181 4094 est
1195 4045 1269 4094 einc-

141 4113 188 4172 tms,
206 4127 287 4176 quem
306 4109 411 4175 publici
429 4110 570 4160 habebant
584 4107 676 4160 serui!
712 4109 753 4162 34.
782 4110 834 4160 ‘De
854 4107 1066 4160 caleiaurentis.’
