3162 5058
283 348 345 412 288
795 362 926 406 sacrvm

368 525 503 574 snorvss
526 517 558 572 et
577 514 757 590 snosnnss]
780 509 891 594 regius
918 531 1000 595 puer
1021 520 1072 574 est
1092 510 1196 594 regis,
1224 508 1344 596 regulis
1366 532 1425 576 rex

283 614 339 701 qui
361 613 447 698 regit
466 632 614 696 regnum.

369 729 546 778 nnmcrvss
577 713 639 798 (et)
663 727 850 776 Dnsnnrvrs
873 711 935 776 hoc
954 711 1078 795 differt,
1101 713 1187 799 quod
1210 712 1426 799 relinquimur

286 823 411 902 sponte,
432 813 613 880 deserimur
631 813 742 894 inuiti.

368 929 542 991 numqvos
567 922 600 977 et
622 919 790 996 effisos]
817 912 960 1000 reliquos
982 914 1121 980 dicimus
1144 914 1275 980 relictos
1293 938 1335 980 ex
1359 937 1445 980 oms

285 1017 396 1098 nibus,
420 1025 546 1080 ceteros
566 1035 648 1100 quos
668 1015 860 1100 excipimus.

368 1133 563 1182 summurn
585 1125 618 1179 et
640 1121 850 1198 esorvrvvul
873 1116 1053 1180 recidiuum
1069 1117 1155 1203 quod
1172 1119 1355 1184 renascitur
1378 1140 1425 1182 se-

282 1220 346 1286 mel
369 1221 402 1284 in
425 1240 527 1301 enno,
551 1217 738 1282 rediuiuum
761 1218 849 1304 quod
870 1240 968 1306 saepe
988 1221 1174 1284 reuiuescit.

367 1337 490 1385 uosvis
500 1329 532 1383 et
543 1325 674 1402 Ριιιιιι]
683 1341 764 1406 pyra
775 1321 939 1407 (paratur)
948 1319 1129 1404 sacrifieiis,
1141 1341 1239 1407 rogus
1252 1321 1424 1386 defunctis.

283 1545 342 1580 mur
358 1523 502 1578 homines!
532 1525 627 1576 1437:
652 1527 776 1576 ‘Precsri
795 1531 837 1576 est
855 1541 961 1592 rogere,
983 1527 1129 1592 imprecari
1145 1531 1187 1578 est
1205 1531 1310 1592 optare,
1330 1525 1425 1592 depre-

284 1597 342 1648 curi
361 1601 404 1646 est
422 1609 553 1645 excusare
571 1593 616 1643 uel
636 1609 797 1659 expurgare.
835 1591 947 1643 Cicero:
966 1593 1052 1656 Quid,
1076 1595 1178 1658 iuquit,
1203 1595 1291 1644 locist
1307 1594 1424 1644 Horten·

283 1667 357 1716 sins?
382 1663 556 1714 sueritisene
581 1662 697 1712 crimine
716 1661 886 1728 frugalitatis
903 1661 1031 1712 laudibus
1055 1661 1251 1726 depreceturl'
1278 1663 1424 1728 Agroetius

283 1751 309 1800 p.
329 1730 397 1782 2266
414 1732 450 1782 P:
471 1729 593 1780 ‘Proceri
613 1735 704 1779 eutem
724 1736 767 1778 est
790 1745 897 1796 rogere,
919 1729 1065 1794 imprecari
1083 1730 1259 1793 maledicere,
1278 1731 1424 1795 deprecari

284 1815 416 1850 excusare
436 1803 463 1847 et
481 1813 597 1862 purgare
620 1813 659 1847 se.
695 1797 843 1861 Virgilius:
867 1797 999 1861 Equidem
1023 1798 1109 1848 merui
1132 1813 1183 1848 nec
1203 1798 1342 1862 deprecor.
1380 1797 1425 1846 ci-

284 1883 359 1918 cero:
385 1865 457 1928 Quid
476 1865 563 1955 sapiet
581 1864 764 1914 Hortensius?
783 1866 956 1914 eusritisene
975 1866 1091 1914 crimine
1109 1865 1278 1931 t'rugslitetis
1296 1865 1424 1916 lsudibus

285 1936 318 1985 de
341 1934 499 1985 recubitor?

321 1953 338 2002 p
368 2002 485 2066 Regium
505 2005 533 2050 et
551 1997 685 2066 regalem]
705 1999 729 2049 G
746 2015 772 2065 p.
792 1997 825 2050 80
843 2016 868 2050 ιι.
890 1999 934 2050 10:
960 1999 1014 2050 ‘Re
1036 2001 1078 2050 ius
1095 2017 1163 2066 puer
1175 2001 1278 2067 regulis
1297 2006 1352 2064 est,
1377 2017 1423 2050 rex

284 2071 330 2136 qui
348 2069 421 2136 regit
438 2066 570 2134 regnum)
590 2069 615 2117 H
634 2083 660 2134 p.
683 2067 726 2116 10:
758 2067 852 2134 ‘Regis
870 2083 937 2134 puer
955 2018 1058 2134 regalis
1078 2075 1129 2130 est,
1149 2085 1196 2118 rex
1208 2070 1254 2134 qui
1273 2069 1347 2134 regit
1364 2083 1424 2134 reg·

283 2137 365 2189 num.'
384 2139 395 2187 1
414 2135 477 2186 491:
508 2137 633 2201 ‘Regium
652 2141 694 2186 est
712 2137 799 2201 ipsius
817 2137 904 2202 regis,
924 2137 1017 2201 regule
1037 2137 1147 2202 dignum
1166 2153 1240 2201 rege.
1277 2138 1317 2186 sic
1336 2129 1365 2186 et
1382 2151 1423 2186 re·

283 2208 330 2274 gie
349 2212 377 2256 et
395 2204 507 2270 regulis.
528 2195 614 2268 ‘regie
627 2203 721 2253 domus
739 2205 767 2252 in
781 2209 898 2268 quaest,
918 2203 1020 2269 regalis
1032 2220 1097 2270 rege
1117 2203 1220 2270 digne!
1234 2231 1265 2240 -
1279 2203 1301 2252 F
1314 2221 1340 2268 p.
1360 2201 1422 2253 356:

285 2275 409 2339 ‘Regium
429 2273 499 2338 quod
518 2273 600 2338 regis,
621 2271 715 2336 regule
735 2272 805 2336 quod
823 2287 887 2336 rege
907 2272 1017 2336 dignum
1036 2269 1102 2322 est.’

367 2341 505 2392 Relictum
524 2345 552 2388 et
570 2335 717 2404 desertum]
734 2339 757 2388 G
776 2356 802 2404 p.
820 2337 854 2388 92
872 2355 898 2388 n.
916 2338 962 2389 41:
982 2339 1181 2404 ‘Relinqnimus
1199 2339 1359 2400 uoluntate,
1378 2339 1423 2389 de·

269 2405 398 2460 'serimus
417 2405 519 2458 inuiti)
555 2407 581 2456 Η
599 2423 626 2472 p.
648 2406 691 2456 12:
717 2405 914 2470 ‘Relinquimns
932 2407 1097 2471 uoluntario,
1116 2407 1268 2456 deserimus
1285 2406 1385 2456 inuiti!

368 2477 497 2541 Reliquos
521 2481 549 2524 et
566 2472 683 2540 ceteros]
703 2474 726 2524 G
744 2489 771 2539 p.
789 2473 823 2523 94
841 2489 866 2523 ιι.
885 2473 930 2524 62:
956 2475 1103 2540 ‘Reliquos
1122 2475 1238 2524 dicimus
1256 2475 1369 2525 relictos
1392 2491 1424 2524 ex

284 2547 422 2607 omnibus,
442 2549 550 2594 ceteros
569 2558 636 2607 quos
654 2541 810 2594 nescimus.'
847 2542 873 2591 H
892 2558 917 2607 p.
940 2541 983 2592 182
1004 2543 1144 2608 ‘Reliquos
1163 2543 1274 2592 relictos
1293 2559 1327 2593 ex
1339 2543 1424 2592 omni·

283 2615 342 2676 bus,
363 2619 471 2663 ceteros
490 2625 555 2675 quos
573 2608 729 2660 nescimus)

351 2681 369 2741 †
382 2679 609 2742 Redibinmperb
623 2683 651 2728 ot
663 2678 796 2727 rediuium
806 2694 855 2742 per
867 2693 884 2726 u
896 2675 1028 2743 litteram]
1042 2676 1141 2744 spes
1152 2693 1178 2728 n.
1192 2675 1238 2728 63:
1252 2677 1424 2728 ‘Redibidnm

283 2755 326 2800 est
350 2747 420 2812 quod
444 2745 582 2806 nescitur,
611 2745 764 2795 rediuiuum
788 2745 859 2809 quod
883 2743 1045 2795 reuiuiscit.'
1085 2746 1109 2794 H
1131 2761 1156 2810 p.
1183 2744 1225 2794 18:
1252 2745 1425 2796 ‘Redibiuum

283 2815 354 2882 quod
372 2814 503 2874 nuscitur,
523 2813 674 2862 rediuiuum
694 2813 764 2877 quod
782 2812 944 2862 reuiuiscit.'
960 2841 990 2848 —
1009 2813 1150 2863 Charisius
1168 2829 1194 2878 p.
1212 2812 1259 2862 99:
1280 2813 1425 2863 ‘Rediuius

283 2884 398 2934 dicimus
416 2897 488 2946 quse
505 2885 569 2945 post
586 2881 725 2930 interitum
745 2881 873 2942 redeunt,
901 2881 1025 2930 recidiua
1049 2895 1118 2944 quse
1142 2896 1175 2930 ex
1194 2895 1243 2931 suo
1262 2895 1328 2930 essu
1345 2883 1424 2930 resti·

282 2955 403 3000 tuuntur.
444 2948 515 2998 unde
538 2946 690 3012 Vergilius:
721 2947 855 2997 Recidiuu
883 2963 965 2998 manu
987 2951 1138 3014 posuissem
1162 2949 1298 3012 Pergamo
1320 2947 1424 2998 uictis.’

283 3019 320 3068 cl.
339 3017 451 3068 Servius
469 3017 536 3064 Aen.
556 3014 692 3064 1111344:
712 3013 857 3081 Recidiue]
883 3017 958 3082 ‘post
983 3031 1077 3066 essum
1101 3017 1239 3065 restitute.
1281 3016 1332 3065 elii
1354 3017 1426 3066 reci·

283 3086 375 3135 diuum
394 3083 502 3150 proprie
521 3083 624 3143 dieunt,
644 3083 715 3148 quod
734 3084 855 3132 excisum
874 3083 963 3134 denuo
981 3083 1121 3134 nuscitur)
1158 3083 1273 3134 Glossee
1292 3085 1425 3148 antiquae

283 3153 356 3218 spud
379 3153 482 3202 Melum
506 3156 579 3203 suet.
609 3149 689 3200 class.
714 3151 765 3200 Vll
788 3167 815 3216 p.
839 3149 901 3200 576:
938 3152 1087 3202 ‘Recidius
1110 3150 1154 3200 uel
1178 3151 1292 3201 recidor
1314 3167 1347 3201 ex
1371 3153 1425 3202 rui-

283 3225 327 3270 nis
348 3217 561 3310 nsscentismel
584 3223 740 3268 restaurate
763 3235 797 3268 ex
819 3219 918 3282 ruinis,
944 3225 1086 3270 renouata.
1126 3219 1251 3268 rediuiua
1274 3219 1425 3269 crescendo

283 3295 312 3339 et
347 3287 497 3338 ullulendo.

329 3305 346 3354 p
368 3357 472 3420 Regum
492 3359 520 3402 et
536 3351 641 3419 pyrum]
656 3355 679 3403 G
697 3369 723 3419 p.
745 3354 792 3404 102
810 3369 836 3404 n.
856 3353 918 3404 194:
944 3355 1045 3420 ‘Bogus
1062 3354 1202 3404 defunctis
1214 3361 1336 3420 peretur,
1356 3371 1425 3420 pyro

282 3421 447 3475 sacrificiis!
483 3423 578 3472 1444:
599 3423 680 3484 ‘Pyre
699 3427 741 3470 est
761 3424 928 3472 constructio
946 3422 1096 3487 lignorum,
1116 3428 1265 3488 antequam
1283 3423 1358 3490 ignis
1378 3423 1425 3474 cd·

283 3498 371 3542 motus
390 3495 446 3553 est,
472 3506 553 3554 rogus
577 3496 620 3539 est
637 3489 699 3538 dum
719 3491 810 3551 ardet,
830 3491 938 3540 bustum
956 3505 1022 3540 uero
1041 3495 1219 3556 posteuqnsm
1237 3487 1325 3540 arsit)
1362 3490 1424 3541 Ser-

181 3559 185 3574 '
282 3561 343 3610 rius
362 3561 429 3608 Aen.
448 3559 555 3608 11122:
580 3557 698 3607 ‘Terrae
722 3558 866 3622 congestio
884 3573 1047 3623 superesse
1069 3558 1187 3608 tumulus
1210 3558 1321 3611 dicitur.
1356 3573 1425 3608 osne

283 3633 433 3694 apparatus
451 3629 615 3675 mortuorum
634 3625 714 3674 funus
726 3625 781 3674 dici
799 3625 882 3686 solet,
903 3628 1037 3676 extructio
1056 3627 1189 3692 lignorum
1203 3641 1297 3691 rogus,
1317 3625 1425 3676 subiec-

282 3697 321 3745 tio
340 3695 412 3760 iguis
431 3709 512 3758 pyro,
533 3693 665 3742 crematio
685 3691 963 3754 cedsnerisbustum‚
984 3693 1060 3744 locus
1072 3695 1187 3756 setrius,
1207 3695 1299 3758 operis
1317 3700 1426 3744 extruc-

282 3764 322 3812 tio
340 3763 503 3828 sepulcrum,
523 3775 621 3811 nomen
639 3759 800 3826 inscriptum
818 3759 1041 3812 mouumentum’

370 3978 381 4029 1
397 3965 501 4044 regule
515 3969 549 4025 M
559 3961 574 4048 Η
588 3975 605 4026 2
617 3973 705 4042 reget
718 3966 748 4023 M
761 3961 774 4046 ll
790 3977 807 4029 3
822 3975 852 4025 ct
874 3971 983 4026 eddidit
1001 3967 1123 4025 Ruricius
1137 3962 1150 4046 Ιξ
1165 3979 1181 4029 5
1199 3965 1354 4046 relinques
1367 3968 1399 4024 M
1420 3963 1423 4044 l

282 4052 410 4114 dicimus
423 4053 492 4112 oles
508 4054 625 4110 fructus
642 4061 689 4109 est
708 4050 790 4110 elius
808 4051 897 4111 arbor
910 4051 1071 4110 multitudo
1087 4051 1196 4110 dicitur
1211 4053 1243 4109 M
1255 4053 1296 4125 cs.
1310 4071 1342 4124 p.
1358 4057 1423 4118 282,

284 4146 321 4198 10
330 4157 373 4214 sq.
393 4133 408 4219 [l
428 4145 444 4202 7
468 4135 654 4196 ‘recidiuum
676 4144 707 4194 et
728 4135 897 4196 rediuiunm
917 4141 980 4195 olim
1000 4137 1076 4210 suit’
1098 4136 1236 4196 Rotlsius:
1260 4135 1424 4194 Redibiom

281 4243 300 4300 p
320 4220 338 4281 b
357 4235 388 4282 et
407 4222 556 4283 rediuinm
577 4243 596 4298 p
615 4217 636 4278 ιί
652 4219 748 4278 literis
772 4223 806 4278 M
824 4217 837 4303 ll
857 4221 1007 4282 redibium
1027 4223 1061 4279 M
1079 4215 1093 4302 {l
1113 4222 1281 4280 senescitur
1302 4223 1425 4294 scripsi:

282 4308 417 4366 nascitur
434 4309 467 4366 M
479 4323 568 4380 super
587 4323 698 4364 uersum
713 4301 726 4384 ll
742 4315 760 4368 8
777 4307 926 4366 rediuium
942 4309 975 4364 M
987 4301 1000 4388 {l
1015 4313 1032 4368 9
1046 4323 1124 4384 pyre
1142 4305 1314 4380 sacrificiis5
1334 4325 1424 4384 rogus

283 4389 321 4452 de
343 4391 448 4450 fruetis
464 4393 510 4454 M:
525 4393 819 4452 emendavitllotlsius
835 4395 858 4450 G
877 4397 896 4450 l.
917 4411 941 4450 c.
960 4395 1032 4452 duce
