3190 5098
701 389 804 432 esrv‘r
829 391 852 432 11
1276 379 1331 440 431

201 553 269 595 eoae
296 534 400 608 doeui,
430 535 470 599 de
497 540 585 598 annis
611 540 763 600 solstitiali
788 540 885 602 lunari
912 543 963 604 vel
991 545 1138 604 communi
1166 521 1340 606 dmbolisme

201 635 328 698 bisexto.

285 739 394 820 Itaque
413 742 444 800 in
460 741 517 800 hoe
541 744 640 822 eapite
655 745 805 806 Isidorum
820 745 948 806 Suetoni
972 749 1103 808 auctoris
1124 748 1254 826 vestigia
1271 769 1339 828 pre-

200 861 282 902 mere
302 853 417 904 remota
439 844 559 906 demum
580 855 611 906 et
631 845 784 925 explicata
800 847 867 927 ipsa
890 849 943 908 illa
958 850 1137 911 confusione
1153 850 1340 910 intellectum
1425 905 1428 912 .

201 951 261 1016 est,
290 965 379 1024 quam
398 945 491 1004 nolim
511 945 683 1006 Beekerum
709 968 765 1027 pro
786 948 898 1033 indieie
923 952 1066 1032 antiquae
1088 950 1264 1010 eruditionis
1286 953 1338 1012 ba·

200 1043 312 1124 baisse.
337 1045 448 1106 deinde
460 1067 521 1106 non
532 1037 706 1128 poteramus
716 1059 811 1110 totum
821 1059 926 1132 eaput,
944 1053 1033 1132 'quod
1047 1052 1170 1131 quidem
1182 1055 1338 1114 Beckerus

199 1144 331 1208 voluisse
343 1145 478 1222 videtur,
492 1149 638 1210 Suetonio
649 1151 808 1212 restituere
819 1197 826 1225 ,
838 1173 905 1212 oum
917 1153 955 1213 ab
968 1156 1091 1234 antiqua
1103 1155 1246 1214 memoria
1255 1165 1350 1232 oerta'

199 1249 243 1307 rei
255 1249 372 1308 ratione
387 1270 565 1327 cogeremur
577 1262 609 1312 ut
620 1254 741 1314 novicia
751 1255 906 1335 paschalis
919 1256 1000 1336 oyeli
1015 1256 1153 1316 instituta
1164 1277 1338 1316 secernere·

199 1371 275 1412 mus.
292 1352 352 1412 iam
363 1373 437 1414 vero
450 1354 551 1432 eapite
562 1354 690 1434 septimo
699 1357 856 1418 Beckerus
868 1357 1017 1418 Isidorum
1029 1379 1047 1418 a
1058 1357 1204 1418 Suetonio
1216 1357 1336 1420 absees-

195 1453 277 1514 sisse
293 1463 385 1535 atque
406 1455 445 1514 ad
461 1465 564 1534 patres
581 1457 808 1520 ecclesiasticos
822 1471 853 1520 et
867 1461 982 1541 Hygini
998 1460 1243 1539 scholiastaeque
1262 1461 1337 1520 Ger·

198 1555 308 1616 manici
324 1557 492 1617 enchiridia
505 1579 538 1618 se
548 1561 736 1620 convertisse
752 1571 855 1640 putat,
874 1561 944 1620 dum
957 1581 983 1622 e.
1002 1561 1163 1622 XXXVII
1174 1561 1282 1620 iterum
1299 1561 1337 1620 ad

197 1656 409 1737 Tranquillum
419 1660 583 1738 refugeret.
600 1681 659 1742 quo
672 1662 783 1723 iudieio
796 1663 907 1724 falsum
919 1685 988 1724 eum
1000 1683 1067 1724 esse
1078 1683 1146 1722 mox
1159 1663 1337 1724 videbimus.

283 1761 372 1820 Nunc
395 1763 602 1841 quaerendum
625 1773 685 1838 est,
713 1765 742 1824 in
769 1766 853 1826 ouius
876 1765 1044 1843 argumenti
1066 1765 1264 1826 continuitate
1290 1786 1336 1826 re·

198 1861 311 1943 liquiae
330 1864 416 1938 illae,
433 1885 508 1946 quas
525 1876 576 1926 aut
592 1875 673 1928 certo
688 1865 799 1926 Isidori
821 1867 990 1926 testimonio
1013 1876 1064 1928 aut
1084 1869 1189 1946 sagaci
1205 1869 1337 1930 Beckeri

197 1962 424 2043 investigationi
451 1966 613 2043 debemur,
644 1969 716 2028 olim
740 1969 771 2028 in
797 1969 925 2030 Suetoni
949 1971 1044 2048 pratis
1069 1972 1187 2049 positae
1215 1972 1336 2032 fuerint.

198 2074 289 2146 utque
322 2067 408 2148 ipsae
439 2089 495 2148 per
528 2089 562 2132 se
597 2070 672 2130 satis
697 2091 735 2134 ea
768 2072 876 2153 quibus
906 2072 976 2132 olim
1002 2071 1082 2134 telae
1106 2073 1242 2133 intextae
1272 2073 1336 2132 ine·

197 2168 256 2228 rint
277 2169 329 2230 fila
349 2171 520 2234 ostendunt.
548 2173 684 2252 primum
709 2173 976 2234 animadvertimus
1002 2173 1077 2232 duos
1099 2193 1213 2254 eosque
1237 2173 1336 2232 diror-

198 2271 332 2332 sissimos
360 2274 510 2353 siquidem
542 2275 733 2354 antiquorum
762 2276 942 2355 scriptoram
972 2293 1085 2334 morem
1118 2285 1239 2353 spectas
1269 2295 1335 2334 eru·

197 2372 319 2434 ditionis
340 2375 424 2436 loeos
437 2377 577 2436 'tractari
615 2376 655 2436 ad
671 2377 763 2436 alium
779 2379 857 2438 enim
878 2375 1042 2438 referenda
1061 2395 1129 2436 osse
1152 2386 1266 2436 eertum
1290 2385 1337 2436 est

195 2496 276 2556 quae
292 2477 472 2538 Suetonium
493 2477 531 2538 de
554 2477 660 2540 diebus
680 2479 718 2540 de
733 2488 822 2540 nocte
843 2479 882 2539 de
897 2477 1052 2540 mensibus
1067 2478 1106 2538 de
1127 2479 1214 2538 annis
1234 2477 1335 2557 dispu-

198 2588 280 2640 tasse
315 2579 491 2655 didicimus,
524 2581 563 2640 ad
591 2581 683 2640 alium
717 2600 797 2660 quse
823 2579 960 2642 Isidorus
993 2600 1061 2640 eum
1094 2579 1132 2642 de
1164 2580 1263 2638 ventis
1297 2578 1335 2638 de

197 2681 292 2759 signis
323 2690 538 2762 tempestatum
561 2681 599 2744 de
624 2682 796 2744 nominibus
825 2685 916 2747 maris
939 2692 970 2744 et
994 2683 1147 2742 fluminum
1173 2679 1335 2740 tradidisse

197 2783 282 2842 dixit.
310 2784 392 2864 quod
404 2783 525 2868 quidem
542 2785 587 2846 sie
599 2785 732 2863 aoeipias
747 2784 857 2858 nolim,
881 2785 968 2865 qussi
980 2785 1011 2846 in
1025 2783 1212 2845 naturalibus
1226 2802 1334 2865 quaes·

197 2884 329 2946 tionibus
357 2888 495 2965 potuisse
520 2897 690 2967 temporum
716 2888 899 2946 mentionem
920 2889 985 2949 fieri
1005 2888 1194 2966 n'egaverim3
1225 2885 1280 2946 sed
1300 2886 1335 2946 il-

196 2986 249 3048 lud
272 2989 473 3050 eertissimum
498 2989 611 3064 babeo,
640 2992 753 3071 quippe
779 2990 861 3071 quod
885 2989 1051 3051 stabilitum
1073 2992 1114 3050 sit
1137 2989 1278 3052 l’linirno
1305 2990 1335 3050 iu

196 3091 327 3152 naturali
356 3091 482 3152 historia
509 3075 664 3172 exemplo,
693 3113 754 3154 non
780 3095 915 3172 potuisse
937 3093 1017 3154 hane
1045 3095 1203 3154 materiam
1223 3093 1283 3153 nisi
1304 3093 1335 3152 in

197 3203 372 3254 transcursu
390 3215 409 3254 a
423 3193 552 3274 physieo
567 3195 685 3272 attingi.
716 3203 747 3254 et
766 3215 839 3256 vero
853 3215 933 3276 quae
949 3195 987 3254 de
1008 3194 1114 3256 diebus
1137 3197 1225 3254 fastis
1244 3193 1333 3254 seria·

196 3296 236 3356 tis
253 3296 397 3374 protestis
420 3297 507 3356 festis
524 3297 596 3356 atris
614 3295 814 3374 praeliaribus
832 3298 1026 3377 proferuntur
1038 3299 1069 3356 in
1082 3296 1158 3358 libro
1173 3296 1211 3356 de
1226 3305 1335 3356 natura

197 3415 296 3460 rernm
312 3417 466 3478 exponere
483 3399 540 3458 soli
559 3397 678 3458 isidore
692 3407 813 3477 poterat
834 3408 936 3478 aptum
953 3398 1066 3472 videri,
1092 3399 1144 3479 qui
1164 3394 1333 3457 diversissi-

196 3521 260 3562 mas
275 3521 325 3562 res
348 3500 630 3580 diversissimosqne
650 3507 789 3560 auctores
809 3499 996 3570 confundere
1014 3500 1102 3558 solet.
1140 3498 1197 3558 sed
1218 3517 1257 3558 ne
1278 3498 1333 3558 ini·

197 3605 285 3683 quius
302 3604 341 3664 de
357 3623 393 3664 ee
408 3603 562 3664 iudicasse
576 3601 698 3674 videar,
723 3599 856 3662 habebat
873 3621 946 3662 sane
962 3621 1016 3662 eur
1034 3601 1092 3662 boe
1108 3601 1233 3660 laceret
1265 3619 1334 3660 nam

196 3715 359 3785 propterea
376 3725 395 3764 a
411 3705 461 3786 die
473 3705 592 3775 initium
607 3703 790 3764 naturalium
812 3703 1023 3784 quaestionum
1044 3701 1145 3776 duxit,
1168 3701 1251 3782 qnod
1268 3703 1333 3762 eius

196 3827 295 3886 paene
321 3807 418 3887 prima
438 3805 610 3886 procreatio
633 3806 665 3864 in
687 3805 794 3866 ordine
813 3826 914 3866 rerum
934 3805 1097 3867 visibilium
1123 3813 1251 3864 extaret.
1292 3805 1332 3864 ef.

195 3910 293 3986 praet'.
317 3919 345 3972 3.
375 3907 458 3989 quod
478 3927 546 3970 eum
568 3906 662 3968 semel
685 3907 823 3981 ferisset,
848 3909 940 3970 etiam
955 3915 1073 3968 eeteros
1089 3903 1226 3968 eiusdem
1244 3925 1332 3984 argo·

196 4011 289 4068 menti
314 4019 417 4090 partes
443 4012 648 4090 perstringere
673 4029 733 4068 non
757 4009 916 4070 dubitavit.
951 4009 1036 4089 atqui
1055 4009 1231 4070 Suetonium
1251 4007 1333 4089 quod

196 4111 319 4190 quidem
334 4131 389 4193 per
406 4133 439 4172 so
460 4114 558 4193 ipsum
580 4108 781 4172 certissimum
802 4121 850 4172 est
870 4129 949 4189 quae
967 4111 1139 4190 separanda
1162 4119 1266 4171 essent
1285 4129 1331 4170 se-

195 4231 322 4291 parasse
343 4215 486 4292 speoiosa
505 4213 638 4274 Beekeri
659 4213 872 4274 emendatione
893 4213 1101 4286 confirmatur,
1124 4231 1187 4292 qua
1208 4211 1332 4292 quidem

116 4351 121 4360 ·
195 4313 260 4393 ipss
279 4314 318 4374 ad
333 4314 507 4374 distinctam
528 4322 680 4394 pratorum
701 4315 863 4392 imaginem
885 4313 1159 4374 reconcinnandam
1179 4334 1240 4374 non
1260 4333 1331 4372 usus

105 4454 113 4468 ·
194 4427 257 4492 est,
284 4419 342 4480 etsi
357 4437 431 4478 sane
450 4417 495 4478 uti
516 4415 631 4496 debuit.
660 4415 743 4496 apud
763 4417 913 4477 Isidorum
937 4417 1017 4476 enim
1039 4415 1064 4476 e'.
1087 4426 1124 4480 38
1146 4434 1223 4476 unus
1242 4415 1331 4476 Bam·
