3072 5064
283 389 345 452 270
495 405 727 446 sveeuaunsra
749 405 837 448 arear
861 405 902 448 aa
927 405 1052 448 osanna
1072 405 1212 448 vasrrva

284 560 313 604 et
336 554 455 606 artifices
480 556 525 620 qui
547 555 574 604 id
598 553 704 604 iaciant
726 553 894 620 Phrygiones
922 555 1057 606 dicuntur.
1088 555 1235 622 Virgilius:
1264 555 1420 620 Phrygiam

283 623 461 686 chlamydem.
497 622 595 672 trilicis
618 638 635 671 a
658 622 744 672 tribua
767 623 841 672 liciis
864 623 929 688 quia
952 628 994 673 est
1017 623 1133 688 simplex
1156 628 1184 672 et
1201 622 1302 688 biplex.
1345 623 1420 672 ralla

283 705 352 756 quae
371 691 452 756 uulgo
470 691 563 741 rasilis
586 689 695 740 dicitur.
731 689 868 756 interpola
889 692 976 740 neatis
994 691 1044 740 illa
1062 695 1189 751 uocatur,
1210 705 1278 756 quae
1297 689 1361 740 dum
1381 691 1420 740 sit

280 763 360 808 uetus
384 758 418 808 ad
442 775 540 808 nouam
558 759 678 824 speciem
696 763 845 808 recuratur.
880 761 1021 824 pannucia
1038 765 1212 825 nuncupata,
1231 758 1301 824 quod
1320 760 1358 808 sit
1376 759 1418 808 di-

281 827 369 876 uersis
388 827 487 891 pannis
505 827 604 877 obsita.
642 826 777 876 colobium
794 826 911 890 dictum,
931 827 997 892 quia
1014 827 1126 892 longum
1143 832 1185 878 cst
1204 831 1231 876 at
1248 827 1307 876 aine
1327 829 1417 876 mani·

195 897 199 907 '
281 895 330 944 cia.
367 895 472 959 antiqui
492 895 564 944 enim
582 895 671 958 magis
689 894 740 943 hoc
757 893 923 944 utebantur!
959 893 1000 946 23.
1026 897 1080 946 'Dc
1104 895 1226 944 uestibus
1246 895 1418 960 quarundam

280 961 420 1028 gentium!
458 962 470 1012 l
496 979 567 1028 sqq.:
599 962 777 1023 ‘Quibusdam
805 968 897 1012 autem
924 963 1080 1014 nationibus
1108 977 1159 1012 sua
1182 965 1280 1028 cuique
1303 963 1417 1028 propria

279 1031 364 1080 uestis
388 1035 443 1092 est,
470 1035 500 1080 ut
522 1027 632 1080 Parthis
659 1030 793 1080 sarabara
817 1031 905 1080 Gallis
928 1030 1009 1080 leuas
1039 1030 1182 1080 Germanis
1205 1030 1340 1080 rhenones
1365 1029 1417 1079 Hi·

278 1099 373 1163 spanis
405 1099 525 1165 stringes
557 1096 651 1148 Sardis
684 1103 848 1148 mastrucae.
899 1099 1032 1149 sarabara
1065 1104 1129 1148 sunt
1161 1099 1233 1148 fluxa
1269 1114 1302 1148 ac
1339 1098 1415 1147 sinu·

279 1181 327 1216 oss
349 1167 592 1216 uestimenta.
614 1165 762 1216 Publilius:
788 1167 824 1214 Vt
842 1167 906 1231 quid
925 1183 990 1231 ergo
1008 1167 1037 1216 in
1058 1171 1154 1216 uentre
1181 1173 1227 1216 tuo
1249 1165 1347 1216 Parthi
1370 1182 1417 1216 sa-

278 1234 379 1286 rabara
402 1235 618 1299 suspenderunt?
646 1233 718 1298 apud
746 1233 875 1298 quosdam
904 1239 994 1284 autem
1023 1234 1157 1284 sarabara
1180 1234 1313 1299 quaedam
1337 1236 1417 1300 capi-

278 1307 334 1352 tum
357 1303 479 1367 tegmina
500 1307 705 1367 nuncupantur,
730 1301 823 1366 qualia
848 1302 972 1352 uidemus
994 1303 1023 1352 iu
1047 1303 1139 1367 eapite
1163 1317 1303 1368 magorum
1326 1304 1414 1367 picta.

278 1370 359 1420 lenae
383 1385 452 1436 saga
475 1371 578 1436 quadra
596 1375 624 1419 et
646 1369 741 1420 mollia
756 1375 826 1420 sunt
857 1371 890 1420 de
909 1371 1007 1435 quibua
1024 1371 1152 1420 Plautus:
1171 1372 1268 1420 Laena
1283 1375 1415 1435 cooperta

278 1445 321 1488 est
343 1440 464 1489 textrina
483 1439 602 1488 Gallica.
641 1437 777 1488 rhenones
798 1443 862 1488 sunt
884 1437 1025 1488 uelamina
1046 1437 1216 1488 humerorum
1241 1445 1268 1488 et
1291 1439 1414 1503 pectoris

277 1521 363 1571 usque
387 1507 421 1556 ad
443 1506 600 1556 umbilicum
623 1511 705 1572 atque
729 1507 838 1556 intortis
862 1505 936 1556 uillis
960 1506 1029 1558 adeo
1048 1505 1171 1570 hispida,
1189 1512 1221 1555 nt
1237 1506 1337 1556 imbres
1355 1521 1412 1556 res·

277 1580 377 1641 purat,
397 1589 462 1639 quos
479 1574 563 1639 uulgo
580 1578 671 1640 reptos
689 1579 790 1626 uocant
809 1589 841 1624 eo
860 1573 930 1639 quod
948 1574 1087 1639 longitudo
1105 1573 1230 1624 uillarum
1249 1575 1328 1640 quasi
1350 1590 1414 1638 rep-

277 1647 333 1705 tat,
353 1640 386 1692 de
405 1641 503 1708 quibus
522 1642 683 1692 Sallustius:
708 1639 840 1692 Germani
857 1643 991 1692 intectum
1009 1641 1177 1693 rhenonibus
1195 1657 1292 1706 corpus
1304 1646 1412 1707 tegunt.

278 1710 345 1760 dicti
370 1715 461 1760 autem
483 1710 618 1760 rhenones
642 1725 659 1759 a
676 1709 771 1760 Rheno
789 1709 954 1760 Germaniae
976 1711 1100 1772 flumine,
1123 1711 1171 1760 ubi
1192 1710 1228 1760 iis
1251 1711 1414 1774 frequenter

278 1782 397 1828 utuntur.
417 1782 555 1828 mastruca
572 1778 658 1827 uestis
672 1777 759 1827 Sarda
777 1794 810 1828 ex
828 1777 967 1844 pelliculis
986 1778 1114 1840 ferarum,
1133 1777 1167 1828 de
1185 1793 1239 1842 qua
1251 1778 1350 1828 Cicero
1362 1793 1412 1843 pro

214 1845 218 1854 ’
278 1845 395 1896 Scauro:
414 1846 502 1908 Quem
520 1860 639 1910 purpura
656 1845 759 1911 regalis
776 1861 830 1896 nou
849 1847 1007 1908 commouit,
1027 1861 1087 1896 eum
1105 1845 1251 1895 Sardorum
1273 1851 1414 1896 mastruca

279 1914 414 1965 mutauit?
432 1917 571 1964 mastruca
590 1917 682 1963 autem
704 1913 780 1964 dicta
802 1917 881 1978 quasi
899 1918 1084 1976 monstruosa,
1112 1929 1144 1964 eo
1162 1913 1233 1977 quod
1251 1915 1298 1978 qui
1317 1929 1351 1964 ea
1370 1915 1412 1964 in·

277 1981 396 2031 (luuntur
418 1982 498 2046 quasi
524 1982 552 2030 iu
575 1981 694 2031 serarum
716 1981 840 2032 habitum
865 1981 1111 2032 transformentur!
1131 1997 1154 2032 e.
1179 1997 1205 2046 q.
1225 1998 1246 2032 s.
1286 1981 1328 2031 24.
1358 1981 1411 2032 ‘De

276 2048 370 2114 palliis
387 2047 525 2100 ahenam!
547 2048 574 2098 l:
594 2049 720 2100 ‘Pallium
739 2055 789 2112 est,
809 2065 861 2114 quo
880 2049 1092 2102 ministrantium
1111 2050 1243 2114 scapulae
1261 2055 1412 2115 contegun-

277 2123 328 2180 tur,
341 2122 372 2167 ut
389 2117 451 2168 dum
469 2117 627 2168 ministrant
639 2117 761 2182 expediti
779 2118 942 2168 discurrant.
969 2119 1097 2168 Plautus:
1117 2116 1225 2182 Siquid
1238 2118 1360 2168 iacturas
1373 2133 1412 2177 es,

277 2185 401 2251 appendc
426 2187 454 2234 in
477 2185 596 2235 humeris
619 2185 734 2250 pallium
757 2191 785 2236 et
808 2191 908 2252 pergat
930 2191 1061 2251 quantum
1083 2185 1160 2236 ualet
1182 2190 1286 2236 tuomm
1310 2185 1412 2250 pedum

275 2251 445 2318 pernicitas!
480 2251 510 2303 9:
530 2253 766 2304 ‘Paludamentum
779 2259 839 2304 erat
857 2255 964 2319 insigne
982 2254 1096 2319 pallium
1114 2255 1306 2318 imperatorum
1325 2269 1412 2304 cocco

275 2337 448 2387 purpuraque
468 2327 496 2370 et
514 2337 580 2372 auro
597 2322 766 2372 distinctum.
802 2321 835 2372 dc
855 2337 907 2387 quo
926 2321 1084 2372 Sallustius:
1104 2323 1224 2386 legam,
1245 2322 1342 2386 inquit,
1362 2338 1411 2387 pa·

275 2389 433 2440 ludamento
451 2388 587 2440 mutauit!
628 2389 673 2439 12:
697 2389 864 2440 ‘astantem
886 2390 973 2440 uestis
990 2390 1118 2440 militaris
1136 2391 1183 2454 (aa.
1201 2389 1312 2453 snam),
1334 2391 1413 2440 cuius

274 2472 339 2508 usus
357 2458 467 2525 gallicis
488 2460 603 2523 primum
626 2457 845 2523 expeditionibus
869 2458 961 2524 coepit
984 2475 999 2508 e
1025 2459 1128 2523 praeda
1151 2457 1254 2508 hostili.
1295 2458 1329 2506 de
1357 2473 1413 2522 qua

276 2530 318 2576 est
335 2541 387 2577 uox
405 2526 454 2576 illa
472 2535 597 2577 senatus:

408 2593 481 2660 togis
500 2591 634 2660 depisitia
653 2591 775 2656 Quirites
792 2593 831 2644 ite
851 2593 885 2644 ad
904 2592 972 2660 saga
990 2592 1124 2658 [conuersi
1144 2590 1273 2658 luemutl.

278 2659 320 2712 13:
344 2661 451 2728 ‘sagum
475 2667 565 2712 autem
589 2678 687 2712 nomen
711 2663 841 2728 gallicum
865 2659 925 2711 est)
961 2661 1003 2712 25.
1034 2663 1089 2712 ‘De
1111 2663 1204 2727 palliis
1228 2662 1410 2712 feminarum*

277 2729 303 2778 l:
323 2729 471 2794 ‘Regillum
494 2736 536 2780 est
558 2729 730 2796 praelautum
753 2731 908 2795 reginarum
933 2729 1078 2780 amiculum
1176 2728 1285 2795 peplum
1308 2736 1409 2781 matro-

275 2796 339 2846 nale
357 2797 469 2862 pallium
490 2813 523 2847 ex
540 2813 659 2862 purpura
678 2799 829 2862 signatum,
848 2799 925 2848 cuius
944 2797 1067 2848 fimbriae
1087 2798 1177 2848 aureis
1196 2797 1320 2848 staminis
1339 2813 1410 2848 sum·

275 2866 371 2914 mitate
384 2864 580 2930 resplendent.’
605 2865 686 2930 dea:
707 2866 793 2915 'Stola
805 2865 956 2916 matronale
969 2867 1177 2931 operimentum,
1197 2865 1267 2930 quod
1280 2871 1410 2930 cooperto

275 2933 366 2996 capite
390 2938 418 2982 et
439 2933 554 2997 scapula
578 2949 594 2982 a
617 2933 711 2984 dextro
735 2935 822 2984 latere
841 2935 870 2983 iu
888 2933 996 2984 laeuum
1015 2934 1155 2984 humerum
1177 2933 1301 2984 mittitur.
1338 2934 1410 2984 stola

274 3005 365 3050 autem
384 2999 491 3050 Graece
510 3005 637 3064 uocatur,
663 3001 734 3066 quod
757 3003 970 3067 supermittatur.
1012 3003 1106 3053 eadem
1131 3007 1158 3052 et
1176 3002 1302 3052 ricinium
1320 3001 1409 3051 latino

274 3069 384 3118 nomine
403 3069 580 3134 appellatum,
606 3085 638 3118 eo
657 3069 727 3133 quod
746 3069 859 3119 dimidia
878 3071 936 3120 eius
948 3085 1013 3135 pars
1025 3076 1097 3120 retro
1111 3071 1227 3132 eiicitur,
1242 3069 1312 3134 quod
1325 3071 1409 3136 uulgo

273 3141 423 3186 mauortem
442 3137 545 3186 dicunt.
581 3143 709 3186 uocatam
728 3143 818 3186 antem
837 3138 1320 3203 dicuutmauortemquasimartcm.
1353 3139 1408 3203 sig-

272 3219 335 3254 nnm
365 3205 437 3255 enim
465 3204 600 3254 maritalis
629 3205 774 3270 diguitatis
798 3211 825 3254 et
848 3207 993 3271 potestatis
1020 3208 1049 3256 in
1073 3223 1104 3256 ea
1130 3213 1179 3256 est.
1225 3211 1308 3271 caput
1337 3207 1408 3256 enim

273 3271 395 3322 mulieris
420 3274 463 3323 uir
487 3279 542 3336 est,
567 3273 630 3323 inde
650 3280 677 3322 et
695 3289 777 3339 super
794 3279 878 3338 caput
895 3274 1015 3324 mulieris
1034 3273 1094 3326 est.’
1130 3273 1171 3324 26.
1202 3275 1363 3324 ‘Destratu
1382 3281 1409 3324 et

273 3341 385 3406 reliquis
408 3357 478 3406 quae
503 3341 531 3390 in
553 3356 603 3390 usu
626 3339 780 3392 habentur.'
821 3343 849 3391 b:
879 3343 1000 3408 ‘Tapeta
1023 3342 1099 3392 dicta
1122 3343 1192 3408 quod
1215 3342 1331 3406 pedibus
1354 3345 1407 3407 pri·

272 3425 343 3458 mrrrn
367 3413 554 3460 sternerentur
577 3411 656 3474 quasi
679 3411 800 3475 tapedia.
841 3410 913 3474 psile
940 3415 1037 3476 tapeta
1066 3427 1099 3460 cx
1125 3426 1180 3460 uua
1206 3417 1285 3476 parte
1307 3411 1409 3460 uillosa

358 3478 519 3544 amphitapa
543 3493 576 3526 ex
597 3483 711 3543 utraque
735 3483 812 3542 parte
831 3477 932 3528 uillosa
949 3483 1053 3544 tapeta.
1089 3479 1227 3528 Lucilius:
1254 3479 1348 3528 Pallae
1367 3486 1407 3528 at·

273 3560 325 3610 que
344 3547 520 3611 amphitapae
539 3546 613 3596 uillis
631 3547 787 3612 ingentibus
806 3545 919 3596 molles?
954 3547 995 3596 27.
1021 3547 1077 3596 ‘De
1097 3545 1187 3596 lanis!
1217 3544 1258 3595 28.
1284 3546 1343 3596 ‘De
1363 3563 1408 3596 co·

271 3613 374 3664 loribus
392 3611 528 3664 uestrum!
564 3611 606 3665 29.
637 3614 687 3664 ‘lle
706 3614 892 3664 instrumentis
909 3613 1046 3664 uestium)
1081 3614 1123 3664 30.
1148 3616 1200 3666 ‘De
1218 3614 1408 3664 ornamentis!
1436 3672 1440 3681 Ι

274 3681 286 3730 l
306 3696 377 3746 sqq.:
399 3682 550 3732 ‘Hactenus
569 3680 602 3732 de
620 3689 712 3744 ueste;
731 3682 831 3732 dehinc
850 3682 885 3732 ad
898 3687 1018 3732 ceterum
1031 3683 1132 3733 cultum
1144 3683 1296 3733 ueniamus.
1327 3697 1408 3732 orna·

273 3757 364 3800 menta
383 3750 472 3813 dicta,
498 3751 568 3815 quod
587 3765 678 3800 eorum
698 3750 773 3800 cultu
796 3766 844 3800 ora
866 3750 1011 3816 uultusque
1030 3751 1201 3801 decorentur.
1230 3751 1347 3816 primum
1366 3767 1408 3802 or·

272 3824 429 3869 numentum
448 3833 549 3868 corona
567 3819 675 3884 insigne
693 3819 828 3868 uictoriae
851 3820 910 3867 siue
934 3820 1004 3885 rogii
1021 3819 1132 3869 bonoria
1150 3821 1269 3884 signum:
1290 3833 1360 3882 quae
1380 3821 1408 3868 iu

273 3887 365 3950 capite
388 3901 483 3952 regum
506 3886 629 3951 ponitur,
659 3887 693 3936 ad
721 3885 918 3951 significandos
940 3888 1120 3938 circumfusos
1143 3889 1172 3936 in
1194 3888 1260 3937 orbe
1280 3886 1407 3952 populos,

272 3955 369 4018 quibus
393 3957 536 4004 accinctus
560 3956 639 4019 qnasi
663 3960 747 4020 caput
769 3969 845 4004 suum
870 3953 993 4018 (corona)
1017 3961 1171 4006 coronatur.
1218 3956 1287 4004 haec
1311 3969 1329 4004 a
1351 3957 1408 4004 Lu-

272 4022 337 4071 cilio
361 4022 464 4072 corolla
488 4023 522 4072 ab
546 4022 665 4073 Homero
689 4014 817 4088 στεφάνη
844 4023 920 4073 dicta
943 4027 993 4072 cst.
1029 4023 1109 4074 huius
1131 4023 1296 4088 principium
1320 4039 1338 4073 a
1360 4023 1407 4074 Li·

272 4089 337 4140 bero
357 4091 473 4155 quodam
491 4091 610 4156 gentiles
629 4091 796 4151 existimant,
821 4091 892 4155 quod
909 4092 933 4141 is
952 4093 980 4140 in
998 4092 1118 4157 potando
1136 4099 1209 4144 mota
1227 4093 1291 4141 uiuo
1310 4093 1407 4156 capita

272 4159 378 4208 uincire
397 4158 520 4209 fasciolis
539 4161 702 4220 instituerit;
726 4160 828 4209 idcirco
852 4157 917 4209 olim
940 4158 1008 4208 linei
1032 4165 1060 4210 et
1083 4160 1157 4209 lanei
1176 4161 1285 4225 generis
1304 4175 1407 4210 corona

272 4225 334 4288 luit,
354 4227 427 4276 sicut
445 4233 505 4278 erat
523 4228 551 4276 iu
570 4227 759 4278 sacerdotibus
771 4227 923 4292 gentilium.
955 4243 1052 4278 nornen
1066 4243 1182 4278 coronae
1196 4227 1248 4278 hac
1267 4244 1300 4276 cx
1320 4243 1407 4278 causa

272 4300 415 4357 uocatum,
440 4295 510 4359 quod
533 4296 612 4345 initio
635 4298 738 4346 circum
757 4311 820 4345 aras
839 4301 1008 4359 curreretur,
1032 4302 1113 4360 atque
1133 4295 1167 4345 ad
1186 4297 1335 4360 imaginem
1353 4297 1405 4346 eir·

270 4363 362 4412 ‘cuitus
385 4362 430 4412 uel
454 4363 530 4412 ebori
553 4369 595 4414 est
616 4365 735 4414 formata
759 4369 787 4414 et
808 4365 950 4414 nominata
974 4379 1074 4414 corona
1098 4365 1145 4428 (es.
1168 4365 1262 4414 Paulus
1285 4365 1359 4414 Festi
1377 4381 1405 4428 p.

273 4433 316 4482 37.
335 4433 390 4495 ⁶3).
426 4431 604 4496 imperatores
621 4433 737 4483 Romani
761 4437 788 4482 et
810 4447 890 4498 reges
908 4433 1018 4496 quidam
1041 4433 1164 4498 gentium
1182 4433 1273 4482 aureis
1296 4433 1406 4484 coronis
