<?xml version="1.0" encoding="UTF-8"?>
<!DOCTYPE html PUBLIC "-//W3C//DTD XHTML 1.0 Transitional//EN"
    "http://www.w3.org/TR/xhtml1/DTD/xhtml1-transitional.dtd">
<html xmlns="http://www.w3.org/1999/xhtml" xml:lang="en" lang="en">
 <head>
  <title>
</title>
<meta http-equiv="Content-Type" content="text/html;charset=utf-8" />
  <meta name='ocr-system' content='tesseract 3.04.00' />
  <meta name='ocr-capabilities' content='ocr_page ocr_carea ocr_par ocr_line ocrx_word'/>
</head>
<body>
  <div class='ocr_page' id='page_1' title='image "./csvetonitranqvi01ritsgoog_0070.png"; bbox 0 0 3078 5072; ppageno 0'>
   <div class='ocr_carea' id='block_1_1' title="bbox 225 383 1366 735">
    <p class='ocr_par' dir='ltr' id='par_1_1' title="bbox 225 383 1366 735">
     <span class='ocr_line' id='line_1_1' title="bbox 617 383 1268 444; baseline 0.008 -5"><span class='ocrx_word' id='word_1_1' title='bbox 617 398 658 439; x_wconf 84' lang='lat' dir='ltr'><strong>nn</strong></span> <span class='ocrx_word' id='word_1_2' title='bbox 679 399 794 440; x_wconf 75' lang='lat' dir='ltr'><strong>nosris</strong></span> <span class='ocrx_word' id='word_1_3' title='bbox 993 397 999 411; x_wconf 88' lang='lat'><em>&#39;</em></span> <span class='ocrx_word' id='word_1_4' title='bbox 1231 383 1268 444; x_wconf 73' lang='lat' dir='ltr'><strong>dl</strong></span> 
     </span>
     <span class='ocr_line' id='line_1_2' title="bbox 670 534 1104 636; baseline 0 -28"><span class='ocrx_word' id='word_1_5' title='bbox 670 534 735 608; x_wconf 83' lang='lat' dir='ltr'><strong>xx</strong></span> <span class='ocrx_word' id='word_1_6' title='bbox 1101 629 1104 636; x_wconf 17' lang='grc' dir='ltr'>ι</span> 
     </span>
     <span class='ocr_line' id='line_1_3' title="bbox 225 645 1366 735; baseline 0.005 -27"><span class='ocrx_word' id='word_1_7' title='bbox 225 660 440 710; x_wconf 76' lang='lat' dir='ltr'><strong>cosulrrcrvs</strong></span> <span class='ocrx_word' id='word_1_8' title='bbox 463 655 560 732; x_wconf 89' lang='lat' dir='ltr'><strong>pocta</strong></span> <span class='ocrx_word' id='word_1_9' title='bbox 581 667 601 709; x_wconf 88' lang='lat' dir='ltr'><strong>a</strong></span> <span class='ocrx_word' id='word_1_10' title='bbox 625 645 782 710; x_wconf 83' lang='lat' dir='ltr'><strong>militibus</strong></span> <span class='ocrx_word' id='word_1_11' title='bbox 811 647 960 713; x_wconf 88' lang='lat' dir='ltr'><strong>desertus</strong></span> <span class='ocrx_word' id='word_1_12' title='bbox 982 649 1105 716; x_wconf 90' lang='lat' dir='ltr'><strong>interiit</strong></span> <span class='ocrx_word' id='word_1_13' title='bbox 1131 655 1170 728; x_wconf 84' lang='lat' dir='ltr'><strong>(u.</strong></span> <span class='ocrx_word' id='word_1_14' title='bbox 1196 659 1272 732; x_wconf 77' lang='lat'><strong><em>713),</em></strong></span> <span class='ocrx_word' id='word_1_15' title='bbox 1288 657 1366 735; x_wconf 73' lang='lat'><strong>27*</strong></span> 
     </span>
    </p>
   </div>
   <div class='ocr_carea' id='block_1_2' title="bbox 145 747 1273 940">
    <p class='ocr_par' dir='ltr' id='par_1_2' title="bbox 145 747 1273 940">
     <span class='ocr_line' id='line_1_4' title="bbox 145 747 1273 837; baseline 0.01 -29"><span class='ocrx_word' id='word_1_16' title='bbox 145 767 221 830; x_wconf 86' lang='lat' dir='ltr'><strong>quos</strong></span> <span class='ocrx_word' id='word_1_17' title='bbox 247 768 341 834; x_wconf 86' lang='lat' dir='ltr'><strong>saepe</strong></span> <span class='ocrx_word' id='word_1_18' title='bbox 370 747 533 832; x_wconf 82' lang='lat' dir='ltr'><strong>fugientes</strong></span> <span class='ocrx_word' id='word_1_19' title='bbox 557 747 703 832; x_wconf 81' lang='lat' dir='ltr'>galeatos</span> <span class='ocrx_word' id='word_1_20' title='bbox 725 747 852 836; x_wconf 86' lang='lat' dir='ltr'><strong>lepores</strong></span> <span class='ocrx_word' id='word_1_21' title='bbox 877 750 1066 837; x_wconf 86' lang='lat' dir='ltr'><strong>appellarat.</strong></span> <span class='ocrx_word' id='word_1_22' title='bbox 1109 751 1204 817; x_wconf 88' lang='lat' dir='ltr'><strong>huius</strong></span> <span class='ocrx_word' id='word_1_23' title='bbox 1224 775 1273 819; x_wconf 86' lang='lat' dir='ltr'><strong>so-</strong></span> 
     </span>
     <span class='ocr_line' id='line_1_5' title="bbox 145 847 1090 940; baseline 0.01 -30"><span class='ocrx_word' id='word_1_24' title='bbox 145 869 196 912; x_wconf 89' lang='lat' dir='ltr'><strong>ror</strong></span> <span class='ocrx_word' id='word_1_25' title='bbox 213 847 402 932; x_wconf 78' lang='lat' dir='ltr'><strong>cornificia,</strong></span> <span class='ocrx_word' id='word_1_26' title='bbox 426 851 517 914; x_wconf 88' lang='lat' dir='ltr'><strong>euius</strong></span> <span class='ocrx_word' id='word_1_27' title='bbox 540 851 682 936; x_wconf 80' lang='lat' dir='ltr'><strong>insignis</strong></span> <span class='ocrx_word' id='word_1_28' title='bbox 706 859 818 914; x_wconf 78' lang='lat' dir='ltr'><strong>extant</strong></span> <span class='ocrx_word' id='word_1_29' title='bbox 843 853 1090 940; x_wconf 86' lang='lat' dir='ltr'><strong>epigrammata.</strong></span> 
     </span>
    </p>
   </div>
   <div class='ocr_carea' id='block_1_3' title="bbox 116 973 1368 1984">
    <p class='ocr_par' dir='ltr' id='par_1_3' title="bbox 116 973 1368 1984">
     <span class='ocr_line' id='line_1_6' title="bbox 663 973 746 1034; baseline -0.024 0"><span class='ocrx_word' id='word_1_30' title='bbox 663 973 746 1034; x_wconf 89' lang='lat' dir='ltr'><strong>XXI</strong></span> 
     </span>
     <span class='ocr_line' id='line_1_7' title="bbox 222 1068 1365 1158; baseline 0.008 -27"><span class='ocrx_word' id='word_1_31' title='bbox 222 1085 257 1132; x_wconf 85' lang='lat' dir='ltr'><strong>rr.</strong></span> <span class='ocrx_word' id='word_1_32' title='bbox 286 1087 413 1134; x_wconf 81' lang='lat' dir='ltr'><strong>ssv1vs</strong></span> <span class='ocrx_word' id='word_1_33' title='bbox 441 1078 537 1157; x_wconf 84' lang='lat' dir='ltr'><strong>poete</strong></span> <span class='ocrx_word' id='word_1_34' title='bbox 564 1092 661 1158; x_wconf 90' lang='lat' dir='ltr'><strong>quem</strong></span> <span class='ocrx_word' id='word_1_35' title='bbox 683 1068 848 1156; x_wconf 86' lang='lat' dir='ltr'><strong>Vergilius</strong></span> <span class='ocrx_word' id='word_1_36' title='bbox 870 1074 904 1137; x_wconf 92' lang='lat' dir='ltr'><strong>in</strong></span> <span class='ocrx_word' id='word_1_37' title='bbox 930 1072 1095 1139; x_wconf 89' lang='lat' dir='ltr'><strong>Bucolicis</strong></span> <span class='ocrx_word' id='word_1_38' title='bbox 1122 1083 1214 1139; x_wconf 80' lang='lat' dir='ltr'><strong>notet</strong></span> <span class='ocrx_word' id='word_1_39' title='bbox 1241 1073 1365 1147; x_wconf 81' lang='lat' dir='ltr'><strong>in28*</strong></span> 
     </span>
     <span class='ocr_line' id='line_1_8' title="bbox 125 1166 664 1256; baseline 0.007 -24"><span class='ocrx_word' id='word_1_40' title='bbox 125 1166 346 1256; x_wconf 73' lang='lat' dir='ltr'><strong>sCeppadocis</strong></span> <span class='ocrx_word' id='word_1_41' title='bbox 366 1173 502 1236; x_wconf 88' lang='lat' dir='ltr'><strong>mo&#39;ritur</strong></span> <span class='ocrx_word' id='word_1_42' title='bbox 525 1179 564 1247; x_wconf 82' lang='lat' dir='ltr'><strong>(a.</strong></span> <span class='ocrx_word' id='word_1_43' title='bbox 588 1179 664 1252; x_wconf 83' lang='lat'><strong>719).</strong></span> 
     </span>
     <span class='ocr_line' id='line_1_9' title="bbox 223 1271 1368 1360; baseline 0.007 -25"><span class='ocrx_word' id='word_1_44' title='bbox 223 1271 343 1337; x_wconf 87' lang='lat' dir='ltr'><strong>Bauius</strong></span> <span class='ocrx_word' id='word_1_45' title='bbox 365 1283 495 1340; x_wconf 86' lang='lat' dir='ltr'><strong>curator</strong></span> <span class='ocrx_word' id='word_1_46' title='bbox 517 1274 594 1352; x_wconf 86' lang='lat' dir='ltr'><strong>fuit,</strong></span> <span class='ocrx_word' id='word_1_47' title='bbox 626 1271 666 1338; x_wconf 90' lang='lat' dir='ltr'><strong>de</strong></span> <span class='ocrx_word' id='word_1_48' title='bbox 689 1295 752 1360; x_wconf 87' lang='lat' dir='ltr'><strong>quo</strong></span> <span class='ocrx_word' id='word_1_49' title='bbox 775 1273 939 1339; x_wconf 87' lang='lat' dir='ltr'><strong>Domitius</strong></span> <span class='ocrx_word' id='word_1_50' title='bbox 961 1279 994 1341; x_wconf 92' lang='lat' dir='ltr'><strong>in</strong></span> <span class='ocrx_word' id='word_1_51' title='bbox 1017 1277 1134 1342; x_wconf 82' lang='lat' dir='ltr'><strong>Cicuta</strong></span> <span class='ocrx_word' id='word_1_52' title='bbox 1156 1277 1272 1342; x_wconf 79' lang='lat' dir='ltr'><strong>refert:</strong></span> <span class='ocrx_word' id='word_1_53' title='bbox 1291 1279 1368 1354; x_wconf 78' lang='grc'><strong>29*</strong></span> 
     </span>
     <span class='ocr_line' id='line_1_10' title="bbox 264 1373 1108 1460; baseline 0.007 -23"><span class='ocrx_word' id='word_1_54' title='bbox 264 1373 382 1438; x_wconf 80' lang='lat' dir='ltr'><strong>Omnia</strong></span> <span class='ocrx_word' id='word_1_55' title='bbox 403 1397 475 1438; x_wconf 90' lang='lat' dir='ltr'><strong>cum</strong></span> <span class='ocrx_word' id='word_1_56' title='bbox 499 1376 601 1440; x_wconf 80' lang='lat' dir='ltr'><strong>Bauio</strong></span> <span class='ocrx_word' id='word_1_57' title='bbox 623 1377 807 1439; x_wconf 68' lang='lat' dir='ltr'><strong>⁴eommunia</strong></span> <span class='ocrx_word' id='word_1_58' title='bbox 827 1376 928 1442; x_wconf 82' lang='lat' dir='ltr'><strong>irater</strong></span> <span class='ocrx_word' id='word_1_59' title='bbox 950 1377 1108 1460; x_wconf 82' lang='lat' dir='ltr'><strong>habebat,</strong></span> 
     </span>
     <span class='ocr_line' id='line_1_11' title="bbox 338 1477 1006 1544; baseline 0.006 -4"><span class='ocrx_word' id='word_1_60' title='bbox 338 1477 485 1542; x_wconf 90' lang='lat' dir='ltr'><strong>unanimi</strong></span> <span class='ocrx_word' id='word_1_61' title='bbox 507 1477 625 1541; x_wconf 88' lang='lat' dir='ltr'><strong>fratres</strong></span> <span class='ocrx_word' id='word_1_62' title='bbox 645 1477 730 1540; x_wconf 89' lang='lat' dir='ltr'><strong>sicut</strong></span> <span class='ocrx_word' id='word_1_63' title='bbox 748 1477 870 1542; x_wconf 91' lang='lat' dir='ltr'><strong>habere</strong></span> <span class='ocrx_word' id='word_1_64' title='bbox 892 1479 1006 1544; x_wconf 89' lang='lat' dir='ltr'><strong>solent.</strong></span> 
     </span>
     <span class='ocr_line' id='line_1_12' title="bbox 263 1579 1253 1668; baseline 0.006 -27"><span class='ocrx_word' id='word_1_65' title='bbox 263 1599 340 1642; x_wconf 83' lang='lat' dir='ltr'><strong>rure.</strong></span> <span class='ocrx_word' id='word_1_66' title='bbox 361 1579 489 1643; x_wconf 87' lang='lat' dir='ltr'><strong>domurn</strong></span> <span class='ocrx_word' id='word_1_67' title='bbox 512 1600 660 1643; x_wconf 80' lang='lat' dir='ltr'><strong>nummos</strong></span> <span class='ocrx_word' id='word_1_68' title='bbox 682 1587 778 1665; x_wconf 89' lang='lat' dir='ltr'><strong>atque</strong></span> <span class='ocrx_word' id='word_1_69' title='bbox 799 1581 906 1644; x_wconf 86' lang='lat' dir='ltr'><strong>omnia</strong></span> <span class='ocrx_word' id='word_1_70' title='bbox 927 1581 1087 1668; x_wconf 71' lang='lat' dir='ltr'><strong>denique.-</strong></span> <span class='ocrx_word' id='word_1_71' title='bbox 1104 1593 1140 1646; x_wconf 89' lang='lat' dir='ltr'><strong>ut</strong></span> <span class='ocrx_word' id='word_1_72' title='bbox 1161 1583 1253 1647; x_wconf 89' lang='lat' dir='ltr'><strong>aiunt</strong></span> 
     </span>
     <span class='ocr_line' id='line_1_13' title="bbox 116 1679 1051 1767; baseline 0.003 -24"><span class='ocrx_word' id='word_1_73' title='bbox 116 1697 136 1736; x_wconf 82' lang='lat'><strong>¹⁰</strong></span> <span class='ocrx_word' id='word_1_74' title='bbox 340 1679 529 1766; x_wconf 78' lang='lat' dir='ltr'><strong>corporibus</strong></span> <span class='ocrx_word' id='word_1_75' title='bbox 551 1679 691 1765; x_wconf 86' lang='lat' dir='ltr'><strong>geminis</strong></span> <span class='ocrx_word' id='word_1_76' title='bbox 712 1681 844 1767; x_wconf 86' lang='lat' dir='ltr'><strong>spiritus</strong></span> <span class='ocrx_word' id='word_1_77' title='bbox 868 1702 952 1746; x_wconf 87' lang='lat' dir='ltr'><strong>unus</strong></span> <span class='ocrx_word' id='word_1_78' title='bbox 971 1693 1051 1746; x_wconf 90' lang='lat' dir='ltr'><strong>erat.</strong></span> 
     </span>
     <span class='ocr_line' id='line_1_14' title="bbox 264 1780 1110 1870; baseline 0.006 -26"><span class='ocrx_word' id='word_1_79' title='bbox 264 1781 321 1844; x_wconf 87' lang='lat' dir='ltr'><strong>sed</strong></span> <span class='ocrx_word' id='word_1_80' title='bbox 345 1791 516 1870; x_wconf 84' lang='lat' dir='ltr'><strong>postquam</strong></span> <span class='ocrx_word' id='word_1_81' title='bbox 538 1780 672 1846; x_wconf 79' lang='lat' dir='ltr'><strong>alterius</strong></span> <span class='ocrx_word' id='word_1_82' title='bbox 694 1783 810 1846; x_wconf 88' lang='lat' dir='ltr'><strong>mulier</strong></span> <span class='ocrx_word' id='word_1_83' title='bbox 832 1782 1110 1865; x_wconf 87' lang='lat' dir='ltr'><strong>†coneubitum†</strong></span> 
     </span>
     <span class='ocr_line' id='line_1_15' title="bbox 339 1882 931 1984; baseline 0.003 -38"><span class='ocrx_word' id='word_1_84' title='bbox 339 1885 447 1964; x_wconf 89' lang='lat' dir='ltr'><strong>nouit,</strong></span> <span class='ocrx_word' id='word_1_85' title='bbox 470 1883 620 1969; x_wconf 89' lang='lat' dir='ltr'><strong>deposuit</strong></span> <span class='ocrx_word' id='word_1_86' title='bbox 642 1882 724 1984; x_wconf 79' lang='lat' dir='ltr'><strong>alter</strong></span> <span class='ocrx_word' id='word_1_87' title='bbox 745 1884 931 1951; x_wconf 85' lang='lat' dir='ltr'><strong>amicitiem.</strong></span> 
     </span>
    </p>
   </div>
   <div class='ocr_carea' id='block_1_4' title="bbox 141 2123 1279 3958">
    <p class='ocr_par' dir='ltr' id='par_1_4' title="bbox 145 2123 1274 2258">
     <span class='ocr_line' id='line_1_16' title="bbox 145 2123 1274 2193; baseline 0.007 -24"><span class='ocrx_word' id='word_1_88' title='bbox 145 2137 205 2184; x_wconf 89' lang='lat' dir='ltr'><strong>pore</strong></span> <span class='ocrx_word' id='word_1_89' title='bbox 223 2123 430 2175; x_wconf 85' lang='lat' dir='ltr'><strong>contenderent.</strong></span> <span class='ocrx_word' id='word_1_90' title='bbox 463 2139 514 2175; x_wconf 88' lang='lat' dir='ltr'><strong>neo</strong></span> <span class='ocrx_word' id='word_1_91' title='bbox 532 2123 590 2175; x_wconf 87' lang='lat' dir='ltr'><strong>ullo</strong></span> <span class='ocrx_word' id='word_1_92' title='bbox 613 2129 759 2175; x_wconf 79' lang='lat' dir='ltr'><strong>recusante</strong></span> <span class='ocrx_word' id='word_1_93' title='bbox 778 2127 920 2192; x_wconf 81' lang='lat' dir='ltr'><strong>superauit</strong></span> <span class='ocrx_word' id='word_1_94' title='bbox 932 2141 1039 2189; x_wconf 87' lang='lat' dir='ltr'><strong>omnes,</strong></span> <span class='ocrx_word' id='word_1_95' title='bbox 1058 2127 1088 2178; x_wconf 90' lang='lat' dir='ltr'><strong>in</strong></span> <span class='ocrx_word' id='word_1_96' title='bbox 1107 2128 1167 2193; x_wconf 91' lang='lat' dir='ltr'><strong>quis</strong></span> <span class='ocrx_word' id='word_1_97' title='bbox 1180 2132 1208 2178; x_wconf 91' lang='lat' dir='ltr'><strong>et</strong></span> <span class='ocrx_word' id='word_1_98' title='bbox 1221 2129 1274 2177; x_wconf 82' lang='lat' dir='ltr'><strong>Le-</strong></span> 
     </span>
     <span class='ocr_line' id='line_1_17' title="bbox 145 2189 1016 2258; baseline 0.007 -20"><span class='ocrx_word' id='word_1_99' title='bbox 145 2189 251 2240; x_wconf 81' lang='lat' dir='ltr'><strong>berinm.</strong></span> <span class='ocrx_word' id='word_1_100' title='bbox 287 2192 360 2242; x_wconf 89' lang='lat' dir='ltr'><strong>unde</strong></span> <span class='ocrx_word' id='word_1_101' title='bbox 379 2192 484 2244; x_wconf 79' lang='lat' dir='ltr'><strong>Caesar</strong></span> <span class='ocrx_word' id='word_1_102' title='bbox 502 2193 630 2243; x_wconf 84' lang='lat' dir='ltr'><strong>adridens</strong></span> <span class='ocrx_word' id='word_1_103' title='bbox 647 2193 699 2243; x_wconf 88' lang='lat' dir='ltr'><strong>hoc</strong></span> <span class='ocrx_word' id='word_1_104' title='bbox 717 2193 796 2243; x_wconf 90' lang='lat' dir='ltr'><strong>modo</strong></span> <span class='ocrx_word' id='word_1_105' title='bbox 813 2195 1016 2258; x_wconf 87' lang='lat' dir='ltr'><strong>pronuntiauit:</strong></span> 
     </span>
    </p>

    <p class='ocr_par' dir='ltr' id='par_1_5' title="bbox 143 2259 1275 2448">
     <span class='ocr_line' id='line_1_18' title="bbox 284 2259 978 2326; baseline 0.006 -18"><span class='ocrx_word' id='word_1_106' title='bbox 284 2259 412 2310; x_wconf 74' lang='lat' dir='ltr'><strong>Feruente</strong></span> <span class='ocrx_word' id='word_1_107' title='bbox 431 2261 483 2311; x_wconf 92' lang='lat' dir='ltr'><strong>tibi</strong></span> <span class='ocrx_word' id='word_1_108' title='bbox 501 2277 544 2312; x_wconf 90' lang='lat' dir='ltr'><strong>me</strong></span> <span class='ocrx_word' id='word_1_109' title='bbox 563 2262 654 2310; x_wconf 87' lang='lat' dir='ltr'><strong>uictus</strong></span> <span class='ocrx_word' id='word_1_110' title='bbox 674 2277 718 2324; x_wconf 86' lang='lat' dir='ltr'><strong>es,</strong></span> <span class='ocrx_word' id='word_1_111' title='bbox 738 2261 855 2322; x_wconf 80' lang='lat' dir='ltr'><strong>Laberi,</strong></span> <span class='ocrx_word' id='word_1_112' title='bbox 876 2277 892 2311; x_wconf 86' lang='lat' dir='ltr'><strong>n</strong></span> <span class='ocrx_word' id='word_1_113' title='bbox 911 2262 978 2326; x_wconf 83' lang='lat' dir='ltr'><strong>Syro</strong></span> 
     </span>
     <span class='ocr_line' id='line_1_19' title="bbox 143 2326 1275 2396; baseline 0.006 -23"><span class='ocrx_word' id='word_1_114' title='bbox 143 2326 286 2390; x_wconf 72' lang='lat' dir='ltr'><strong>statimque</strong></span> <span class='ocrx_word' id='word_1_115' title='bbox 305 2327 426 2379; x_wconf 89' lang='lat' dir='ltr'><strong>Publilio</strong></span> <span class='ocrx_word' id='word_1_116' title='bbox 443 2329 563 2394; x_wconf 83' lang='lat' dir='ltr'><strong>palmam</strong></span> <span class='ocrx_word' id='word_1_117' title='bbox 582 2333 611 2379; x_wconf 87' lang='lat' dir='ltr'><strong>et</strong></span> <span class='ocrx_word' id='word_1_118' title='bbox 628 2329 749 2379; x_wconf 84' lang='lat' dir='ltr'><strong>Laberio</strong></span> <span class='ocrx_word' id='word_1_119' title='bbox 767 2329 876 2378; x_wconf 86' lang='lat' dir='ltr'><strong>anulum</strong></span> <span class='ocrx_word' id='word_1_120' title='bbox 895 2345 1006 2379; x_wconf 85' lang='lat' dir='ltr'><strong>aureum</strong></span> <span class='ocrx_word' id='word_1_121' title='bbox 1033 2346 1094 2380; x_wconf 90' lang='lat' dir='ltr'><strong>cum</strong></span> <span class='ocrx_word' id='word_1_122' title='bbox 1118 2331 1275 2396; x_wconf 82' lang='lat' dir='ltr'><strong>quingentis</strong></span> 
     </span>
     <span class='ocr_line' id='line_1_20' title="bbox 143 2395 1122 2448; baseline 0.006 -6"><span class='ocrx_word' id='word_1_123' title='bbox 143 2395 275 2444; x_wconf 80' lang='lat' dir='ltr'><strong>sestertiis</strong></span> <span class='ocrx_word' id='word_1_124' title='bbox 294 2395 379 2446; x_wconf 81' lang='lat' dir='ltr'><strong>dedit.</strong></span> <span class='ocrx_word' id='word_1_125' title='bbox 416 2401 482 2447; x_wconf 90' lang='lat' dir='ltr'><strong>tunc</strong></span> <span class='ocrx_word' id='word_1_126' title='bbox 500 2397 635 2447; x_wconf 87' lang='lat' dir='ltr'><strong>Publilius</strong></span> <span class='ocrx_word' id='word_1_127' title='bbox 654 2397 689 2446; x_wconf 86' lang='lat' dir='ltr'><strong>ad</strong></span> <span class='ocrx_word' id='word_1_128' title='bbox 707 2398 854 2447; x_wconf 84' lang='lat' dir='ltr'><strong>Laberium</strong></span> <span class='ocrx_word' id='word_1_129' title='bbox 874 2397 1049 2448; x_wconf 82' lang='lat' dir='ltr'><strong>recedentem</strong></span> <span class='ocrx_word' id='word_1_130' title='bbox 1068 2399 1122 2448; x_wconf 85' lang='lat' dir='ltr'><strong>sit:</strong></span> 
     </span>
    </p>

    <p class='ocr_par' dir='ltr' id='par_1_6' title="bbox 143 2464 1276 2647">
     <span class='ocr_line' id='line_1_21' title="bbox 283 2464 1128 2530; baseline 0.004 -17"><span class='ocrx_word' id='word_1_131' title='bbox 283 2464 401 2525; x_wconf 83' lang='lat' dir='ltr'><strong>Quicum</strong></span> <span class='ocrx_word' id='word_1_132' title='bbox 419 2465 586 2515; x_wconf 85' lang='lat' dir='ltr'><strong>contendisti</strong></span> <span class='ocrx_word' id='word_1_133' title='bbox 605 2466 736 2530; x_wconf 83' lang='lat' dir='ltr'><strong>scriptor,</strong></span> <span class='ocrx_word' id='word_1_134' title='bbox 756 2465 827 2514; x_wconf 90' lang='lat' dir='ltr'><strong>hunc</strong></span> <span class='ocrx_word' id='word_1_135' title='bbox 846 2470 987 2528; x_wconf 87' lang='lat' dir='ltr'><strong>spectator</strong></span> <span class='ocrx_word' id='word_1_136' title='bbox 1004 2465 1128 2516; x_wconf 83' lang='lat' dir='ltr'><strong>subleuu.</strong></span> 
     </span>
     <span class='ocr_line' id='line_1_22' title="bbox 143 2529 1276 2598; baseline 0.005 -20"><span class='ocrx_word' id='word_1_137' title='bbox 143 2529 186 2578; x_wconf 88' lang='lat' dir='ltr'><strong>sed</strong></span> <span class='ocrx_word' id='word_1_138' title='bbox 205 2535 233 2580; x_wconf 88' lang='lat' dir='ltr'><strong>et</strong></span> <span class='ocrx_word' id='word_1_139' title='bbox 251 2531 389 2582; x_wconf 79' lang='lat' dir='ltr'><strong>Laberius</strong></span> <span class='ocrx_word' id='word_1_140' title='bbox 412 2534 539 2598; x_wconf 83' lang='lat' dir='ltr'><strong>sequenti</strong></span> <span class='ocrx_word' id='word_1_141' title='bbox 557 2533 650 2582; x_wconf 87' lang='lat' dir='ltr'><strong>stetim</strong></span> <span class='ocrx_word' id='word_1_142' title='bbox 671 2533 861 2582; x_wconf 85' lang='lat' dir='ltr'><strong>commissione</strong></span> <span class='ocrx_word' id='word_1_143' title='bbox 880 2532 961 2583; x_wconf 89' lang='lat' dir='ltr'><strong>mimo</strong></span> <span class='ocrx_word' id='word_1_144' title='bbox 979 2549 1051 2584; x_wconf 83' lang='lat' dir='ltr'><strong>norro</strong></span> <span class='ocrx_word' id='word_1_145' title='bbox 1070 2534 1212 2584; x_wconf 85' lang='lat' dir='ltr'><strong>interiecit</strong></span> <span class='ocrx_word' id='word_1_146' title='bbox 1226 2534 1276 2584; x_wconf 90' lang='lat' dir='ltr'><strong>hos</strong></span> 
     </span>
     <span class='ocr_line' id='line_1_23' title="bbox 143 2611 247 2647; baseline 0.029 -3"><span class='ocrx_word' id='word_1_147' title='bbox 143 2611 247 2647; x_wconf 82' lang='lat' dir='ltr'><strong>uersus:</strong></span> 
     </span>
    </p>

    <p class='ocr_par' dir='ltr' id='par_1_7' title="bbox 289 2667 1060 2734">
     <span class='ocr_line' id='line_1_24' title="bbox 289 2667 1060 2734; baseline 0.004 -18"><span class='ocrx_word' id='word_1_148' title='bbox 289 2667 351 2718; x_wconf 86' lang='lat' dir='ltr'><strong>Non</strong></span> <span class='ocrx_word' id='word_1_149' title='bbox 368 2673 483 2734; x_wconf 88' lang='lat' dir='ltr'><strong>possunt</strong></span> <span class='ocrx_word' id='word_1_150' title='bbox 500 2669 581 2734; x_wconf 90' lang='lat' dir='ltr'><strong>primi</strong></span> <span class='ocrx_word' id='word_1_151' title='bbox 600 2684 660 2719; x_wconf 88' lang='lat' dir='ltr'><strong>esse</strong></span> <span class='ocrx_word' id='word_1_152' title='bbox 679 2684 772 2718; x_wconf 89' lang='lat' dir='ltr'><strong>omnes</strong></span> <span class='ocrx_word' id='word_1_153' title='bbox 791 2667 864 2718; x_wconf 91' lang='lat' dir='ltr'><strong>omni</strong></span> <span class='ocrx_word' id='word_1_154' title='bbox 882 2668 909 2717; x_wconf 90' lang='lat' dir='ltr'><strong>in</strong></span> <span class='ocrx_word' id='word_1_155' title='bbox 928 2675 1060 2734; x_wconf 87' lang='lat' dir='ltr'><strong>ternpore.</strong></span> 
     </span>
    </p>

    <p class='ocr_par' dir='ltr' id='par_1_8' title="bbox 290 2736 988 2804">
     <span class='ocr_line' id='line_1_25' title="bbox 290 2736 988 2804; baseline 0.003 -19"><span class='ocrx_word' id='word_1_156' title='bbox 290 2751 421 2786; x_wconf 85' lang='lat' dir='ltr'><strong>summum</strong></span> <span class='ocrx_word' id='word_1_157' title='bbox 441 2738 475 2786; x_wconf 88' lang='lat' dir='ltr'><strong>nd</strong></span> <span class='ocrx_word' id='word_1_158' title='bbox 494 2737 607 2804; x_wconf 81' lang='lat' dir='ltr'><strong>gradum</strong></span> <span class='ocrx_word' id='word_1_159' title='bbox 626 2753 687 2786; x_wconf 90' lang='lat' dir='ltr'><strong>cum</strong></span> <span class='ocrx_word' id='word_1_160' title='bbox 707 2736 844 2786; x_wconf 78' lang='lat' dir='ltr'><strong>claritatis</strong></span> <span class='ocrx_word' id='word_1_161' title='bbox 862 2739 988 2799; x_wconf 84' lang='lat' dir='ltr'><strong>ueneris,</strong></span> 
     </span>
    </p>

    <p class='ocr_par' dir='ltr' id='par_1_9' title="bbox 290 2804 899 2870">
     <span class='ocr_line' id='line_1_26' title="bbox 290 2804 899 2870; baseline 0 -17"><span class='ocrx_word' id='word_1_162' title='bbox 290 2807 427 2854; x_wconf 86' lang='lat' dir='ltr'><strong>consistes</strong></span> <span class='ocrx_word' id='word_1_163' title='bbox 446 2821 543 2870; x_wconf 83' lang='lat' dir='ltr'><strong>aegre,</strong></span> <span class='ocrx_word' id='word_1_164' title='bbox 564 2821 597 2854; x_wconf 91' lang='lat' dir='ltr'><strong>ne</strong></span> <span class='ocrx_word' id='word_1_165' title='bbox 617 2821 659 2854; x_wconf 88' lang='lat' dir='ltr'><strong>me</strong></span> <span class='ocrx_word' id='word_1_166' title='bbox 678 2805 761 2855; x_wconf 88' lang='lat' dir='ltr'><strong>citius</strong></span> <span class='ocrx_word' id='word_1_167' title='bbox 779 2804 899 2853; x_wconf 84' lang='lat' dir='ltr'><strong>decidas.</strong></span> 
     </span>
    </p>

    <p class='ocr_par' dir='ltr' id='par_1_10' title="bbox 291 2871 1171 2939">
     <span class='ocr_line' id='line_1_27' title="bbox 291 2871 1171 2939; baseline 0.001 -18"><span class='ocrx_word' id='word_1_168' title='bbox 291 2873 382 2921; x_wconf 86' lang='lat' dir='ltr'><strong>cecidi</strong></span> <span class='ocrx_word' id='word_1_169' title='bbox 402 2889 467 2939; x_wconf 82' lang='lat' dir='ltr'><strong>ego,</strong></span> <span class='ocrx_word' id='word_1_170' title='bbox 488 2873 571 2922; x_wconf 87' lang='lat' dir='ltr'><strong>cadet</strong></span> <span class='ocrx_word' id='word_1_171' title='bbox 589 2873 634 2938; x_wconf 91' lang='lat' dir='ltr'><strong>qni</strong></span> <span class='ocrx_word' id='word_1_172' title='bbox 653 2873 788 2936; x_wconf 86' lang='lat' dir='ltr'><strong>sequitur:</strong></span> <span class='ocrx_word' id='word_1_173' title='bbox 825 2871 886 2921; x_wconf 86' lang='lat' dir='ltr'><strong>laus</strong></span> <span class='ocrx_word' id='word_1_174' title='bbox 904 2877 946 2922; x_wconf 87' lang='lat' dir='ltr'><strong>est</strong></span> <span class='ocrx_word' id='word_1_175' title='bbox 963 2871 1101 2938; x_wconf 85' lang='lat' dir='ltr'><strong>publica.&#39;</strong></span> <span class='ocrx_word' id='word_1_176' title='bbox 1167 2871 1171 2879; x_wconf 82' lang='grc'><em>“</em></span> 
     </span>
    </p>

    <p class='ocr_par' dir='ltr' id='par_1_11' title="bbox 142 2935 1277 3059">
     <span class='ocr_line' id='line_1_28' title="bbox 220 2935 1277 3006; baseline 0.002 -16"><span class='ocrx_word' id='word_1_177' title='bbox 220 2935 277 2990; x_wconf 69' lang='grc' dir='ltr'><strong>Ἠ*</strong></span> <span class='ocrx_word' id='word_1_178' title='bbox 294 2940 478 3005; x_wconf 78' lang='lat' dir='ltr'><strong>Hieronymus</strong></span> <span class='ocrx_word' id='word_1_179' title='bbox 501 2939 544 2990; x_wconf 93' lang='lat' dir='ltr'><strong>Ol.</strong></span> <span class='ocrx_word' id='word_1_180' title='bbox 571 2937 634 3000; x_wconf 76' lang='lat'>184,</span> <span class='ocrx_word' id='word_1_181' title='bbox 657 2940 682 2989; x_wconf 83' lang='lat'><strong>4.</strong></span> <span class='ocrx_word' id='word_1_182' title='bbox 708 2939 823 2990; x_wconf 84' lang='lat' dir='ltr'><strong>Merkel.</strong></span> <span class='ocrx_word' id='word_1_183' title='bbox 844 2940 879 2990; x_wconf 84' lang='lat' dir='ltr'><strong>sd</strong></span> <span class='ocrx_word' id='word_1_184' title='bbox 897 2940 988 2990; x_wconf 80' lang='lat' dir='ltr'><strong>Ovidii</strong></span> <span class='ocrx_word' id='word_1_185' title='bbox 1006 2942 1070 2991; x_wconf 85' lang='lat' dir='ltr'><strong>Ibin</strong></span> <span class='ocrx_word' id='word_1_186' title='bbox 1092 2958 1117 3006; x_wconf 89' lang='lat' dir='ltr'><strong>p.</strong></span> <span class='ocrx_word' id='word_1_187' title='bbox 1142 2939 1192 2992; x_wconf 82' lang='lat'><strong>365</strong></span> <span class='ocrx_word' id='word_1_188' title='bbox 1212 2941 1277 2992; x_wconf 79' lang='lat' dir='ltr'><strong>Cor·¹</strong></span> 
     </span>
     <span class='ocr_line' id='line_1_29' title="bbox 142 3006 805 3059; baseline 0.003 -5"><span class='ocrx_word' id='word_1_189' title='bbox 142 3006 214 3055; x_wconf 85' lang='lat' dir='ltr'><strong>nifici</strong></span> <span class='ocrx_word' id='word_1_190' title='bbox 232 3023 329 3058; x_wconf 88' lang='lat' dir='ltr'><strong>necem</strong></span> <span class='ocrx_word' id='word_1_191' title='bbox 349 3007 384 3058; x_wconf 81' lang='lat' dir='ltr'><strong>ad</strong></span> <span class='ocrx_word' id='word_1_192' title='bbox 402 3008 504 3058; x_wconf 88' lang='lat' dir='ltr'><strong>bollum</strong></span> <span class='ocrx_word' id='word_1_193' title='bbox 522 3009 684 3059; x_wconf 89' lang='lat' dir='ltr'><strong>Perusinum</strong></span> <span class='ocrx_word' id='word_1_194' title='bbox 702 3007 805 3057; x_wconf 91' lang='lat' dir='ltr'><strong>retulit.</strong></span> 
     </span>
    </p>

    <p class='ocr_par' dir='ltr' id='par_1_12' title="bbox 221 3073 665 3142">
     <span class='ocr_line' id='line_1_30' title="bbox 221 3073 665 3142; baseline -0.011 -14"><span class='ocrx_word' id='word_1_195' title='bbox 221 3073 277 3128; x_wconf 73' lang='lat'><strong>28*</strong></span> <span class='ocrx_word' id='word_1_196' title='bbox 295 3076 479 3142; x_wconf 80' lang='lat' dir='ltr'><strong>Hieronymus</strong></span> <span class='ocrx_word' id='word_1_197' title='bbox 497 3077 540 3126; x_wconf 90' lang='lat' dir='ltr'><strong>Ol.</strong></span> <span class='ocrx_word' id='word_1_198' title='bbox 562 3074 622 3138; x_wconf 83' lang='lat'>186,</span> <span class='ocrx_word' id='word_1_199' title='bbox 641 3077 665 3124; x_wconf 75' lang='lat'><strong>2.</strong></span> 
     </span>
    </p>

    <p class='ocr_par' dir='ltr' id='par_1_13' title="bbox 141 3142 1279 3958">
     <span class='ocr_line' id='line_1_31' title="bbox 220 3142 1277 3210; baseline 0 -16"><span class='ocrx_word' id='word_1_200' title='bbox 220 3143 279 3199; x_wconf 75' lang='lat'><strong>29*</strong></span> <span class='ocrx_word' id='word_1_201' title='bbox 297 3144 475 3210; x_wconf 79' lang='lat' dir='ltr'><strong>Philargyrus</strong></span> <span class='ocrx_word' id='word_1_202' title='bbox 494 3145 523 3193; x_wconf 93' lang='lat' dir='ltr'><strong>in</strong></span> <span class='ocrx_word' id='word_1_203' title='bbox 545 3145 626 3209; x_wconf 78' lang='lat' dir='ltr'><strong>Verg.</strong></span> <span class='ocrx_word' id='word_1_204' title='bbox 647 3143 697 3194; x_wconf 88' lang='lat' dir='ltr'><strong>ecl.</strong></span> <span class='ocrx_word' id='word_1_205' title='bbox 716 3142 822 3192; x_wconf 82' lang='lat'>11190:</span> <span class='ocrx_word' id='word_1_206' title='bbox 847 3144 901 3205; x_wconf 82' lang='lat' dir='ltr'><strong>Qui</strong></span> <span class='ocrx_word' id='word_1_207' title='bbox 918 3143 1035 3194; x_wconf 86' lang='lat' dir='ltr'><strong>Bauium</strong></span> <span class='ocrx_word' id='word_1_208' title='bbox 1054 3142 1118 3210; x_wconf 78' lang='lat' dir='ltr'><strong>etc]</strong></span> <span class='ocrx_word' id='word_1_209' title='bbox 1139 3144 1215 3194; x_wconf 85' lang='lat' dir='ltr'><strong>‘duos</strong></span> <span class='ocrx_word' id='word_1_210' title='bbox 1234 3147 1277 3194; x_wconf 87' lang='lat' dir='ltr'><strong>sui</strong></span> 
     </span>
     <span class='ocr_line' id='line_1_32' title="bbox 142 3211 1277 3277; baseline 0.003 -19"><span class='ocrx_word' id='word_1_211' title='bbox 142 3216 270 3277; x_wconf 82' lang='lat' dir='ltr'><strong>temporis</strong></span> <span class='ocrx_word' id='word_1_212' title='bbox 288 3219 386 3277; x_wconf 83' lang='lat' dir='ltr'><strong>poetas</strong></span> <span class='ocrx_word' id='word_1_213' title='bbox 404 3211 473 3262; x_wconf 91' lang='lat' dir='ltr'><strong>dicit</strong></span> <span class='ocrx_word' id='word_1_214' title='bbox 485 3213 631 3277; x_wconf 88' lang='lat' dir='ltr'><strong>pessimos,</strong></span> <span class='ocrx_word' id='word_1_215' title='bbox 653 3226 764 3276; x_wconf 88' lang='lat' dir='ltr'><strong>quorum</strong></span> <span class='ocrx_word' id='word_1_216' title='bbox 778 3213 901 3262; x_wconf 87' lang='lat' dir='ltr'><strong>carmina</strong></span> <span class='ocrx_word' id='word_1_217' title='bbox 915 3213 948 3262; x_wconf 93' lang='lat' dir='ltr'><strong>ob</strong></span> <span class='ocrx_word' id='word_1_218' title='bbox 960 3212 1144 3262; x_wconf 83' lang='lat' dir='ltr'><strong>bumilitatem</strong></span> <span class='ocrx_word' id='word_1_219' title='bbox 1164 3213 1277 3262; x_wconf 83' lang='lat' dir='ltr'><strong>abiecta</strong></span> 
     </span>
     <span class='ocr_line' id='line_1_33' title="bbox 141 3279 1276 3345; baseline 0.001 -18"><span class='ocrx_word' id='word_1_220' title='bbox 141 3287 208 3328; x_wconf 88' lang='lat' dir='ltr'><strong>sunt.</strong></span> <span class='ocrx_word' id='word_1_221' title='bbox 245 3279 305 3330; x_wconf 90' lang='lat' dir='ltr'><strong>uult</strong></span> <span class='ocrx_word' id='word_1_222' title='bbox 324 3296 389 3345; x_wconf 84' lang='lat' dir='ltr'><strong>ergo</strong></span> <span class='ocrx_word' id='word_1_223' title='bbox 408 3285 504 3330; x_wconf 79' lang='lat' dir='ltr'><strong>notare</strong></span> <span class='ocrx_word' id='word_1_224' title='bbox 524 3281 652 3344; x_wconf 86' lang='lat' dir='ltr'><strong>quisunt</strong></span> <span class='ocrx_word' id='word_1_225' title='bbox 671 3280 777 3329; x_wconf 89' lang='lat' dir='ltr'><strong>inimici</strong></span> <span class='ocrx_word' id='word_1_226' title='bbox 797 3280 921 3345; x_wconf 79' lang='lat' dir='ltr'><strong>Virgilii,</strong></span> <span class='ocrx_word' id='word_1_227' title='bbox 940 3280 986 3344; x_wconf 88' lang='lat' dir='ltr'><strong>qui</strong></span> <span class='ocrx_word' id='word_1_228' title='bbox 999 3281 1115 3330; x_wconf 74' lang='lat' dir='ltr'><strong>Veniunt</strong></span> <span class='ocrx_word' id='word_1_229' title='bbox 1134 3281 1152 3330; x_wconf 90' lang='lat' dir='ltr'><strong>i.</strong></span> <span class='ocrx_word' id='word_1_230' title='bbox 1173 3297 1195 3330; x_wconf 91' lang='lat' dir='ltr'><strong>e.</strong></span> <span class='ocrx_word' id='word_1_231' title='bbox 1216 3295 1276 3344; x_wconf 87' lang='lat' dir='ltr'><strong>pes·</strong></span> 
     </span>
     <span class='ocr_line' id='line_1_34' title="bbox 141 3347 1278 3414; baseline 0.002 -20"><span class='ocrx_word' id='word_1_232' title='bbox 141 3347 235 3398; x_wconf 87' lang='lat' dir='ltr'><strong>simum</strong></span> <span class='ocrx_word' id='word_1_233' title='bbox 253 3353 365 3414; x_wconf 85' lang='lat' dir='ltr'><strong>poetam</strong></span> <span class='ocrx_word' id='word_1_234' title='bbox 389 3353 417 3397; x_wconf 90' lang='lat' dir='ltr'><strong>et</strong></span> <span class='ocrx_word' id='word_1_235' title='bbox 440 3349 578 3398; x_wconf 82' lang='lat' dir='ltr'><strong>Maeuium</strong></span> <span class='ocrx_word' id='word_1_236' title='bbox 603 3349 619 3396; x_wconf 90' lang='lat' dir='ltr'><strong>i.</strong></span> <span class='ocrx_word' id='word_1_237' title='bbox 641 3363 663 3396; x_wconf 87' lang='lat' dir='ltr'><strong>e.</strong></span> <span class='ocrx_word' id='word_1_238' title='bbox 684 3348 805 3412; x_wconf 90' lang='lat' dir='ltr'><strong>peiorem</strong></span> <span class='ocrx_word' id='word_1_239' title='bbox 828 3353 951 3412; x_wconf 84' lang='lat' dir='ltr'><strong>poetam,</strong></span> <span class='ocrx_word' id='word_1_240' title='bbox 974 3353 1004 3396; x_wconf 91' lang='lat' dir='ltr'><strong>ut</strong></span> <span class='ocrx_word' id='word_1_241' title='bbox 1026 3347 1136 3412; x_wconf 90' lang='lat' dir='ltr'><strong>duplum</strong></span> <span class='ocrx_word' id='word_1_242' title='bbox 1154 3347 1278 3397; x_wconf 80' lang='lat' dir='ltr'><strong>habeant</strong></span> 
     </span>
     <span class='ocr_line' id='line_1_35' title="bbox 142 3411 1277 3481; baseline 0.001 -19"><span class='ocrx_word' id='word_1_243' title='bbox 142 3415 247 3466; x_wconf 78' lang='lat' dir='ltr'><strong>malurn.</strong></span> <span class='ocrx_word' id='word_1_244' title='bbox 291 3431 324 3465; x_wconf 84' lang='lat' dir='ltr'><strong>cx</strong></span> <span class='ocrx_word' id='word_1_245' title='bbox 343 3417 441 3480; x_wconf 84' lang='lat' dir='ltr'><strong>quibus</strong></span> <span class='ocrx_word' id='word_1_246' title='bbox 460 3411 588 3465; x_wconf 79' lang='lat' dir='ltr'><strong>Variius</strong></span> <span class='ocrx_word' id='word_1_247' title='bbox 607 3421 786 3465; x_wconf 82' lang='lat' dir='ltr'><strong>curatore.</strong></span> <span class='ocrx_word' id='word_1_248' title='bbox 807 3433 830 3481; x_wconf 82' lang='lat' dir='ltr'><strong>q.</strong></span> <span class='ocrx_word' id='word_1_249' title='bbox 850 3431 871 3464; x_wconf 84' lang='lat' dir='ltr'><strong>s.</strong></span> <span class='ocrx_word' id='word_1_250' title='bbox 890 3415 924 3465; x_wconf 89' lang='lat' dir='ltr'><strong>de</strong></span> <span class='ocrx_word' id='word_1_251' title='bbox 943 3416 1052 3466; x_wconf 87' lang='lat' dir='ltr'><strong>Maeuio</strong></span> <span class='ocrx_word' id='word_1_252' title='bbox 1070 3416 1140 3466; x_wconf 92' lang='lat' dir='ltr'><strong>nihil</strong></span> <span class='ocrx_word' id='word_1_253' title='bbox 1159 3416 1277 3481; x_wconf 85' lang='lat' dir='ltr'><strong>repperi,</strong></span> 
     </span>
     <span class='ocr_line' id='line_1_36' title="bbox 142 3483 1276 3546; baseline 0.001 -16"><span class='ocrx_word' id='word_1_254' title='bbox 142 3489 170 3531; x_wconf 90' lang='lat' dir='ltr'><strong>ut</strong></span> <span class='ocrx_word' id='word_1_255' title='bbox 188 3485 357 3534; x_wconf 69' lang='lat' dir='ltr'><strong>rtdsnnanus</strong></span> <span class='ocrx_word' id='word_1_256' title='bbox 380 3485 561 3545; x_wconf 74' lang='lat' dir='ltr'><strong>(Haterianus</strong></span> <span class='ocrx_word' id='word_1_257' title='bbox 579 3486 643 3534; x_wconf 82' lang='lat' dir='ltr'><strong>coni.</strong></span> <span class='ocrx_word' id='word_1_258' title='bbox 663 3483 808 3546; x_wconf 77' lang='lat' dir='ltr'><strong>Dribuerus)</strong></span> <span class='ocrx_word' id='word_1_259' title='bbox 833 3483 891 3533; x_wconf 62' lang='lat' dir='ltr'><strong>eit)</strong></span> <span class='ocrx_word' id='word_1_260' title='bbox 929 3483 1018 3533; x_wconf 81' lang='lat' dir='ltr'><strong>Schol.</strong></span> <span class='ocrx_word' id='word_1_261' title='bbox 1043 3485 1124 3533; x_wconf 87' lang='lat' dir='ltr'><strong>Bern.</strong></span> <span class='ocrx_word' id='word_1_262' title='bbox 1145 3484 1173 3532; x_wconf 91' lang='lat' dir='ltr'><strong>in</strong></span> <span class='ocrx_word' id='word_1_263' title='bbox 1197 3483 1276 3532; x_wconf 83' lang='lat' dir='ltr'><strong>eund.</strong></span> 
     </span>
     <span class='ocr_line' id='line_1_37' title="bbox 142 3551 1278 3618; baseline 0.002 -20"><span class='ocrx_word' id='word_1_264' title='bbox 142 3565 224 3600; x_wconf 67' lang='lat' dir='ltr'><strong>rem:</strong></span> <span class='ocrx_word' id='word_1_265' title='bbox 248 3552 368 3602; x_wconf 76' lang='lat' dir='ltr'><strong>‘Bauius</strong></span> <span class='ocrx_word' id='word_1_266' title='bbox 387 3557 416 3600; x_wconf 90' lang='lat' dir='ltr'><strong>et</strong></span> <span class='ocrx_word' id='word_1_267' title='bbox 433 3552 559 3601; x_wconf 84' lang='lat' dir='ltr'><strong>Maeuius</strong></span> <span class='ocrx_word' id='word_1_268' title='bbox 578 3551 630 3600; x_wconf 90' lang='lat' dir='ltr'><strong>duo</strong></span> <span class='ocrx_word' id='word_1_269' title='bbox 648 3557 748 3617; x_wconf 87' lang='lat' dir='ltr'><strong>poetse</strong></span> <span class='ocrx_word' id='word_1_270' title='bbox 767 3552 877 3618; x_wconf 83' lang='lat' dir='ltr'><strong>pessimi</strong></span> <span class='ocrx_word' id='word_1_271' title='bbox 895 3551 1078 3601; x_wconf 78' lang='lat' dir='ltr'><strong>Athenienses</strong></span> <span class='ocrx_word' id='word_1_272' title='bbox 1097 3551 1278 3615; x_wconf 77' lang='lat' dir='ltr'><strong>(Haterianus</strong></span> 
     </span>
     <span class='ocr_line' id='line_1_38' title="bbox 142 3618 1279 3684; baseline 0.001 -19"><span class='ocrx_word' id='word_1_273' title='bbox 142 3621 282 3684; x_wconf 69' lang='lat' dir='ltr'><strong>Surruptus,</strong></span> <span class='ocrx_word' id='word_1_274' title='bbox 307 3620 374 3669; x_wconf 75' lang='lat' dir='ltr'><strong>aits</strong></span> <span class='ocrx_word' id='word_1_275' title='bbox 397 3627 455 3682; x_wconf 75' lang='lat' dir='ltr'><strong>epo)</strong></span> <span class='ocrx_word' id='word_1_276' title='bbox 479 3620 521 3668; x_wconf 90' lang='lat' dir='ltr'><strong>sni</strong></span> <span class='ocrx_word' id='word_1_277' title='bbox 545 3619 691 3684; x_wconf 88' lang='lat' dir='ltr'><strong>temporis,</strong></span> <span class='ocrx_word' id='word_1_278' title='bbox 715 3635 747 3667; x_wconf 86' lang='lat' dir='ltr'><strong>ex</strong></span> <span class='ocrx_word' id='word_1_279' title='bbox 773 3620 871 3684; x_wconf 87' lang='lat' dir='ltr'><strong>quibus</strong></span> <span class='ocrx_word' id='word_1_280' title='bbox 894 3620 998 3669; x_wconf 79' lang='lat' dir='ltr'><strong>Bauius</strong></span> <span class='ocrx_word' id='word_1_281' title='bbox 1021 3625 1132 3669; x_wconf 88' lang='lat' dir='ltr'><strong>curator</strong></span> <span class='ocrx_word' id='word_1_282' title='bbox 1154 3618 1220 3678; x_wconf 82' lang='lat' dir='ltr'><strong>ruit,</strong></span> <span class='ocrx_word' id='word_1_283' title='bbox 1237 3623 1279 3679; x_wconf 85' lang='lat' dir='ltr'><strong>¹et</strong></span> 
     </span>
     <span class='ocr_line' id='line_1_39' title="bbox 143 3687 1277 3751; baseline -0.001 -16"><span class='ocrx_word' id='word_1_284' title='bbox 143 3689 236 3750; x_wconf 85' lang='lat' dir='ltr'><strong>quibus</strong></span> <span class='ocrx_word' id='word_1_285' title='bbox 261 3688 354 3737; x_wconf 81' lang='lat' dir='ltr'><strong>omnia</strong></span> <span class='ocrx_word' id='word_1_286' title='bbox 382 3703 433 3736; x_wconf 84' lang='lat' dir='ltr'><strong>suu</strong></span> <span class='ocrx_word' id='word_1_287' title='bbox 457 3693 536 3736; x_wconf 87' lang='lat' dir='ltr'><strong>eraut</strong></span> <span class='ocrx_word' id='word_1_288' title='bbox 559 3687 728 3745; x_wconf 82' lang='lat' dir='ltr'><strong>communie,</strong></span> <span class='ocrx_word' id='word_1_289' title='bbox 757 3693 786 3735; x_wconf 93' lang='lat' dir='ltr'><strong>ut</strong></span> <span class='ocrx_word' id='word_1_290' title='bbox 808 3687 921 3751; x_wconf 84' lang='lat' dir='ltr'><strong>spiritus</strong></span> <span class='ocrx_word' id='word_1_291' title='bbox 949 3701 1017 3735; x_wconf 84' lang='lat' dir='ltr'><strong>unns</strong></span> <span class='ocrx_word' id='word_1_292' title='bbox 1041 3687 1158 3750; x_wconf 74' lang='lat' dir='ltr'><strong>geminis</strong></span> <span class='ocrx_word' id='word_1_293' title='bbox 1182 3701 1277 3750; x_wconf 90' lang='lat' dir='ltr'><strong>corpo·</strong></span> 
     </span>
     <span class='ocr_line' id='line_1_40' title="bbox 143 3753 1278 3821; baseline 0.001 -20"><span class='ocrx_word' id='word_1_294' title='bbox 143 3755 213 3804; x_wconf 80' lang='lat' dir='ltr'><strong>ribus</strong></span> <span class='ocrx_word' id='word_1_295' title='bbox 236 3756 377 3805; x_wconf 88' lang='lat' dir='ltr'><strong>diceretur</strong></span> <span class='ocrx_word' id='word_1_296' title='bbox 399 3756 503 3816; x_wconf 71' lang='lat' dir='ltr'><strong>inesse3</strong></span> <span class='ocrx_word' id='word_1_297' title='bbox 539 3755 587 3804; x_wconf 88' lang='lat' dir='ltr'><strong>sed</strong></span> <span class='ocrx_word' id='word_1_298' title='bbox 615 3759 759 3821; x_wconf 79' lang='lat' dir='ltr'><strong>postquam</strong></span> <span class='ocrx_word' id='word_1_299' title='bbox 788 3753 902 3804; x_wconf 87' lang='lat' dir='ltr'><strong>alterius</strong></span> <span class='ocrx_word' id='word_1_300' title='bbox 926 3769 991 3803; x_wconf 86' lang='lat' dir='ltr'><strong>uxor</strong></span> <span class='ocrx_word' id='word_1_301' title='bbox 1018 3769 1078 3804; x_wconf 88' lang='lat' dir='ltr'><strong>cum</strong></span> <span class='ocrx_word' id='word_1_302' title='bbox 1103 3753 1278 3802; x_wconf 74' lang='lat' dir='ltr'><strong>alterocon-</strong></span> 
     </span>
     <span class='ocr_line' id='line_1_41' title="bbox 143 3820 1278 3888; baseline -0.001 -18"><span class='ocrx_word' id='word_1_303' title='bbox 143 3823 246 3877; x_wconf 84' lang='lat' dir='ltr'><strong>culmit.</strong></span> <span class='ocrx_word' id='word_1_304' title='bbox 268 3824 420 3873; x_wconf 84' lang='lat' dir='ltr'><strong>amicitiem</strong></span> <span class='ocrx_word' id='word_1_305' title='bbox 438 3821 579 3884; x_wconf 87' lang='lat' dir='ltr'><strong>dissoluit,</strong></span> <span class='ocrx_word' id='word_1_306' title='bbox 599 3829 627 3872; x_wconf 85' lang='lat' dir='ltr'><strong>et</strong></span> <span class='ocrx_word' id='word_1_307' title='bbox 650 3837 722 3872; x_wconf 84' lang='lat' dir='ltr'><strong>nonu</strong></span> <span class='ocrx_word' id='word_1_308' title='bbox 741 3837 827 3887; x_wconf 85' lang='lat' dir='ltr'><strong>regna</strong></span> <span class='ocrx_word' id='word_1_309' title='bbox 845 3823 994 3888; x_wconf 80' lang='lat' dir='ltr'><strong>occipiunt.</strong></span> <span class='ocrx_word' id='word_1_310' title='bbox 1031 3823 1064 3872; x_wconf 89' lang='lat' dir='ltr'><strong>de</strong></span> <span class='ocrx_word' id='word_1_311' title='bbox 1081 3821 1191 3870; x_wconf 82' lang='lat' dir='ltr'><strong>Maeuio</strong></span> <span class='ocrx_word' id='word_1_312' title='bbox 1209 3820 1278 3870; x_wconf 87' lang='lat' dir='ltr'><strong>nihil</strong></span> 
     </span>
     <span class='ocr_line' id='line_1_42' title="bbox 142 3888 1279 3958; baseline -0.001 -19"><span class='ocrx_word' id='word_1_313' title='bbox 142 3893 256 3958; x_wconf 85' lang='lat' dir='ltr'><strong>repperi.</strong></span> <span class='ocrx_word' id='word_1_314' title='bbox 288 3907 400 3956; x_wconf 90' lang='lat' dir='ltr'><strong>qnorum</strong></span> <span class='ocrx_word' id='word_1_315' title='bbox 414 3907 518 3956; x_wconf 87' lang='lat' dir='ltr'><strong>quoqne</strong></span> <span class='ocrx_word' id='word_1_316' title='bbox 532 3891 655 3940; x_wconf 87' lang='lat' dir='ltr'><strong>carmina</strong></span> <span class='ocrx_word' id='word_1_317' title='bbox 669 3891 702 3940; x_wconf 88' lang='lat' dir='ltr'><strong>ob</strong></span> <span class='ocrx_word' id='word_1_318' title='bbox 715 3889 898 3944; x_wconf 80' lang='lat' dir='ltr'><strong>bumilitatem</strong></span> <span class='ocrx_word' id='word_1_319' title='bbox 918 3891 1030 3940; x_wconf 76' lang='lat' dir='ltr'><strong>ulriccta</strong></span> <span class='ocrx_word' id='word_1_320' title='bbox 1047 3894 1110 3940; x_wconf 87' lang='lat' dir='ltr'><strong>sunt</strong></span> <span class='ocrx_word' id='word_1_321' title='bbox 1128 3895 1156 3938; x_wconf 90' lang='lat' dir='ltr'><strong>et</strong></span> <span class='ocrx_word' id='word_1_322' title='bbox 1173 3888 1279 3938; x_wconf 86' lang='lat' dir='ltr'><strong>inimici</strong></span> 
     </span>
    </p>
   </div>
   <div class='ocr_carea' id='block_1_5' title="bbox 153 4013 341 4020">
    <p class='ocr_par' dir='ltr' id='par_1_14' title="bbox 153 4013 341 4020">
     <span class='ocr_line' id='line_1_43' title="bbox 153 4013 341 4020; baseline 0.005 -1"><span class='ocrx_word' id='word_1_323' title='bbox 153 4013 341 4020; x_wconf 48' lang='grc' dir='ltr'><strong>*μμ-</strong></span> 
     </span>
    </p>
   </div>
   <div class='ocr_carea' id='block_1_6' title="bbox 53 4071 1281 4500">
    <p class='ocr_par' dir='ltr' id='par_1_15' title="bbox 227 4071 1279 4158">
     <span class='ocr_line' id='line_1_44' title="bbox 227 4071 1279 4158; baseline 0.001 -20"><span class='ocrx_word' id='word_1_324' title='bbox 227 4089 236 4138; x_wconf 87' lang='grc' dir='ltr'>Ι</span> <span class='ocrx_word' id='word_1_325' title='bbox 261 4078 401 4138; x_wconf 86' lang='lat' dir='ltr'><strong>desertus</strong></span> <span class='ocrx_word' id='word_1_326' title='bbox 424 4083 479 4138; x_wconf 86' lang='lat' dir='ltr'><strong>BP</strong></span> <span class='ocrx_word' id='word_1_327' title='bbox 498 4079 659 4138; x_wconf 88' lang='lat' dir='ltr'><strong>destitutus</strong></span> <span class='ocrx_word' id='word_1_328' title='bbox 689 4080 790 4154; x_wconf 81' lang='lat' dir='ltr'><strong>(Soet.)</strong></span> <span class='ocrx_word' id='word_1_329' title='bbox 818 4073 869 4158; x_wconf 71' lang='lat' dir='ltr'><strong>{lt</strong></span> <span class='ocrx_word' id='word_1_330' title='bbox 899 4077 1109 4157; x_wconf 80' lang='lat' dir='ltr'><strong>appellaueret</strong></span> <span class='ocrx_word' id='word_1_331' title='bbox 1129 4077 1204 4134; x_wconf 83' lang='lat' dir='ltr'><strong>Seul.</strong></span> <span class='ocrx_word' id='word_1_332' title='bbox 1226 4071 1279 4156; x_wconf 75' lang='lat' dir='ltr'><strong>Hb</strong></span> 
     </span>
    </p>

    <p class='ocr_par' dir='ltr' id='par_1_16' title="bbox 53 4158 1281 4416">
     <span class='ocr_line' id='line_1_45' title="bbox 53 4158 1278 4247; baseline 0.003 -32"><span class='ocrx_word' id='word_1_333' title='bbox 53 4203 58 4216; x_wconf 90' lang='lat'><strong>.</strong></span> <span class='ocrx_word' id='word_1_334' title='bbox 143 4172 243 4222; x_wconf 73' lang='lat' dir='ltr'><strong>estam</strong></span> <span class='ocrx_word' id='word_1_335' title='bbox 256 4164 386 4241; x_wconf 84' lang='lat' dir='ltr'><strong>insignia</strong></span> <span class='ocrx_word' id='word_1_336' title='bbox 399 4167 474 4224; x_wconf 85' lang='lat' dir='ltr'><strong>Scul.</strong></span> <span class='ocrx_word' id='word_1_337' title='bbox 489 4160 503 4247; x_wconf 75' lang='lat' dir='ltr'><strong>ll</strong></span> <span class='ocrx_word' id='word_1_338' title='bbox 517 4173 535 4226; x_wconf 79' lang='lat' dir='ltr'><strong>t</strong></span> <span class='ocrx_word' id='word_1_339' title='bbox 547 4164 660 4223; x_wconf 77' lang='lat' dir='ltr'><strong>Bauius</strong></span> <span class='ocrx_word' id='word_1_340' title='bbox 673 4162 776 4240; x_wconf 74' lang='lat' dir='ltr'><strong>(Seu.)</strong></span> <span class='ocrx_word' id='word_1_341' title='bbox 789 4163 904 4222; x_wconf 89' lang='lat' dir='ltr'><strong>Vauius</strong></span> <span class='ocrx_word' id='word_1_342' title='bbox 923 4167 977 4222; x_wconf 84' lang='lat' dir='ltr'><strong>BP</strong></span> <span class='ocrx_word' id='word_1_343' title='bbox 989 4158 1002 4244; x_wconf 74' lang='lat' dir='ltr'><strong>ll</strong></span> <span class='ocrx_word' id='word_1_344' title='bbox 1018 4162 1162 4239; x_wconf 84' lang='lat' dir='ltr'><strong>Virgilius</strong></span> <span class='ocrx_word' id='word_1_345' title='bbox 1177 4163 1278 4236; x_wconf 68' lang='grc' dir='ltr'><em>(ὅσαι.)</em></span> 
     </span>
     <span class='ocr_line' id='line_1_46' title="bbox 143 4241 1280 4332; baseline -0.002 -27"><span class='ocrx_word' id='word_1_346' title='bbox 143 4241 147 4325; x_wconf 75' lang='lat' dir='ltr'><strong>l</strong></span> <span class='ocrx_word' id='word_1_347' title='bbox 169 4249 198 4306; x_wconf 87' lang='lat' dir='ltr'><strong>in</strong></span> <span class='ocrx_word' id='word_1_348' title='bbox 218 4269 272 4309; x_wconf 88' lang='lat' dir='ltr'><strong>em.</strong></span> <span class='ocrx_word' id='word_1_349' title='bbox 293 4251 370 4308; x_wconf 84' lang='lat' dir='ltr'><strong>Scol.</strong></span> <span class='ocrx_word' id='word_1_350' title='bbox 387 4245 400 4332; x_wconf 75' lang='grc' dir='ltr'><strong>ΙΙ</strong></span> <span class='ocrx_word' id='word_1_351' title='bbox 415 4259 432 4313; x_wconf 82' lang='grc'>9</span> <span class='ocrx_word' id='word_1_352' title='bbox 447 4259 538 4330; x_wconf 87' lang='lat' dir='ltr'><strong>atque</strong></span> <span class='ocrx_word' id='word_1_353' title='bbox 554 4250 654 4308; x_wconf 82' lang='lat' dir='ltr'><strong>onrnia</strong></span> <span class='ocrx_word' id='word_1_354' title='bbox 675 4248 806 4328; x_wconf 88' lang='lat' dir='ltr'><strong>denique</strong></span> <span class='ocrx_word' id='word_1_355' title='bbox 823 4251 960 4307; x_wconf 74' lang='lat' dir='ltr'><strong>Pithoeus</strong></span> <span class='ocrx_word' id='word_1_356' title='bbox 979 4258 1010 4307; x_wconf 92' lang='lat' dir='ltr'><strong>et</strong></span> <span class='ocrx_word' id='word_1_357' title='bbox 1026 4247 1157 4326; x_wconf 82' lang='lat' dir='ltr'><strong>denique</strong></span> <span class='ocrx_word' id='word_1_358' title='bbox 1179 4247 1280 4306; x_wconf 86' lang='lat' dir='ltr'><strong>omnis</strong></span> 
     </span>
     <span class='ocr_line' id='line_1_47' title="bbox 142 4329 1281 4416; baseline -0.002 -26"><span class='ocrx_word' id='word_1_359' title='bbox 142 4337 219 4409; x_wconf 75' lang='lat' dir='ltr'><strong>stupe</strong></span> <span class='ocrx_word' id='word_1_360' title='bbox 233 4329 247 4416; x_wconf 73' lang='lat' dir='ltr'><strong>[l</strong></span> <span class='ocrx_word' id='word_1_361' title='bbox 265 4344 293 4396; x_wconf 86' lang='lat' dir='ltr'><strong>ll</strong></span> <span class='ocrx_word' id='word_1_362' title='bbox 307 4336 474 4394; x_wconf 84' lang='lat' dir='ltr'><strong>eommunis</strong></span> <span class='ocrx_word' id='word_1_363' title='bbox 486 4335 605 4414; x_wconf 89' lang='lat' dir='ltr'><strong>utrique</strong></span> <span class='ocrx_word' id='word_1_364' title='bbox 618 4336 762 4408; x_wconf 77' lang='lat' dir='ltr'><strong>Sculiper:</strong></span> <span class='ocrx_word' id='word_1_365' title='bbox 773 4333 965 4392; x_wconf 87' lang='lat' dir='ltr'><strong>concubitum</strong></span> <span class='ocrx_word' id='word_1_366' title='bbox 973 4335 1281 4392; x_wconf 78' lang='lat' dir='ltr'><strong>PurisieusisDtttueri</strong></span> 
     </span>
    </p>

    <p class='ocr_par' dir='ltr' id='par_1_17' title="bbox 142 4413 1280 4500">
     <span class='ocr_line' id='line_1_48' title="bbox 142 4413 1280 4500; baseline 0 -24"><span class='ocrx_word' id='word_1_367' title='bbox 142 4413 153 4496; x_wconf 76' lang='lat' dir='ltr'><strong>ll</strong></span> <span class='ocrx_word' id='word_1_368' title='bbox 166 4420 267 4498; x_wconf 87' lang='lat' dir='ltr'><strong>nupsit</strong></span> <span class='ocrx_word' id='word_1_369' title='bbox 283 4423 326 4478; x_wconf 84' lang='lat' dir='ltr'><strong>vel</strong></span> <span class='ocrx_word' id='word_1_370' title='bbox 338 4419 425 4480; x_wconf 90' lang='lat' dir='ltr'><strong>nubit</strong></span> <span class='ocrx_word' id='word_1_371' title='bbox 446 4423 665 4494; x_wconf 70' lang='lat' dir='ltr'><strong>Oudendorptus</strong></span> <span class='ocrx_word' id='word_1_372' title='bbox 679 4416 691 4499; x_wconf 72' lang='grc' dir='ltr'><strong>,Ἰ</strong></span> <span class='ocrx_word' id='word_1_373' title='bbox 709 4417 868 4478; x_wconf 86' lang='lat' dir='ltr'><strong>conubium</strong></span> <span class='ocrx_word' id='word_1_374' title='bbox 883 4419 1004 4500; x_wconf 89' lang='lat' dir='ltr'><strong>utrique</strong></span> <span class='ocrx_word' id='word_1_375' title='bbox 1015 4420 1099 4479; x_wconf 89' lang='lat' dir='ltr'><strong>uouit</strong></span> <span class='ocrx_word' id='word_1_376' title='bbox 1110 4419 1280 4478; x_wconf 76' lang='lat' dir='ltr'><strong>Frdbuerus</strong></span> 
     </span>
    </p>
   </div>
   <div class='ocr_carea' id='block_1_7' title="bbox 0 0 1546 5072">
    <p class='ocr_par' dir='ltr' id='par_1_18' title="bbox 0 0 1546 5072">
     <span class='ocr_line' id='line_1_49' title="bbox 0 0 1546 5072; baseline 0 0"><span class='ocrx_word' id='word_1_377' title='bbox 0 0 1546 5072; x_wconf 95' lang='lat' dir='ltr'><strong> </strong></span> 
     </span>
    </p>
   </div>
  </div>
 </body>
</html>
