<?xml version="1.0" encoding="UTF-8"?>
<!DOCTYPE html PUBLIC "-//W3C//DTD XHTML 1.0 Transitional//EN"
    "http://www.w3.org/TR/xhtml1/DTD/xhtml1-transitional.dtd">
<html xmlns="http://www.w3.org/1999/xhtml" xml:lang="en" lang="en">
 <head>
  <title>
</title>
<meta http-equiv="Content-Type" content="text/html;charset=utf-8" />
  <meta name='ocr-system' content='tesseract 3.04.00' />
  <meta name='ocr-capabilities' content='ocr_page ocr_carea ocr_par ocr_line ocrx_word'/>
</head>
<body>
  <div class='ocr_page' id='page_1' title='image "./csvetonitranqvi01ritsgoog_0490.png"; bbox 0 0 3190 5098; ppageno 0'>
   <div class='ocr_carea' id='block_1_1' title="bbox 695 375 1339 447">
    <p class='ocr_par' dir='ltr' id='par_1_1' title="bbox 695 375 1339 447">
     <span class='ocr_line' id='line_1_1' title="bbox 695 375 1339 447; baseline -0.006 -1"><span class='ocrx_word' id='word_1_1' title='bbox 695 375 798 446; x_wconf 74' lang='lat' dir='ltr'><strong><em>onrv&#39;r·</em></strong></span> <span class='ocrx_word' id='word_1_2' title='bbox 815 405 851 444; x_wconf 90' lang='grc' dir='ltr'><strong><em>ιιι</em></strong></span> <span class='ocrx_word' id='word_1_3' title='bbox 1011 429 1019 447; x_wconf 90' lang='grc'><strong>.</strong></span> <span class='ocrx_word' id='word_1_4' title='bbox 1253 381 1339 444; x_wconf 66' lang='lat' dir='ltr'><strong><em>mse</em></strong></span> 
     </span>
    </p>
   </div>
   <div class='ocr_carea' id='block_1_2' title="bbox 199 552 1341 2568">
    <p class='ocr_par' dir='ltr' id='par_1_2' title="bbox 200 552 1341 1870">
     <span class='ocr_line' id='line_1_2' title="bbox 203 552 1338 636; baseline -0.006 -17"><span class='ocrx_word' id='word_1_5' title='bbox 203 569 265 618; x_wconf 90' lang='lat' dir='ltr'><strong><em>tum</em></strong></span> <span class='ocrx_word' id='word_1_6' title='bbox 282 558 479 618; x_wconf 81' lang='lat' dir='ltr'><strong><em>coniunxisse</em></strong></span> <span class='ocrx_word' id='word_1_7' title='bbox 496 555 635 630; x_wconf 83' lang='lat' dir='ltr'><strong><em>videtur,</em></strong></span> <span class='ocrx_word' id='word_1_8' title='bbox 660 577 720 636; x_wconf 86' lang='lat' dir='ltr'><strong><em>qna</em></strong></span> <span class='ocrx_word' id='word_1_9' title='bbox 742 576 774 616; x_wconf 90' lang='lat' dir='ltr'><strong><em>re</em></strong></span> <span class='ocrx_word' id='word_1_10' title='bbox 793 555 921 635; x_wconf 85' lang='lat' dir='ltr'><strong><em>probata</em></strong></span> <span class='ocrx_word' id='word_1_11' title='bbox 938 553 1048 614; x_wconf 88' lang='lat' dir='ltr'><strong><em>iustum</em></strong></span> <span class='ocrx_word' id='word_1_12' title='bbox 1064 554 1144 613; x_wconf 83' lang='lat' dir='ltr'><strong><em>tertii</em></strong></span> <span class='ocrx_word' id='word_1_13' title='bbox 1162 552 1229 612; x_wconf 82' lang='lat' dir='ltr'><strong>libri</strong></span> <span class='ocrx_word' id='word_1_14' title='bbox 1255 553 1338 612; x_wconf 81' lang='lat' dir='ltr'><strong><em>volu·</em></strong></span> 
     </span>
     <span class='ocr_line' id='line_1_3' title="bbox 202 655 1341 736; baseline -0.004 -17"><span class='ocrx_word' id='word_1_15' title='bbox 202 681 270 720; x_wconf 81' lang='lat' dir='ltr'><strong><em>mon</em></strong></span> <span class='ocrx_word' id='word_1_16' title='bbox 284 659 423 721; x_wconf 86' lang='lat' dir='ltr'><strong><em>habebis.</em></strong></span> <span class='ocrx_word' id='word_1_17' title='bbox 446 669 480 718; x_wconf 89' lang='lat' dir='ltr'><strong><em>at</em></strong></span> <span class='ocrx_word' id='word_1_18' title='bbox 494 658 605 718; x_wconf 85' lang='lat' dir='ltr'><strong><em>divisio</em></strong></span> <span class='ocrx_word' id='word_1_19' title='bbox 621 669 720 720; x_wconf 87' lang='lat' dir='ltr'><strong><em>terrae</em></strong></span> <span class='ocrx_word' id='word_1_20' title='bbox 734 657 920 717; x_wconf 85' lang='lat' dir='ltr'><strong><em>Suetoniana</em></strong></span> <span class='ocrx_word' id='word_1_21' title='bbox 938 655 1100 716; x_wconf 82' lang='lat' dir='ltr'><strong><em>eademsit</em></strong></span> <span class='ocrx_word' id='word_1_22' title='bbox 1118 664 1209 734; x_wconf 79' lang='lat' dir='ltr'><strong><em>atqrre</em></strong></span> <span class='ocrx_word' id='word_1_23' title='bbox 1223 655 1341 736; x_wconf 80' lang='lat' dir='ltr'>Hygini</span> 
     </span>
     <span class='ocr_line' id='line_1_4' title="bbox 204 760 1341 842; baseline -0.004 -21"><span class='ocrx_word' id='word_1_24' title='bbox 204 762 256 842; x_wconf 91' lang='lat' dir='ltr'><strong><em>qui</em></strong></span> <span class='ocrx_word' id='word_1_25' title='bbox 276 771 357 840; x_wconf 86' lang='lat' dir='ltr'><strong><em>poet.</em></strong></span> <span class='ocrx_word' id='word_1_26' title='bbox 388 769 500 822; x_wconf 80' lang='lat' dir='ltr'><strong>astron.</strong></span> <span class='ocrx_word' id='word_1_27' title='bbox 521 762 536 820; x_wconf 94' lang='lat' dir='ltr'>I</span> <span class='ocrx_word' id='word_1_28' title='bbox 558 771 576 824; x_wconf 86' lang='lat'>8</span> <span class='ocrx_word' id='word_1_29' title='bbox 597 761 674 820; x_wconf 78' lang='lat' dir='ltr'><strong><em>liaeo</em></strong></span> <span class='ocrx_word' id='word_1_30' title='bbox 695 760 784 819; x_wconf 85' lang='lat' dir='ltr'><strong><em>dicit:</em></strong></span> <span class='ocrx_word' id='word_1_31' title='bbox 819 779 884 818; x_wconf 86' lang='lat' dir='ltr'><strong><em>nom</em></strong></span> <span class='ocrx_word' id='word_1_32' title='bbox 904 777 1085 834; x_wconf 82' lang='lat' dir='ltr'><strong><em>quoecumque</em></strong></span> <span class='ocrx_word' id='word_1_33' title='bbox 1108 763 1182 832; x_wconf 71' lang='lat' dir='ltr'><strong><em>reaia</em></strong></span> <span class='ocrx_word' id='word_1_34' title='bbox 1204 769 1244 815; x_wconf 84' lang='lat' dir='ltr'><strong><em>ost</em></strong></span> <span class='ocrx_word' id='word_1_35' title='bbox 1268 775 1341 832; x_wconf 85' lang='lat' dir='ltr'><strong><em>quoe</em></strong></span> 
     </span>
     <span class='ocr_line' id='line_1_5' title="bbox 202 862 1341 938; baseline -0.002 -18"><span class='ocrx_word' id='word_1_36' title='bbox 202 869 273 922; x_wconf 84' lang='lat' dir='ltr'><strong><em>iuter</em></strong></span> <span class='ocrx_word' id='word_1_37' title='bbox 293 869 427 922; x_wconf 75' lang='lat' dir='ltr'><strong><em>arcticum</em></strong></span> <span class='ocrx_word' id='word_1_38' title='bbox 449 873 475 922; x_wconf 87' lang='lat' dir='ltr'><strong><em>et</em></strong></span> <span class='ocrx_word' id='word_1_39' title='bbox 488 869 622 922; x_wconf 85' lang='lat' dir='ltr'><strong><em>aestiuum</em></strong></span> <span class='ocrx_word' id='word_1_40' title='bbox 640 867 724 938; x_wconf 77' lang='lat' dir='ltr'><strong><em>finem</em></strong></span> <span class='ocrx_word' id='word_1_41' title='bbox 746 865 878 920; x_wconf 83' lang='lat' dir='ltr'><strong><em>collocato</em></strong></span> <span class='ocrx_word' id='word_1_42' title='bbox 893 870 933 918; x_wconf 81' lang='lat' dir='ltr'><strong><em>est</em></strong></span> <span class='ocrx_word' id='word_1_43' title='bbox 948 879 980 918; x_wconf 82' lang='lat' dir='ltr'><strong><em>ra</em></strong></span> <span class='ocrx_word' id='word_1_44' title='bbox 996 863 1126 918; x_wconf 78' lang='lat' dir='ltr'><strong><em>diuiditur</em></strong></span> <span class='ocrx_word' id='word_1_45' title='bbox 1140 862 1296 934; x_wconf 80' lang='lat' dir='ltr'><strong><em>trifariam,</em></strong></span> <span class='ocrx_word' id='word_1_46' title='bbox 1326 877 1341 918; x_wconf 80' lang='lat' dir='ltr'><strong><em>a</em></strong></span> 
     </span>
     <span class='ocr_line' id='line_1_6' title="bbox 202 964 1340 1042; baseline -0.005 -18"><span class='ocrx_word' id='word_1_47' title='bbox 202 967 301 1040; x_wconf 83' lang='lat' dir='ltr'><strong><em>quibus</em></strong></span> <span class='ocrx_word' id='word_1_48' title='bbox 321 986 377 1024; x_wconf 81' lang='lat' dir='ltr'><strong><em>rrae</em></strong></span> <span class='ocrx_word' id='word_1_49' title='bbox 394 983 468 1042; x_wconf 81' lang='lat' dir='ltr'><strong><em>pars</em></strong></span> <span class='ocrx_word' id='word_1_50' title='bbox 481 967 599 1040; x_wconf 81' lang='lat' dir='ltr'><strong><em>Europa</em></strong></span> <span class='ocrx_word' id='word_1_51' title='bbox 619 969 708 1022; x_wconf 86' lang='lat' dir='ltr'><strong><em>attera</em></strong></span> <span class='ocrx_word' id='word_1_52' title='bbox 723 967 790 1022; x_wconf 81' lang='lat' dir='ltr'><strong><em>Aria</em></strong></span> <span class='ocrx_word' id='word_1_53' title='bbox 811 967 890 1022; x_wconf 81' lang='lat' dir='ltr'><strong><em>tertio</em></strong></span> <span class='ocrx_word' id='word_1_54' title='bbox 903 964 1004 1036; x_wconf 81' lang='lat' dir='ltr'><strong><em>Africa</em></strong></span> <span class='ocrx_word' id='word_1_55' title='bbox 1025 971 1152 1021; x_wconf 84' lang='lat' dir='ltr'><strong><em>uocatur.</em></strong></span> <span class='ocrx_word' id='word_1_56' title='bbox 1196 964 1340 1035; x_wconf 81' lang='lat' dir='ltr'><strong><em>Europam</em></strong></span> 
     </span>
     <span class='ocr_line' id='line_1_7' title="bbox 202 1057 1341 1142; baseline -0.002 -18"><span class='ocrx_word' id='word_1_57' title='bbox 202 1069 287 1142; x_wconf 74' lang='lat' dir='ltr'><strong><em>iqitar</em></strong></span> <span class='ocrx_word' id='word_1_58' title='bbox 302 1070 337 1126; x_wconf 88' lang='lat' dir='ltr'><strong><em>ab</em></strong></span> <span class='ocrx_word' id='word_1_59' title='bbox 353 1069 453 1142; x_wconf 76' lang='lat' dir='ltr'><strong><em>Africa</em></strong></span> <span class='ocrx_word' id='word_1_60' title='bbox 468 1069 563 1126; x_wconf 81' lang='lat' dir='ltr'><strong><em>diuidit</em></strong></span> <span class='ocrx_word' id='word_1_61' title='bbox 577 1085 656 1124; x_wconf 85' lang='lat' dir='ltr'><strong><em>maro</em></strong></span> <span class='ocrx_word' id='word_1_62' title='bbox 677 1067 712 1123; x_wconf 88' lang='lat' dir='ltr'><strong><em>ob</em></strong></span> <span class='ocrx_word' id='word_1_63' title='bbox 733 1057 864 1123; x_wconf 74' lang='lat' dir='ltr'><strong><em>extremis</em></strong></span> <span class='ocrx_word' id='word_1_64' title='bbox 881 1068 979 1122; x_wconf 81' lang='lat' dir='ltr'><strong><em>oceani</em></strong></span> <span class='ocrx_word' id='word_1_65' title='bbox 989 1066 1092 1138; x_wconf 84' lang='lat' dir='ltr'><strong><em>finibus</em></strong></span> <span class='ocrx_word' id='word_1_66' title='bbox 1111 1071 1136 1121; x_wconf 85' lang='lat' dir='ltr'><strong><em>et</em></strong></span> <span class='ocrx_word' id='word_1_67' title='bbox 1153 1064 1283 1122; x_wconf 82' lang='lat' dir='ltr'><strong><em>Herculis</em></strong></span> <span class='ocrx_word' id='word_1_68' title='bbox 1296 1081 1341 1122; x_wconf 91' lang='lat' dir='ltr'><strong><em>co·</em></strong></span> 
     </span>
     <span class='ocr_line' id='line_1_8' title="bbox 202 1167 1341 1243; baseline -0.004 -17"><span class='ocrx_word' id='word_1_69' title='bbox 202 1173 309 1227; x_wconf 83' lang='lat' dir='ltr'><strong><em>lammis.</em></strong></span> <span class='ocrx_word' id='word_1_70' title='bbox 338 1173 432 1228; x_wconf 82' lang='lat' dir='ltr'><strong><em>Asiam</em></strong></span> <span class='ocrx_word' id='word_1_71' title='bbox 447 1188 515 1228; x_wconf 84' lang='lat' dir='ltr'><strong><em>uero</em></strong></span> <span class='ocrx_word' id='word_1_72' title='bbox 530 1178 556 1228; x_wconf 87' lang='lat' dir='ltr'><strong><em>et</em></strong></span> <span class='ocrx_word' id='word_1_73' title='bbox 572 1171 687 1243; x_wconf 77' lang='lat' dir='ltr'><strong><em>Libyam</em></strong></span> <span class='ocrx_word' id='word_1_74' title='bbox 702 1187 764 1224; x_wconf 83' lang='lat' dir='ltr'><strong><em>cam</em></strong></span> <span class='ocrx_word' id='word_1_75' title='bbox 781 1168 902 1240; x_wconf 67' lang='lat' dir='ltr'><strong><em>Aegypto</em></strong></span> <span class='ocrx_word' id='word_1_76' title='bbox 920 1169 1091 1224; x_wconf 72' lang='lat' dir='ltr'><strong><em>distermina!</em></strong></span> <span class='ocrx_word' id='word_1_77' title='bbox 1104 1184 1135 1223; x_wconf 84' lang='lat' dir='ltr'><strong><em>as</em></strong></span> <span class='ocrx_word' id='word_1_78' title='bbox 1152 1167 1210 1224; x_wconf 86' lang='lat' dir='ltr'><strong><em>Niti</em></strong></span> <span class='ocrx_word' id='word_1_79' title='bbox 1218 1169 1341 1240; x_wconf 79' lang='lat' dir='ltr'><strong><em>fluminio</em></strong></span> 
     </span>
     <span class='ocr_line' id='line_1_9' title="bbox 200 1267 1340 1348; baseline 0 -22"><span class='ocrx_word' id='word_1_80' title='bbox 200 1273 276 1346; x_wconf 82' lang='lat' dir='ltr'><strong><em>qaod</em></strong></span> <span class='ocrx_word' id='word_1_81' title='bbox 293 1273 451 1344; x_wconf 77' lang='lat' dir='ltr'><strong><em>Cauopirou</em></strong></span> <span class='ocrx_word' id='word_1_82' title='bbox 474 1274 633 1345; x_wconf 73' lang='lat' dir='ltr'><strong><em>(appellatur</em></strong></span> <span class='ocrx_word' id='word_1_83' title='bbox 656 1289 684 1332; x_wconf 82' lang='lat' dir='ltr'><strong><em>e.</em></strong></span> <span class='ocrx_word' id='word_1_84' title='bbox 704 1289 733 1348; x_wconf 92' lang='lat' dir='ltr'><strong><em>q.</em></strong></span> <span class='ocrx_word' id='word_1_85' title='bbox 750 1289 773 1326; x_wconf 88' lang='lat' dir='ltr'><strong><em>s.</em></strong></span> <span class='ocrx_word' id='word_1_86' title='bbox 820 1269 1051 1347; x_wconf 81' lang='lat' dir='ltr'><strong><em>Europaeorum</em></strong></span> <span class='ocrx_word' id='word_1_87' title='bbox 1076 1268 1168 1344; x_wconf 84' lang='lat' dir='ltr'><strong><em>igitur</em></strong></span> <span class='ocrx_word' id='word_1_88' title='bbox 1189 1287 1294 1344; x_wconf 84' lang='lat' dir='ltr'><strong><em>regum</em></strong></span> <span class='ocrx_word' id='word_1_89' title='bbox 1309 1267 1340 1326; x_wconf 90' lang='lat' dir='ltr'><strong><em>in</em></strong></span> 
     </span>
     <span class='ocr_line' id='line_1_10' title="bbox 202 1359 1338 1443; baseline 0 -15"><span class='ocrx_word' id='word_1_90' title='bbox 202 1372 262 1430; x_wconf 89' lang='lat' dir='ltr'><strong><em>illis</em></strong></span> <span class='ocrx_word' id='word_1_91' title='bbox 278 1371 418 1431; x_wconf 90' lang='lat' dir='ltr'><strong><em>versibus</em></strong></span> <span class='ocrx_word' id='word_1_92' title='bbox 437 1372 519 1432; x_wconf 88' lang='lat' dir='ltr'><strong><em>solus</em></strong></span> <span class='ocrx_word' id='word_1_93' title='bbox 536 1370 672 1430; x_wconf 82' lang='lat' dir='ltr'><strong><em>Caranus</em></strong></span> <span class='ocrx_word' id='word_1_94' title='bbox 691 1359 894 1430; x_wconf 79' lang='lat' dir='ltr'><strong><em>Macedonum</em></strong></span> <span class='ocrx_word' id='word_1_95' title='bbox 911 1390 967 1430; x_wconf 88' lang='lat' dir='ltr'><strong><em>rox</em></strong></span> <span class='ocrx_word' id='word_1_96' title='bbox 990 1367 1175 1443; x_wconf 77' lang='lat' dir='ltr'><strong><em>nominatur,</em></strong></span> <span class='ocrx_word' id='word_1_97' title='bbox 1206 1371 1338 1428; x_wconf 79' lang='lat' dir='ltr'><strong><em>Asiano-</em></strong></span> 
     </span>
     <span class='ocr_line' id='line_1_11' title="bbox 200 1471 1338 1554; baseline 0 -24"><span class='ocrx_word' id='word_1_98' title='bbox 200 1492 264 1530; x_wconf 88' lang='lat' dir='ltr'><strong><em>rum</em></strong></span> <span class='ocrx_word' id='word_1_99' title='bbox 281 1473 363 1532; x_wconf 84' lang='lat' dir='ltr'><strong><em>solus</em></strong></span> <span class='ocrx_word' id='word_1_100' title='bbox 379 1473 560 1532; x_wconf 82' lang='lat' dir='ltr'><strong><em>Parthorum</em></strong></span> <span class='ocrx_word' id='word_1_101' title='bbox 575 1491 629 1532; x_wconf 85' lang='lat' dir='ltr'><strong><em>rex</em></strong></span> <span class='ocrx_word' id='word_1_102' title='bbox 643 1474 796 1548; x_wconf 83' lang='lat' dir='ltr'>Vonones,</span> <span class='ocrx_word' id='word_1_103' title='bbox 812 1473 1032 1554; x_wconf 83' lang='lat' dir='ltr'><strong><em>Aegyptiorum</em></strong></span> <span class='ocrx_word' id='word_1_104' title='bbox 1048 1471 1181 1551; x_wconf 85' lang='lat' dir='ltr'><strong><em>denique</em></strong></span> <span class='ocrx_word' id='word_1_105' title='bbox 1199 1481 1230 1530; x_wconf 89' lang='lat' dir='ltr'><strong><em>et</em></strong></span> <span class='ocrx_word' id='word_1_106' title='bbox 1245 1471 1338 1553; x_wconf 88' lang='lat' dir='ltr'><strong><em>Liby·</em></strong></span> 
     </span>
     <span class='ocr_line' id='line_1_12' title="bbox 203 1575 1337 1656; baseline 0.001 -24"><span class='ocrx_word' id='word_1_107' title='bbox 203 1595 305 1634; x_wconf 84' lang='lat' dir='ltr'><strong><em>coram</em></strong></span> <span class='ocrx_word' id='word_1_108' title='bbox 314 1575 421 1634; x_wconf 81' lang='lat' dir='ltr'><strong><em>Avelis</em></strong></span> <span class='ocrx_word' id='word_1_109' title='bbox 438 1575 579 1649; x_wconf 84' lang='lat' dir='ltr'><strong><em>Numida,</em></strong></span> <span class='ocrx_word' id='word_1_110' title='bbox 597 1576 776 1656; x_wconf 84' lang='lat' dir='ltr'><strong><em>Nechepsus</em></strong></span> <span class='ocrx_word' id='word_1_111' title='bbox 793 1576 962 1652; x_wconf 78' lang='lat' dir='ltr'><strong><em>astrologus</em></strong></span> <span class='ocrx_word' id='word_1_112' title='bbox 978 1575 1031 1633; x_wconf 86' lang='lat' dir='ltr'><strong><em>ille</em></strong></span> <span class='ocrx_word' id='word_1_113' title='bbox 1044 1575 1095 1653; x_wconf 92' lang='lat' dir='ltr'><strong><em>qui</em></strong></span> <span class='ocrx_word' id='word_1_114' title='bbox 1107 1592 1212 1650; x_wconf 84' lang='lat' dir='ltr'><strong><em>magos</em></strong></span> <span class='ocrx_word' id='word_1_115' title='bbox 1225 1582 1337 1654; x_wconf 83' lang='lat' dir='ltr'><strong><em>myste-</em></strong></span> 
     </span>
     <span class='ocr_line' id='line_1_13' title="bbox 201 1675 1339 1744; baseline 0.002 -10"><span class='ocrx_word' id='word_1_116' title='bbox 201 1677 247 1735; x_wconf 89' lang='lat' dir='ltr'><strong><em>ria</em></strong></span> <span class='ocrx_word' id='word_1_117' title='bbox 267 1675 407 1744; x_wconf 83' lang='lat' dir='ltr'><strong><em>docnisso</em></strong></span> <span class='ocrx_word' id='word_1_118' title='bbox 429 1677 539 1737; x_wconf 84' lang='lat' dir='ltr'><strong><em>dieitur</em></strong></span> <span class='ocrx_word' id='word_1_119' title='bbox 558 1687 589 1736; x_wconf 84' lang='lat' dir='ltr'><strong><em>et</em></strong></span> <span class='ocrx_word' id='word_1_120' title='bbox 611 1678 789 1738; x_wconf 69' lang='lat' dir='ltr'><strong><em>sesoostris.</em></strong></span> <span class='ocrx_word' id='word_1_121' title='bbox 824 1687 919 1735; x_wconf 89' lang='lat' dir='ltr'><strong><em>restat</em></strong></span> <span class='ocrx_word' id='word_1_122' title='bbox 945 1697 1000 1735; x_wconf 83' lang='lat' dir='ltr'><strong><em>rex</em></strong></span> <span class='ocrx_word' id='word_1_123' title='bbox 1023 1675 1172 1734; x_wconf 84' lang='lat' dir='ltr'><strong><em>lliibauus</em></strong></span> <span class='ocrx_word' id='word_1_124' title='bbox 1200 1677 1285 1735; x_wconf 84' lang='lat' dir='ltr'><strong><em>cuins</em></strong></span> <span class='ocrx_word' id='word_1_125' title='bbox 1309 1685 1339 1736; x_wconf 87' lang='lat' dir='ltr'><strong><em>et</em></strong></span> 
     </span>
     <span class='ocr_line' id='line_1_14' title="bbox 203 1780 935 1870; baseline -0.003 -32"><span class='ocrx_word' id='word_1_126' title='bbox 203 1799 312 1838; x_wconf 84' lang='lat' dir='ltr'><strong><em>nomeu</em></strong></span> <span class='ocrx_word' id='word_1_127' title='bbox 329 1788 361 1838; x_wconf 88' lang='lat' dir='ltr'><strong><em>et</em></strong></span> <span class='ocrx_word' id='word_1_128' title='bbox 374 1799 502 1856; x_wconf 82' lang='lat' dir='ltr'><strong><em>rognum</em></strong></span> <span class='ocrx_word' id='word_1_129' title='bbox 520 1780 592 1839; x_wconf 88' lang='lat' dir='ltr'><strong><em>mihi</em></strong></span> <span class='ocrx_word' id='word_1_130' title='bbox 607 1780 795 1856; x_wconf 83' lang='lat' dir='ltr'><strong><em>incognitum</em></strong></span> <span class='ocrx_word' id='word_1_131' title='bbox 811 1789 868 1838; x_wconf 85' lang='lat' dir='ltr'><strong><em>est.</em></strong></span> <span class='ocrx_word' id='word_1_132' title='bbox 924 1856 935 1870; x_wconf 72' lang='lat'><em>,</em></span> 
     </span>
    </p>

    <p class='ocr_par' dir='ltr' id='par_1_3' title="bbox 199 1879 1340 2568">
     <span class='ocr_line' id='line_1_15' title="bbox 287 1879 1339 1961; baseline -0.002 -21"><span class='ocrx_word' id='word_1_133' title='bbox 287 1883 415 1941; x_wconf 87' lang='lat' dir='ltr'><strong><em>Praeter·</em></strong></span> <span class='ocrx_word' id='word_1_134' title='bbox 431 1882 632 1942; x_wconf 86' lang='lat' dir='ltr'><strong><em>l’aulininnae</em></strong></span> <span class='ocrx_word' id='word_1_135' title='bbox 652 1903 724 1941; x_wconf 85' lang='lat' dir='ltr'><strong><em>vero</em></strong></span> <span class='ocrx_word' id='word_1_136' title='bbox 743 1883 894 1961; x_wconf 80' lang='lat' dir='ltr'><strong><em>epitomas</em></strong></span> <span class='ocrx_word' id='word_1_137' title='bbox 910 1881 1085 1940; x_wconf 86' lang='lat' dir='ltr'><strong><em>memoriam</em></strong></span> <span class='ocrx_word' id='word_1_138' title='bbox 1105 1898 1254 1959; x_wconf 82' lang='lat' dir='ltr'><strong><em>nusquam</em></strong></span> <span class='ocrx_word' id='word_1_139' title='bbox 1271 1879 1339 1938; x_wconf 86' lang='lat' dir='ltr'><strong><em>iibri</em></strong></span> 
     </span>
     <span class='ocr_line' id='line_1_16' title="bbox 202 1981 1339 2061; baseline 0.002 -21"><span class='ocrx_word' id='word_1_140' title='bbox 202 1981 313 2042; x_wconf 85' lang='lat' dir='ltr'><strong><em>diserte</em></strong></span> <span class='ocrx_word' id='word_1_141' title='bbox 339 1984 451 2042; x_wconf 85' lang='lat' dir='ltr'><strong><em>mentia</em></strong></span> <span class='ocrx_word' id='word_1_142' title='bbox 475 1984 517 2045; x_wconf 89' lang='lat' dir='ltr'><strong><em>fit.</em></strong></span> <span class='ocrx_word' id='word_1_143' title='bbox 550 1985 623 2043; x_wconf 84' lang='lat' dir='ltr'><strong><em>lieet</em></strong></span> <span class='ocrx_word' id='word_1_144' title='bbox 644 1993 745 2044; x_wconf 86' lang='lat' dir='ltr'><strong><em>tamen</em></strong></span> <span class='ocrx_word' id='word_1_145' title='bbox 764 1993 848 2044; x_wconf 83' lang='lat' dir='ltr'><strong><em>certa</em></strong></span> <span class='ocrx_word' id='word_1_146' title='bbox 873 1985 1137 2060; x_wconf 81' lang='lat' dir='ltr'><strong><em>argumentatione</em></strong></span> <span class='ocrx_word' id='word_1_147' title='bbox 1159 1983 1339 2061; x_wconf 85' lang='lat' dir='ltr'><strong><em>particulam</em></strong></span> 
     </span>
     <span class='ocr_line' id='line_1_17' title="bbox 202 2085 1337 2164; baseline 0.002 -22"><span class='ocrx_word' id='word_1_148' title='bbox 202 2086 282 2152; x_wconf 87' lang='lat' dir='ltr'><strong><em>eius,</em></strong></span> <span class='ocrx_word' id='word_1_149' title='bbox 313 2103 393 2162; x_wconf 85' lang='lat' dir='ltr'><strong><em>qnae</em></strong></span> <span class='ocrx_word' id='word_1_150' title='bbox 416 2085 454 2144; x_wconf 88' lang='lat' dir='ltr'><strong><em>de</em></strong></span> <span class='ocrx_word' id='word_1_151' title='bbox 475 2087 694 2164; x_wconf 85' lang='lat' dir='ltr'><strong><em>antiquissimis</em></strong></span> <span class='ocrx_word' id='word_1_152' title='bbox 717 2087 828 2145; x_wconf 87' lang='lat' dir='ltr'><strong><em>Italiae</em></strong></span> <span class='ocrx_word' id='word_1_153' title='bbox 853 2085 954 2146; x_wconf 82' lang='lat' dir='ltr'><strong><em>Albae</em></strong></span> <span class='ocrx_word' id='word_1_154' title='bbox 976 2085 1103 2161; x_wconf 83' lang='lat' dir='ltr'><strong><em>Longae</em></strong></span> <span class='ocrx_word' id='word_1_155' title='bbox 1120 2085 1337 2146; x_wconf 85' lang='lat' dir='ltr'><strong><em>Romanorum·</em></strong></span> 
     </span>
     <span class='ocr_line' id='line_1_18' title="bbox 201 2184 1339 2266; baseline 0.004 -24"><span class='ocrx_word' id='word_1_156' title='bbox 201 2207 260 2266; x_wconf 91' lang='lat' dir='ltr'><strong><em>qne</em></strong></span> <span class='ocrx_word' id='word_1_157' title='bbox 277 2186 402 2262; x_wconf 80' lang='lat' dir='ltr'><strong><em>regibus</em></strong></span> <span class='ocrx_word' id='word_1_158' title='bbox 418 2187 489 2260; x_wconf 83' lang='lat' dir='ltr'><strong><em>suit,</em></strong></span> <span class='ocrx_word' id='word_1_159' title='bbox 508 2207 697 2264; x_wconf 77' lang='lat' dir='ltr'><strong><em>recuperare.</em></strong></span> <span class='ocrx_word' id='word_1_160' title='bbox 724 2197 809 2246; x_wconf 81' lang='lat' dir='ltr'><strong><em>extat</em></strong></span> <span class='ocrx_word' id='word_1_161' title='bbox 824 2189 903 2246; x_wconf 85' lang='lat' dir='ltr'><strong><em>enirn</em></strong></span> <span class='ocrx_word' id='word_1_162' title='bbox 915 2185 994 2264; x_wconf 84' lang='lat' dir='ltr'><strong><em>apud</em></strong></span> <span class='ocrx_word' id='word_1_163' title='bbox 1006 2184 1132 2246; x_wconf 87' lang='lat' dir='ltr'><strong><em>Suidam</em></strong></span> <span class='ocrx_word' id='word_1_164' title='bbox 1147 2186 1203 2244; x_wconf 88' lang='lat' dir='ltr'><strong><em>boo</em></strong></span> <span class='ocrx_word' id='word_1_165' title='bbox 1213 2185 1339 2246; x_wconf 84' lang='lat' dir='ltr'><strong><em>Santoni</em></strong></span> 
     </span>
     <span class='ocr_line' id='line_1_19' title="bbox 201 2275 1340 2366; baseline 0 -22"><span class='ocrx_word' id='word_1_166' title='bbox 201 2287 400 2364; x_wconf 81' lang='lat' dir='ltr'><strong><em>fragmentum</em></strong></span> <span class='ocrx_word' id='word_1_167' title='bbox 413 2287 489 2366; x_wconf 81' lang='lat'><strong>(179)</strong></span> <span class='ocrx_word' id='word_1_168' title='bbox 507 2309 568 2347; x_wconf 83' lang='lat' dir='ltr'><strong><em>av.</em></strong></span> <span class='ocrx_word' id='word_1_169' title='bbox 591 2277 733 2362; x_wconf 75' lang='grc' dir='ltr'>ἅσσάριαε</span> <span class='ocrx_word' id='word_1_170' title='bbox 757 2277 883 2364; x_wconf 79' lang='grc' dir='ltr'>ἆσσιίρισ</span> <span class='ocrx_word' id='word_1_171' title='bbox 900 2277 1008 2363; x_wconf 76' lang='grc' dir='ltr'><strong><em>ὀβολοί.</em></strong></span> <span class='ocrx_word' id='word_1_172' title='bbox 1030 2287 1177 2363; x_wconf 82' lang='grc' dir='ltr'><strong><em>Νουμμᾶς</em></strong></span> <span class='ocrx_word' id='word_1_173' title='bbox 1193 2275 1209 2346; x_wconf 86' lang='grc' dir='ltr'><strong>ὁ</strong></span> <span class='ocrx_word' id='word_1_174' title='bbox 1225 2287 1340 2364; x_wconf 78' lang='grc' dir='ltr'><strong><em>πρῶτος</em></strong></span> 
     </span>
     <span class='ocr_line' id='line_1_20' title="bbox 199 2377 1339 2468; baseline 0.003 -23"><span class='ocrx_word' id='word_1_175' title='bbox 199 2379 420 2465; x_wconf 63' lang='lat' dir='ltr'><strong><em>essarrorum&amp;</em></strong></span> <span class='ocrx_word' id='word_1_176' title='bbox 434 2379 579 2466; x_wconf 80' lang='grc' dir='ltr'><strong><em>Ῥώμυλσν</em></strong></span> <span class='ocrx_word' id='word_1_177' title='bbox 590 2380 738 2466; x_wconf 81' lang='grc' dir='ltr'><strong><em>Ῥωμαίων</em></strong></span> <span class='ocrx_word' id='word_1_178' title='bbox 752 2379 879 2468; x_wconf 75' lang='grc' dir='ltr'><strong><em>γεγονώς</em></strong></span> <span class='ocrx_word' id='word_1_179' title='bbox 890 2377 949 2448; x_wconf 68' lang='grc' dir='ltr'><strong><em>ἀπὸ</em></strong></span> <span class='ocrx_word' id='word_1_180' title='bbox 962 2383 1086 2464; x_wconf 78' lang='grc' dir='ltr'><strong><em>σιδήρου</em></strong></span> <span class='ocrx_word' id='word_1_181' title='bbox 1097 2385 1147 2446; x_wconf 85' lang='grc' dir='ltr'><strong><em>καί</em></strong></span> <span class='ocrx_word' id='word_1_182' title='bbox 1159 2389 1270 2465; x_wconf 76' lang='grc' dir='ltr'><strong><em>χαλκοῦ</em></strong></span> <span class='ocrx_word' id='word_1_183' title='bbox 1288 2409 1339 2448; x_wconf 82' lang='lat' dir='ltr'><strong><em>mr-</em></strong></span> 
     </span>
     <span class='ocr_line' id='line_1_21' title="bbox 200 2479 1339 2568; baseline -0.002 -18"><span class='ocrx_word' id='word_1_184' title='bbox 200 2487 346 2567; x_wconf 79' lang='grc' dir='ltr'>ποιημένα</span> <span class='ocrx_word' id='word_1_185' title='bbox 375 2491 490 2564; x_wconf 79' lang='grc' dir='ltr'><em>πρῶτος</em></span> <span class='ocrx_word' id='word_1_186' title='bbox 511 2488 669 2568; x_wconf 77' lang='grc' dir='ltr'><strong><em>’ἐχαρίσατο</em></strong></span> <span class='ocrx_word' id='word_1_187' title='bbox 692 2481 842 2568; x_wconf 82' lang='grc' dir='ltr'>Ῥωμαίοις</span> <span class='ocrx_word' id='word_1_188' title='bbox 866 2491 925 2550; x_wconf 76' lang='grc' dir='ltr'><strong><em>τῶν</em></strong></span> <span class='ocrx_word' id='word_1_189' title='bbox 948 2479 1006 2564; x_wconf 74' lang='grc' dir='ltr'><strong><em>πρὸ</em></strong></span> <span class='ocrx_word' id='word_1_190' title='bbox 1029 2481 1123 2550; x_wconf 78' lang='grc' dir='ltr'><em>αὐτοῦ</em></span> <span class='ocrx_word' id='word_1_191' title='bbox 1145 2481 1266 2550; x_wconf 79' lang='grc' dir='ltr'>ιισίνιισυ</span> <span class='ocrx_word' id='word_1_192' title='bbox 1290 2482 1339 2550; x_wconf 70' lang='grc' dir='ltr'><strong><em>διὰ</em></strong></span> 
     </span>
    </p>
   </div>
   <div class='ocr_carea' id='block_1_3' title="bbox 187 2579 1340 3192">
    <p class='ocr_par' dir='ltr' id='par_1_4' title="bbox 187 2579 1340 3192">
     <span class='ocr_line' id='line_1_22' title="bbox 199 2579 1339 2674; baseline 0.003 -25"><span class='ocrx_word' id='word_1_193' title='bbox 199 2592 345 2651; x_wconf 72' lang='grc' dir='ltr'><strong><em>σκυτίνων</em></strong></span> <span class='ocrx_word' id='word_1_194' title='bbox 362 2589 412 2650; x_wconf 84' lang='grc' dir='ltr'><strong><em>καὶ</em></strong></span> <span class='ocrx_word' id='word_1_195' title='bbox 430 2585 612 2674; x_wconf 78' lang='grc' dir='ltr'><strong><em>ὀστρακίνων</em></strong></span> <span class='ocrx_word' id='word_1_196' title='bbox 632 2583 685 2669; x_wconf 72' lang='grc' dir='ltr'><strong><em>τήν</em></strong></span> <span class='ocrx_word' id='word_1_197' title='bbox 702 2593 802 2672; x_wconf 81' lang='grc' dir='ltr'><strong><em>χρείαν</em></strong></span> <span class='ocrx_word' id='word_1_198' title='bbox 817 2584 1025 2670; x_wconf 77' lang='lat' dir='ltr'><strong><em>mtqaou&#39;vrrov·</em></strong></span> <span class='ocrx_word' id='word_1_199' title='bbox 1045 2583 1119 2663; x_wconf 70' lang='lat' dir='ltr'><strong><em>bimae</em></strong></span> <span class='ocrx_word' id='word_1_200' title='bbox 1136 2579 1291 2669; x_wconf 70' lang='grc' dir='ltr'><strong><em>ὠνόμασεν</em></strong></span> <span class='ocrx_word' id='word_1_201' title='bbox 1307 2591 1339 2653; x_wconf 58' lang='lat' dir='ltr'><strong><em>{a</em></strong></span> 
     </span>
     <span class='ocr_line' id='line_1_23' title="bbox 200 2685 1338 2775; baseline 0.004 -23"><span class='ocrx_word' id='word_1_202' title='bbox 200 2695 251 2754; x_wconf 83' lang='grc' dir='ltr'><strong><em>τοῦ</em></strong></span> <span class='ocrx_word' id='word_1_203' title='bbox 263 2692 340 2753; x_wconf 79' lang='grc' dir='ltr'><strong><em>ἰδίου</em></strong></span> <span class='ocrx_word' id='word_1_204' title='bbox 353 2685 494 2772; x_wconf 79' lang='grc' dir='ltr'><strong><em>ὀνόματος</em></strong></span> <span class='ocrx_word' id='word_1_205' title='bbox 509 2695 655 2773; x_wconf 83' lang='grc' dir='ltr'><strong><em>υουμμίσ,</em></strong></span> <span class='ocrx_word' id='word_1_206' title='bbox 674 2691 713 2766; x_wconf 78' lang='grc' dir='ltr'><strong><em>ὥς</em></strong></span> <span class='ocrx_word' id='word_1_207' title='bbox 729 2711 800 2770; x_wconf 80' lang='grc' dir='ltr'>φησι</span> <span class='ocrx_word' id='word_1_208' title='bbox 819 2689 1016 2774; x_wconf 76' lang='grc' dir='ltr'><strong><em>Τράγιυλίος.</em></strong></span> <span class='ocrx_word' id='word_1_209' title='bbox 1050 2695 1157 2755; x_wconf 84' lang='lat' dir='ltr'><strong><em>eadem</em></strong></span> <span class='ocrx_word' id='word_1_210' title='bbox 1172 2691 1265 2775; x_wconf 78' lang='lat' dir='ltr'><strong><em>plana</em></strong></span> <span class='ocrx_word' id='word_1_211' title='bbox 1281 2697 1338 2756; x_wconf 86' lang='lat' dir='ltr'><strong><em>Co·</em></strong></span> 
     </span>
     <span class='ocr_line' id='line_1_24' title="bbox 200 2797 1340 2878; baseline 0.002 -22"><span class='ocrx_word' id='word_1_212' title='bbox 200 2797 313 2856; x_wconf 88' lang='lat' dir='ltr'><strong><em>drenns</em></strong></span> <span class='ocrx_word' id='word_1_213' title='bbox 326 2798 418 2858; x_wconf 84' lang='lat' dir='ltr'><strong><em>babet</em></strong></span> <span class='ocrx_word' id='word_1_214' title='bbox 428 2799 444 2856; x_wconf 91' lang='lat' dir='ltr'>I</span> <span class='ocrx_word' id='word_1_215' title='bbox 455 2819 484 2877; x_wconf 87' lang='lat' dir='ltr'><strong><em>p.</em></strong></span> <span class='ocrx_word' id='word_1_216' title='bbox 497 2808 557 2862; x_wconf 72' lang='lat'><strong>260.</strong></span> <span class='ocrx_word' id='word_1_217' title='bbox 567 2809 615 2862; x_wconf 81' lang='lat'><strong><em>801</em></strong></span> <span class='ocrx_word' id='word_1_218' title='bbox 628 2843 634 2870; x_wconf 85' lang='lat'>,</span> <span class='ocrx_word' id='word_1_219' title='bbox 649 2800 707 2858; x_wconf 84' lang='lat' dir='ltr'><strong><em>nisi</em></strong></span> <span class='ocrx_word' id='word_1_220' title='bbox 722 2797 804 2878; x_wconf 84' lang='lat' dir='ltr'><strong><em>quod</em></strong></span> <span class='ocrx_word' id='word_1_221' title='bbox 817 2798 944 2858; x_wconf 80' lang='lat' dir='ltr'><strong><em>Santoni</em></strong></span> <span class='ocrx_word' id='word_1_222' title='bbox 956 2817 1066 2858; x_wconf 88' lang='lat' dir='ltr'><strong><em>nomeu</em></strong></span> <span class='ocrx_word' id='word_1_223' title='bbox 1079 2799 1189 2857; x_wconf 85' lang='lat' dir='ltr'><strong><em>amisit.</em></strong></span> <span class='ocrx_word' id='word_1_224' title='bbox 1213 2800 1340 2860; x_wconf 82' lang='lat' dir='ltr'><strong><em>Santoni</em></strong></span> 
     </span>
     <span class='ocr_line' id='line_1_25' title="bbox 200 2900 1339 2978; baseline 0.004 -22"><span class='ocrx_word' id='word_1_225' title='bbox 200 2921 272 2958; x_wconf 87' lang='lat' dir='ltr'><strong><em>veru</em></strong></span> <span class='ocrx_word' id='word_1_226' title='bbox 287 2900 488 2978; x_wconf 75' lang='lat' dir='ltr'><strong><em>fragmentum</em></strong></span> <span class='ocrx_word' id='word_1_227' title='bbox 503 2911 533 2960; x_wconf 87' lang='lat' dir='ltr'><strong><em>et</em></strong></span> <span class='ocrx_word' id='word_1_228' title='bbox 543 2901 653 2962; x_wconf 87' lang='lat' dir='ltr'><strong><em>Suidas</em></strong></span> <span class='ocrx_word' id='word_1_229' title='bbox 666 2911 697 2962; x_wconf 87' lang='lat' dir='ltr'><strong><em>et</em></strong></span> <span class='ocrx_word' id='word_1_230' title='bbox 709 2901 868 2960; x_wconf 77' lang='lat' dir='ltr'><strong><em>Cedrenas</em></strong></span> <span class='ocrx_word' id='word_1_231' title='bbox 882 2921 920 2960; x_wconf 89' lang='lat' dir='ltr'><strong><em>ox</em></strong></span> <span class='ocrx_word' id='word_1_232' title='bbox 931 2900 1045 2960; x_wconf 86' lang='lat' dir='ltr'><strong><em>loanue</em></strong></span> <span class='ocrx_word' id='word_1_233' title='bbox 1059 2901 1250 2960; x_wconf 82' lang='lat' dir='ltr'><strong><em>Antiocheno</em></strong></span> <span class='ocrx_word' id='word_1_234' title='bbox 1265 2902 1339 2962; x_wconf 86' lang='lat' dir='ltr'><strong><em>ban-</em></strong></span> 
     </span>
     <span class='ocr_line' id='line_1_26' title="bbox 199 3003 1338 3084; baseline 0.002 -24"><span class='ocrx_word' id='word_1_235' title='bbox 199 3013 318 3076; x_wconf 84' lang='lat' dir='ltr'><strong><em>serunt‚</em></strong></span> <span class='ocrx_word' id='word_1_236' title='bbox 335 3003 365 3060; x_wconf 92' lang='lat' dir='ltr'><strong><em>in</em></strong></span> <span class='ocrx_word' id='word_1_237' title='bbox 382 3005 467 3064; x_wconf 85' lang='lat' dir='ltr'><strong><em>euius</em></strong></span> <span class='ocrx_word' id='word_1_238' title='bbox 480 3006 633 3082; x_wconf 75' lang='lat' dir='ltr'><strong><em>excerptis</em></strong></span> <span class='ocrx_word' id='word_1_239' title='bbox 651 3004 801 3082; x_wconf 80' lang='lat' dir='ltr'><strong><em>(Mueller.</em></strong></span> <span class='ocrx_word' id='word_1_240' title='bbox 816 3005 923 3080; x_wconf 85' lang='lat' dir='ltr'><strong><em>fragm.</em></strong></span> <span class='ocrx_word' id='word_1_241' title='bbox 935 3003 1002 3062; x_wconf 88' lang='lat' dir='ltr'><strong><em>hist.</em></strong></span> <span class='ocrx_word' id='word_1_242' title='bbox 1023 3003 1133 3062; x_wconf 86' lang='lat' dir='ltr'><strong><em>Graec.</em></strong></span> <span class='ocrx_word' id='word_1_243' title='bbox 1150 3004 1215 3062; x_wconf 86' lang='lat'><em>1111</em></span> <span class='ocrx_word' id='word_1_244' title='bbox 1232 3025 1261 3084; x_wconf 85' lang='lat' dir='ltr'><strong><em>p.</em></strong></span> <span class='ocrx_word' id='word_1_245' title='bbox 1278 3016 1338 3068; x_wconf 82' lang='lat'>553.</span> 
     </span>
     <span class='ocr_line' id='line_1_27' title="bbox 187 3105 1339 3192; baseline 0.003 -30"><span class='ocrx_word' id='word_1_246' title='bbox 187 3105 247 3192; x_wconf 89' lang='lat'><strong><em>33)</em></strong></span> <span class='ocrx_word' id='word_1_247' title='bbox 265 3105 372 3162; x_wconf 76' lang='lat' dir='ltr'><strong><em>eadem</em></strong></span> <span class='ocrx_word' id='word_1_248' title='bbox 388 3108 531 3165; x_wconf 82' lang='lat' dir='ltr'><strong><em>merneria</em></strong></span> <span class='ocrx_word' id='word_1_249' title='bbox 547 3108 668 3184; x_wconf 85' lang='lat' dir='ltr'><strong><em>legitur,</em></strong></span> <span class='ocrx_word' id='word_1_250' title='bbox 684 3106 737 3166; x_wconf 80' lang='lat' dir='ltr'><strong><em>soti</em></strong></span> <span class='ocrx_word' id='word_1_251' title='bbox 755 3117 785 3165; x_wconf 89' lang='lat' dir='ltr'><strong><em>et</em></strong></span> <span class='ocrx_word' id='word_1_252' title='bbox 802 3107 851 3164; x_wconf 83' lang='lat' dir='ltr'><strong><em>bis</em></strong></span> <span class='ocrx_word' id='word_1_253' title='bbox 868 3127 886 3163; x_wconf 90' lang='lat' dir='ltr'><strong><em>a</em></strong></span> <span class='ocrx_word' id='word_1_254' title='bbox 903 3105 1076 3166; x_wconf 76' lang='lat' dir='ltr'><strong><em>brevietate</em></strong></span> <span class='ocrx_word' id='word_1_255' title='bbox 1089 3105 1215 3164; x_wconf 88' lang='lat' dir='ltr'><strong><em>Suetuni</em></strong></span> <span class='ocrx_word' id='word_1_256' title='bbox 1229 3127 1339 3166; x_wconf 88' lang='lat' dir='ltr'><strong><em>namen</em></strong></span> 
     </span>
    </p>
   </div>
   <div class='ocr_carea' id='block_1_4' title="bbox 197 3206 1378 4307">
    <p class='ocr_par' dir='ltr' id='par_1_5' title="bbox 197 3206 1378 4307">
     <span class='ocr_line' id='line_1_28' title="bbox 200 3206 1339 3288; baseline 0.002 -24"><span class='ocrx_word' id='word_1_257' title='bbox 200 3217 350 3264; x_wconf 76' lang='lat' dir='ltr'><strong><em>resectum</em></strong></span> <span class='ocrx_word' id='word_1_258' title='bbox 368 3216 423 3266; x_wconf 78' lang='lat' dir='ltr'><strong><em>est.</em></strong></span> <span class='ocrx_word' id='word_1_259' title='bbox 456 3209 646 3287; x_wconf 85' lang='lat' dir='ltr'><strong><em>praecedunt</em></strong></span> <span class='ocrx_word' id='word_1_260' title='bbox 669 3207 750 3288; x_wconf 86' lang='lat' dir='ltr'><strong><em>apud</em></strong></span> <span class='ocrx_word' id='word_1_261' title='bbox 773 3229 840 3267; x_wconf 88' lang='lat' dir='ltr'><strong><em>eum</em></strong></span> <span class='ocrx_word' id='word_1_262' title='bbox 864 3227 942 3288; x_wconf 89' lang='lat' dir='ltr'><strong><em>quae</em></strong></span> <span class='ocrx_word' id='word_1_263' title='bbox 960 3229 1051 3285; x_wconf 76' lang='lat' dir='ltr'><strong><em>siqua</em></strong></span> <span class='ocrx_word' id='word_1_264' title='bbox 1066 3206 1142 3266; x_wconf 87' lang='lat' dir='ltr'><strong><em>libro</em></strong></span> <span class='ocrx_word' id='word_1_265' title='bbox 1165 3208 1339 3284; x_wconf 85' lang='lat' dir='ltr'><strong><em>degenere</em></strong></span> 
     </span>
     <span class='ocr_line' id='line_1_29' title="bbox 200 3308 1339 3389; baseline 0.001 -23"><span class='ocrx_word' id='word_1_266' title='bbox 200 3310 329 3366; x_wconf 81' lang='lat' dir='ltr'><strong><em>vestium</em></strong></span> <span class='ocrx_word' id='word_1_267' title='bbox 352 3308 508 3389; x_wconf 79' lang='lat' dir='ltr'><strong><em>adscripta</em></strong></span> <span class='ocrx_word' id='word_1_268' title='bbox 528 3321 615 3383; x_wconf 82' lang='lat' dir='ltr'><strong><em>sunt,</em></strong></span> <span class='ocrx_word' id='word_1_269' title='bbox 637 3331 704 3369; x_wconf 85' lang='lat' dir='ltr'><strong><em>enm</em></strong></span> <span class='ocrx_word' id='word_1_270' title='bbox 728 3311 758 3368; x_wconf 92' lang='lat' dir='ltr'><strong><em>in</em></strong></span> <span class='ocrx_word' id='word_1_271' title='bbox 781 3311 826 3368; x_wconf 82' lang='lat' dir='ltr'><strong><em>eis</em></strong></span> <span class='ocrx_word' id='word_1_272' title='bbox 851 3309 890 3368; x_wconf 86' lang='lat' dir='ltr'><strong><em>de</em></strong></span> <span class='ocrx_word' id='word_1_273' title='bbox 913 3309 1129 3368; x_wconf 83' lang='lat' dir='ltr'><strong><em>calceamentis</em></strong></span> <span class='ocrx_word' id='word_1_274' title='bbox 1144 3310 1339 3388; x_wconf 85' lang='lat' dir='ltr'><strong><em>patriciorum</em></strong></span> 
     </span>
     <span class='ocr_line' id='line_1_30' title="bbox 200 3409 1338 3489; baseline 0.003 -22"><span class='ocrx_word' id='word_1_275' title='bbox 200 3409 418 3489; x_wconf 81' lang='lat' dir='ltr'><strong><em>disputaretur,</em></strong></span> <span class='ocrx_word' id='word_1_276' title='bbox 441 3411 579 3471; x_wconf 79' lang='lat' dir='ltr'><strong><em>subiecta</em></strong></span> <span class='ocrx_word' id='word_1_277' title='bbox 601 3421 702 3470; x_wconf 86' lang='lat' dir='ltr'><strong><em>antem</em></strong></span> <span class='ocrx_word' id='word_1_278' title='bbox 730 3423 776 3470; x_wconf 80' lang='lat' dir='ltr'><strong><em>ost</em></strong></span> <span class='ocrx_word' id='word_1_279' title='bbox 798 3413 932 3470; x_wconf 87' lang='lat' dir='ltr'><strong><em>narratio</em></strong></span> <span class='ocrx_word' id='word_1_280' title='bbox 954 3410 990 3469; x_wconf 85' lang='lat' dir='ltr'><strong><em>do</em></strong></span> <span class='ocrx_word' id='word_1_281' title='bbox 1009 3410 1078 3470; x_wconf 83' lang='lat' dir='ltr'><strong><em>aliis</em></strong></span> <span class='ocrx_word' id='word_1_282' title='bbox 1097 3412 1216 3470; x_wconf 83' lang='lat' dir='ltr'><strong><em>Numae</em></strong></span> <span class='ocrx_word' id='word_1_283' title='bbox 1233 3412 1338 3470; x_wconf 85' lang='lat' dir='ltr'><strong><em>inven-</em></strong></span> 
     </span>
     <span class='ocr_line' id='line_1_31' title="bbox 198 3512 1338 3592; baseline 0.001 -22"><span class='ocrx_word' id='word_1_284' title='bbox 198 3513 252 3585; x_wconf 88' lang='lat' dir='ltr'><strong><em>tis,</em></strong></span> <span class='ocrx_word' id='word_1_285' title='bbox 269 3533 348 3592; x_wconf 89' lang='lat' dir='ltr'><strong><em>qnae</em></strong></span> <span class='ocrx_word' id='word_1_286' title='bbox 364 3533 452 3573; x_wconf 84' lang='lat' dir='ltr'><strong><em>nemo</em></strong></span> <span class='ocrx_word' id='word_1_287' title='bbox 469 3513 620 3572; x_wconf 88' lang='lat' dir='ltr'><strong><em>dubitabit</em></strong></span> <span class='ocrx_word' id='word_1_288' title='bbox 636 3515 708 3592; x_wconf 89' lang='lat' dir='ltr'><strong><em>quin</em></strong></span> <span class='ocrx_word' id='word_1_289' title='bbox 723 3515 791 3572; x_wconf 76' lang='lat' dir='ltr'><strong><em>oiim</em></strong></span> <span class='ocrx_word' id='word_1_290' title='bbox 803 3513 901 3572; x_wconf 87' lang='lat' dir='ltr'><strong><em>eidem</em></strong></span> <span class='ocrx_word' id='word_1_291' title='bbox 915 3515 1030 3572; x_wconf 86' lang='lat' dir='ltr'><strong><em>auctori</em></strong></span> <span class='ocrx_word' id='word_1_292' title='bbox 1042 3523 1103 3571; x_wconf 89' lang='lat' dir='ltr'><strong><em>tum</em></strong></span> <span class='ocrx_word' id='word_1_293' title='bbox 1116 3512 1187 3571; x_wconf 85' lang='lat' dir='ltr'><strong><em>baio</em></strong></span> <span class='ocrx_word' id='word_1_294' title='bbox 1203 3512 1279 3570; x_wconf 87' lang='lat' dir='ltr'><strong><em>libro</em></strong></span> <span class='ocrx_word' id='word_1_295' title='bbox 1300 3513 1338 3571; x_wconf 85' lang='lat' dir='ltr'><strong><em>ds</em></strong></span> 
     </span>
     <span class='ocr_line' id='line_1_32' title="bbox 198 3613 1378 3694; baseline 0.003 -22"><span class='ocrx_word' id='word_1_296' title='bbox 198 3613 320 3690; x_wconf 83' lang='lat' dir='ltr'><strong><em>regibus</em></strong></span> <span class='ocrx_word' id='word_1_297' title='bbox 336 3615 494 3674; x_wconf 74' lang='lat' dir='ltr'><strong><em>(latinator.</em></strong></span> <span class='ocrx_word' id='word_1_298' title='bbox 529 3615 608 3674; x_wconf 89' lang='lat' dir='ltr'><strong><em>idem</em></strong></span> <span class='ocrx_word' id='word_1_299' title='bbox 630 3616 933 3693; x_wconf 81' lang='lat' dir='ltr'><strong><em>ingenium-spirant,</em></strong></span> <span class='ocrx_word' id='word_1_300' title='bbox 956 3635 1035 3694; x_wconf 86' lang='lat' dir='ltr'><strong><em>qnae</em></strong></span> <span class='ocrx_word' id='word_1_301' title='bbox 1061 3614 1099 3674; x_wconf 90' lang='lat' dir='ltr'><strong><em>de</em></strong></span> <span class='ocrx_word' id='word_1_302' title='bbox 1117 3615 1267 3694; x_wconf 86' lang='lat' dir='ltr'><strong><em>Tarquini</em></strong></span> <span class='ocrx_word' id='word_1_303' title='bbox 1282 3613 1339 3674; x_wconf 86' lang='lat' dir='ltr'><strong><em>Sa-</em></strong></span> <span class='ocrx_word' id='word_1_304' title='bbox 1375 3669 1378 3676; x_wconf 88' lang='lat'><em>.</em></span> 
     </span>
     <span class='ocr_line' id='line_1_33' title="bbox 198 3709 1340 3794; baseline 0 -20"><span class='ocrx_word' id='word_1_305' title='bbox 198 3717 284 3794; x_wconf 85' lang='lat' dir='ltr'><strong><em>perbi</em></strong></span> <span class='ocrx_word' id='word_1_306' title='bbox 306 3719 439 3776; x_wconf 85' lang='lat' dir='ltr'><strong><em>inventis</em></strong></span> <span class='ocrx_word' id='word_1_307' title='bbox 461 3718 500 3775; x_wconf 87' lang='lat' dir='ltr'><strong><em>ab</em></strong></span> <span class='ocrx_word' id='word_1_308' title='bbox 522 3718 636 3778; x_wconf 85' lang='lat' dir='ltr'><strong><em>Ioanne</em></strong></span> <span class='ocrx_word' id='word_1_309' title='bbox 653 3719 674 3777; x_wconf 94' lang='lat' dir='ltr'><strong><em>l.</em></strong></span> <span class='ocrx_word' id='word_1_310' title='bbox 693 3741 718 3776; x_wconf 87' lang='lat' dir='ltr'><strong><em>e.</em></strong></span> <span class='ocrx_word' id='word_1_311' title='bbox 735 3719 923 3777; x_wconf 83' lang='lat' dir='ltr'><strong><em>referuntur:</em></strong></span> <span class='ocrx_word' id='word_1_312' title='bbox 951 3709 1042 3792; x_wconf 74' lang='grc' dir='ltr'>δεσμά</span> <span class='ocrx_word' id='word_1_313' title='bbox 1068 3735 1098 3774; x_wconf 82' lang='grc' dir='ltr'><strong><em>τε</em></strong></span> <span class='ocrx_word' id='word_1_314' title='bbox 1126 3713 1177 3776; x_wconf 83' lang='grc' dir='ltr'><strong><em>καί</em></strong></span> <span class='ocrx_word' id='word_1_315' title='bbox 1197 3709 1340 3794; x_wconf 73' lang='grc' dir='ltr'>μάστιγας</span> 
     </span>
     <span class='ocr_line' id='line_1_34' title="bbox 197 3808 1338 3896; baseline 0.004 -22"><span class='ocrx_word' id='word_1_316' title='bbox 197 3819 315 3890; x_wconf 82' lang='grc' dir='ltr'><strong><em>κλσίσυς</em></strong></span> <span class='ocrx_word' id='word_1_317' title='bbox 332 3819 467 3892; x_wconf 79' lang='grc' dir='ltr'><strong><em>ξυλίνους</em></strong></span> <span class='ocrx_word' id='word_1_318' title='bbox 480 3816 530 3878; x_wconf 85' lang='grc' dir='ltr'><strong><em>καί</em></strong></span> <span class='ocrx_word' id='word_1_319' title='bbox 543 3819 682 3896; x_wconf 77' lang='grc' dir='ltr'><strong><em>σιδηροῦς</em></strong></span> <span class='ocrx_word' id='word_1_320' title='bbox 694 3816 784 3890; x_wconf 77' lang='grc' dir='ltr'><strong><em>πέδας</em></strong></span> <span class='ocrx_word' id='word_1_321' title='bbox 796 3808 915 3891; x_wconf 74' lang='grc' dir='ltr'>ἁλύσεις</span> <span class='ocrx_word' id='word_1_322' title='bbox 929 3816 1056 3894; x_wconf 72' lang='grc' dir='ltr'><strong><em>μέταλλα</em></strong></span> <span class='ocrx_word' id='word_1_323' title='bbox 1066 3813 1116 3876; x_wconf 81' lang='grc' dir='ltr'><strong><em>καί</em></strong></span> <span class='ocrx_word' id='word_1_324' title='bbox 1129 3814 1244 3896; x_wconf 78' lang='grc' dir='ltr'><strong><em>ἐξορίαν</em></strong></span> <span class='ocrx_word' id='word_1_325' title='bbox 1254 3815 1338 3895; x_wconf 73' lang='grc' dir='ltr'><strong><em>ἐφευ-</em></strong></span> 
     </span>
     <span class='ocr_line' id='line_1_35' title="bbox 197 3913 1337 4002; baseline 0.002 -24"><span class='ocrx_word' id='word_1_326' title='bbox 197 3913 268 3995; x_wconf 76' lang='grc' dir='ltr'><strong><em>ρσίν.</em></strong></span> <span class='ocrx_word' id='word_1_327' title='bbox 296 3922 356 3980; x_wconf 89' lang='lat' dir='ltr'><strong><em>iam</em></strong></span> <span class='ocrx_word' id='word_1_328' title='bbox 375 3943 447 3980; x_wconf 87' lang='lat' dir='ltr'><strong><em>vero</em></strong></span> <span class='ocrx_word' id='word_1_329' title='bbox 463 3922 540 3982; x_wconf 84' lang='lat' dir='ltr'><strong><em>baeu</em></strong></span> <span class='ocrx_word' id='word_1_330' title='bbox 555 3923 673 3981; x_wconf 77' lang='lat' dir='ltr'><strong><em>intexta</em></strong></span> <span class='ocrx_word' id='word_1_331' title='bbox 694 3931 763 3981; x_wconf 89' lang='lat' dir='ltr'><strong><em>sunt</em></strong></span> <span class='ocrx_word' id='word_1_332' title='bbox 786 3923 984 4000; x_wconf 84' lang='lat' dir='ltr'><strong><em>plenissimae</em></strong></span> <span class='ocrx_word' id='word_1_333' title='bbox 999 3922 1161 3982; x_wconf 86' lang='lat' dir='ltr'><strong><em>memoriae</em></strong></span> <span class='ocrx_word' id='word_1_334' title='bbox 1179 3941 1269 4002; x_wconf 88' lang='lat' dir='ltr'><strong><em>quam</em></strong></span> <span class='ocrx_word' id='word_1_335' title='bbox 1290 3942 1337 3981; x_wconf 89' lang='lat' dir='ltr'><strong><em>su·</em></strong></span> 
     </span>
     <span class='ocr_line' id='line_1_36' title="bbox 197 4024 1338 4104; baseline 0.004 -24"><span class='ocrx_word' id='word_1_336' title='bbox 197 4042 253 4100; x_wconf 89' lang='lat' dir='ltr'><strong><em>pro</em></strong></span> <span class='ocrx_word' id='word_1_337' title='bbox 267 4024 439 4100; x_wconf 84' lang='lat' dir='ltr'><strong><em>significavi</em></strong></span> <span class='ocrx_word' id='word_1_338' title='bbox 455 4024 493 4082; x_wconf 89' lang='lat' dir='ltr'><strong><em>de</em></strong></span> <span class='ocrx_word' id='word_1_339' title='bbox 511 4025 726 4104; x_wconf 86' lang='lat' dir='ltr'><strong><em>antiquissimis</em></strong></span> <span class='ocrx_word' id='word_1_340' title='bbox 739 4025 848 4085; x_wconf 84' lang='lat' dir='ltr'><strong><em>Italiae</em></strong></span> <span class='ocrx_word' id='word_1_341' title='bbox 864 4024 964 4084; x_wconf 83' lang='lat' dir='ltr'><strong><em>Albae</em></strong></span> <span class='ocrx_word' id='word_1_342' title='bbox 979 4025 1106 4101; x_wconf 85' lang='lat' dir='ltr'><strong><em>Longas</em></strong></span> <span class='ocrx_word' id='word_1_343' title='bbox 1121 4024 1338 4084; x_wconf 87' lang='lat' dir='ltr'><strong><em>Romanorum-</em></strong></span> 
     </span>
     <span class='ocr_line' id='line_1_37' title="bbox 198 4125 1337 4206; baseline 0.002 -24"><span class='ocrx_word' id='word_1_344' title='bbox 198 4145 257 4203; x_wconf 86' lang='lat' dir='ltr'><strong><em>que</em></strong></span> <span class='ocrx_word' id='word_1_345' title='bbox 273 4125 396 4203; x_wconf 86' lang='lat' dir='ltr'><strong><em>regibus</em></strong></span> <span class='ocrx_word' id='word_1_346' title='bbox 412 4127 442 4185; x_wconf 91' lang='lat' dir='ltr'><strong><em>in</em></strong></span> <span class='ocrx_word' id='word_1_347' title='bbox 460 4127 598 4186; x_wconf 86' lang='lat' dir='ltr'><strong><em>chronico</em></strong></span> <span class='ocrx_word' id='word_1_348' title='bbox 618 4126 700 4185; x_wconf 88' lang='lat' dir='ltr'><strong><em>urbis</em></strong></span> <span class='ocrx_word' id='word_1_349' title='bbox 716 4126 797 4206; x_wconf 86' lang='lat' dir='ltr'><strong><em>quod</em></strong></span> <span class='ocrx_word' id='word_1_350' title='bbox 814 4135 908 4186; x_wconf 88' lang='lat' dir='ltr'><strong><em>totum</em></strong></span> <span class='ocrx_word' id='word_1_351' title='bbox 925 4127 1037 4204; x_wconf 88' lang='lat' dir='ltr'><strong><em>primus</em></strong></span> <span class='ocrx_word' id='word_1_352' title='bbox 1056 4127 1261 4186; x_wconf 86' lang='lat' dir='ltr'><strong><em>Mommsenus</em></strong></span> <span class='ocrx_word' id='word_1_353' title='bbox 1274 4125 1337 4185; x_wconf 88' lang='lat' dir='ltr'><strong><em>edi-</em></strong></span> 
     </span>
     <span class='ocr_line' id='line_1_38' title="bbox 197 4225 1340 4307; baseline 0.003 -24"><span class='ocrx_word' id='word_1_354' title='bbox 197 4225 241 4284; x_wconf 86' lang='lat' dir='ltr'><strong><em>dit</em></strong></span> <span class='ocrx_word' id='word_1_355' title='bbox 254 4237 285 4285; x_wconf 87' lang='lat' dir='ltr'><strong><em>at</em></strong></span> <span class='ocrx_word' id='word_1_356' title='bbox 301 4237 518 4287; x_wconf 83' lang='lat' dir='ltr'><strong><em>commentatus</em></strong></span> <span class='ocrx_word' id='word_1_357' title='bbox 535 4237 581 4288; x_wconf 90' lang='lat' dir='ltr'><strong><em>est</em></strong></span> <span class='ocrx_word' id='word_1_358' title='bbox 596 4229 625 4287; x_wconf 92' lang='lat' dir='ltr'><strong><em>in</em></strong></span> <span class='ocrx_word' id='word_1_359' title='bbox 643 4249 747 4286; x_wconf 84' lang='lat' dir='ltr'><strong><em>comm.</em></strong></span> <span class='ocrx_word' id='word_1_360' title='bbox 764 4249 826 4288; x_wconf 86' lang='lat' dir='ltr'><strong><em>soc.</em></strong></span> <span class='ocrx_word' id='word_1_361' title='bbox 843 4227 916 4287; x_wconf 80' lang='lat' dir='ltr'><strong><em>Sex.</em></strong></span> <span class='ocrx_word' id='word_1_362' title='bbox 930 4229 999 4286; x_wconf 87' lang='lat' dir='ltr'><strong><em>bist.</em></strong></span> <span class='ocrx_word' id='word_1_363' title='bbox 1013 4227 1119 4306; x_wconf 86' lang='lat' dir='ltr'><strong><em>philol.</em></strong></span> <span class='ocrx_word' id='word_1_364' title='bbox 1135 4229 1150 4286; x_wconf 95' lang='lat' dir='ltr'>I</span> <span class='ocrx_word' id='word_1_365' title='bbox 1160 4251 1190 4307; x_wconf 83' lang='lat' dir='ltr'><strong><em>p.</em></strong></span> <span class='ocrx_word' id='word_1_366' title='bbox 1205 4239 1270 4292; x_wconf 71' lang='lat'><strong><em>347:</em></strong></span> <span class='ocrx_word' id='word_1_367' title='bbox 1294 4231 1340 4288; x_wconf 81' lang='lat' dir='ltr'><strong><em>iric</em></strong></span> 
     </span>
    </p>
   </div>
   <div class='ocr_carea' id='block_1_5' title="bbox 191 4331 1424 4410">
    <p class='ocr_par' dir='ltr' id='par_1_6' title="bbox 191 4331 1424 4410">
     <span class='ocr_line' id='line_1_39' title="bbox 191 4331 1424 4410; baseline 0.003 -26"><span class='ocrx_word' id='word_1_368' title='bbox 191 4333 275 4402; x_wconf 80' lang='lat' dir='ltr'><strong><em>prior</em></strong></span> <span class='ocrx_word' id='word_1_369' title='bbox 299 4331 453 4388; x_wconf 81' lang='lat' dir='ltr'><strong><em>hominibus</em></strong></span> <span class='ocrx_word' id='word_1_370' title='bbox 480 4333 620 4389; x_wconf 72' lang='lat' dir='ltr'><strong><em>adnuerit</em></strong></span> <span class='ocrx_word' id='word_1_371' title='bbox 643 4335 790 4389; x_wconf 84' lang='lat' dir='ltr'><strong><em>lautumias</em></strong></span> <span class='ocrx_word' id='word_1_372' title='bbox 816 4341 949 4390; x_wconf 78' lang='lat' dir='ltr'><strong><em>tor-urrato</em></strong></span> <span class='ocrx_word' id='word_1_373' title='bbox 973 4333 1062 4405; x_wconf 76' lang='lat' dir='ltr'><strong><em>fastus</em></strong></span> <span class='ocrx_word' id='word_1_374' title='bbox 1087 4335 1197 4389; x_wconf 80' lang='lat' dir='ltr'><strong><em>metalla</em></strong></span> <span class='ocrx_word' id='word_1_375' title='bbox 1227 4333 1338 4405; x_wconf 76' lang='lat' dir='ltr'><strong><em>floqrila</em></strong></span> <span class='ocrx_word' id='word_1_376' title='bbox 1417 4401 1424 4410; x_wconf 32' lang='grc' dir='ltr'>ι</span> 
     </span>
    </p>
   </div>
   <div class='ocr_carea' id='block_1_6' title="bbox 195 4431 1337 4516">
    <p class='ocr_par' dir='ltr' id='par_1_7' title="bbox 195 4431 1337 4516">
     <span class='ocr_line' id='line_1_40' title="bbox 195 4431 1337 4516; baseline 0.004 -30"><span class='ocrx_word' id='word_1_377' title='bbox 195 4447 327 4488; x_wconf 82' lang='lat' dir='ltr'><strong><em>curreres</em></strong></span> <span class='ocrx_word' id='word_1_378' title='bbox 344 4435 436 4489; x_wconf 80' lang='lat' dir='ltr'><strong><em>aritia.</em></strong></span> <span class='ocrx_word' id='word_1_379' title='bbox 472 4431 565 4510; x_wconf 87' lang='lat' dir='ltr'><strong><em>plane</em></strong></span> <span class='ocrx_word' id='word_1_380' title='bbox 587 4431 692 4492; x_wconf 85' lang='lat' dir='ltr'><strong><em>eadem</em></strong></span> <span class='ocrx_word' id='word_1_381' title='bbox 711 4433 864 4492; x_wconf 84' lang='lat' dir='ltr'><strong><em>Eusebius</em></strong></span> <span class='ocrx_word' id='word_1_382' title='bbox 882 4435 1008 4516; x_wconf 83' lang='lat' dir='ltr'><strong><em>eiusque</em></strong></span> <span class='ocrx_word' id='word_1_383' title='bbox 1025 4433 1174 4514; x_wconf 86' lang='lat' dir='ltr'><strong><em>interpres</em></strong></span> <span class='ocrx_word' id='word_1_384' title='bbox 1193 4435 1337 4516; x_wconf 80' lang='lat' dir='ltr'><strong><em>Hierony·</em></strong></span> 
     </span>
    </p>
   </div>
   <div class='ocr_carea' id='block_1_7' title="bbox 0 0 1600 5098">
    <p class='ocr_par' dir='ltr' id='par_1_8' title="bbox 0 0 1600 5098">
     <span class='ocr_line' id='line_1_41' title="bbox 0 0 1600 5098; baseline 0 1"><span class='ocrx_word' id='word_1_385' title='bbox 0 0 1600 5098; x_wconf 95' lang='lat' dir='ltr'><strong><em> </em></strong></span> 
     </span>
    </p>
   </div>
  </div>
 </body>
</html>
