3064 5064
266 359 325 424 160
770 375 902 426 unsrun

263 527 324 594 hoe
345 549 464 594 nomeu
490 536 549 594 est.
579 538 825 594 'consternunt
849 529 980 617 quando
1006 549 1118 596 omnes
1147 527 1261 612 silent3
1303 525 1409 594 couti-

264 651 393 696 eescere
410 631 495 694 enim
515 629 611 695 silere
630 640 690 696 est.
726 648 948 695 rnssnrusrs
964 631 997 696 id
1014 641 1065 696 est
1083 632 1257 718 inportuna
1274 629 1409 718 quando

263 731 318 816 agi
342 731 424 796 nihil
445 740 554 818 potest
574 742 607 796 et
632 735 741 799 omnia
768 734 879 820 quieta
908 743 994 797 sunt.
1037 748 1271 797 uannrcrnrvn
1296 741 1407 796 autem

265 833 388 898 dictum
417 841 467 897 est
494 842 627 921 propter
648 835 753 919 gallos
782 835 864 899 lueis
887 834 1109 932 praenuntios.
1153 849 1407 900 caurvscvuvn

264 951 472 1001 nnrv'ranM
493 935 579 999 inter
596 935 785 1000 abscessum
807 937 912 1000 noctis
934 945 967 1000 et
989 933 1053 999 diei
1075 936 1262 1001 aduentum.
1291 935 1433 1019 (mcv—⁵

265 1053 382 1100 cvuvn
403 1036 498 1123 quasi
519 1037 584 1100 iam
605 1037 765 1123 incipiens
788 1059 891 1126 parua
915 1035 981 1102 diei
1002 1036 1071 1102 lux.
1110 1037 1191 1102 hacc
1210 1047 1243 1101 et
1263 1051 1407 1100 svuoaa

264 1159 347 1224 qnae
370 1135 469 1202 solem
493 1137 685 1226 praecedit.)

143 1224 256 1299 lll**
351 1254 572 1304 ranunculus
598 1240 686 1326 apud
709 1243 853 1306 Graecos
882 1247 915 1304 ct
935 1239 1099 1307 Romanos
1128 1248 1251 1327 septem
1279 1239 1406 1304 dierum

264 1363 362 1405 cursu
392 1341 568 1427 peragitur.
619 1344 707 1428 apud
735 1342 899 1408 Romanos
929 1342 962 1405 hi
993 1342 1064 1407 dies
1091 1364 1111 1405 a
1138 1341 1278 1428 planetis
1301 1340 1333 1404 id
1357 1351 1409 1403 est

264 1443 411 1506 erraticis
433 1441 536 1506 stellis
558 1445 690 1526 nomina
708 1451 874 1530 ceperunt.
916 1445 1056 1530 primum
1081 1445 1166 1508 euim
1189 1443 1275 1507 diem
1297 1463 1317 1505 a
1338 1441 1445 1505 soleto

264 1663 309 1714 uel
329 1663 517 1730 crepusculum
535 1669 708 1730 matutinum,
727 1657 836 1733 tempus'
853 1668 924 1733 quod
937 1673 1001 1718 ante
1014 1667 1100 1718 solem
1114 1664 1174 1717 est)
1205 1666 1242 1716 ci.
1260 1671 1408 1731 praeterea

174 1731 179 1740 '
265 1735 353 1782 l'arro
376 1735 410 1782 L.
434 1733 466 1782 L.
490 1735 528 1784 vl
552 1733 568 1784 6
591 1751 649 1800 sqq.
674 1735 840 1786 Censorinus
861 1737 894 1785 24
918 1735 1030 1786 Servius
1047 1737 1115 1786 Aen.
1140 1733 1244 1784 11268.
1273 1734 1408 1798 exscripsi

267 1801 300 1851 ad
319 1801 402 1865 Frag.
425 1799 499 1852 ilat
528 1802 648 1853 Isidorus
667 1805 754 1870 origg.
768 1805 791 1853 V
804 1801 846 1865 31,
860 1804 876 1852 4
889 1819 961 1868 sqq:
982 1804 1087 1854 ‘Noctis
1099 1808 1193 1867 partes
1205 1809 1310 1868 septem
1328 1805 1406 1852 suut:

266 1884 364 1933 uesper
383 1869 571 1934 crepusculum
591 1872 770 1921 conticinium
789 1873 983 1936 intempestum
1001 1871 1172 1936 gallicinium
1192 1871 1354 1920 matutinum
1367 1869 1409 1918 di·

266 1936 395 1986 luculum.
409 1952 509 2002 uesper
527 1953 543 1986 a
556 1938 638 1988 stella
656 1939 825 1989 occidentali
838 1945 954 1988 uocatur
973 1955 1042 2003 quae
1061 1939 1146 1988 solem
1159 1938 1303 1988 occiduum
1316 1937 1408 2002 sequi·

265 2011 310 2054 tur
323 2010 351 2053 et
367 2004 497 2054 tenebras
515 2013 663 2070 sequentes
679 2007 831 2071 praeeedit.
851 2008 883 2056 de
902 2022 955 2072 qua
968 2007 1100 2070 Virgilius
1113 2006 1142 2067 (I
1155 2009 1233 2067 sm.-
1251 2007 1322 2054 Ante
1335 2005 1408 2054 diem

267 2072 361 2122 clauso
385 2079 529 2137 componet
547 2089 646 2138 uesper
665 2073 790 2139 Olympo.
826 2075 958 2124 tenebrae
978 2080 1068 2122 autem
1087 2073 1179 2123 dictae
1199 2073 1269 2138 quod
1293 2077 1409 2122 teneant

266 2140 385 2189 umbras.
422 2140 609 2205 crepusculum
634 2147 676 2192 est
698 2143 782 2192 dubia
805 2141 861 2190 lux.
897 2157 961 2191 nam
984 2157 1125 2206 creperum
1148 2141 1258 2190 dubium
1281 2139 1408 2200 dicimus,

266 2207 317 2257 hoc
337 2213 378 2258 est
397 2209 469 2258 inter
487 2209 575 2258 lucem
594 2217 622 2260 ct
639 2211 776 2260 tenebras.
813 2209 992 2259 conticinium
1012 2215 1054 2258 est
1072 2208 1180 2273 quando
1198 2209 1290 2258 omnia
1313 2207 1409 2268 silent,

267 2277 454 2326 conticescere
474 2278 547 2326 cuim
565 2278 648 2328 silere
668 2283 718 2328 est.
749 2278 942 2342 intempestum
956 2275 1073 2326 medium
1094 2283 1121 2326 et
1135 2277 1305 2326 inactuosum
1318 2276 1409 2325 noetis

267 2347 309 2392 est
328 2349 444 2408 tompus,
464 2344 571 2408 quando
590 2345 659 2394 nihil
678 2347 726 2410 agi
743 2349 832 2410 potest
851 2351 878 2394 et
896 2345 988 2394 omnia
1008 2345 1102 2408 quieta
1120 2350 1183 2394 strat
1200 2359 1306 2409 sopore.
1344 2359 1409 2392 nam

266 2418 372 2477 tempus
384 2427 434 2476 per
451 2427 480 2460 se
499 2427 553 2462 non
571 2412 736 2477 intelligitur
753 2414 809 2462 nisi
827 2429 875 2477 per
893 2418 971 2462 aetus
989 2412 1121 2462 humanos
1183 2411 1315 2475 (seruntur
1331 2409 1410 2461 verda

265 2481 351 2530 Servii
371 2495 435 2545 pauc
458 2487 517 2530 onte
538 2481 692 2545 perscripsi)
717 2486 795 2530 caret
818 2486 949 2545 tempore.
990 2480 1162 2544 gallicinium
1184 2485 1296 2546 propter
1319 2479 1409 2544 gallos

266 2545 335 2597 lucis
358 2548 537 2611 praenuntios
562 2548 674 2598 dictum.
710 2549 873 2598 matutinum
898 2555 941 2598 est
963 2549 1036 2598 inter
1055 2549 1213 2598 abscessum
1232 2549 1409 2598 tenebrarum

182 2609 188 2622 “
267 2620 294 2664 et
313 2629 428 2665 aurorae
447 2615 593 2664 aduentum
612 2624 640 2666 et
657 2615 760 2666 dictum
779 2617 952 2678 matutinum,
972 2615 1043 2680 quod
1060 2616 1113 2666 boc
1132 2623 1239 2681 tempus
1257 2615 1407 2666 inclinante

267 2697 346 2732 nrarre
370 2683 415 2731 sit.
452 2682 600 2732 diluculum
619 2685 698 2748 quasi
716 2685 772 2734 iam
790 2685 926 2750 iucipiens
944 2699 1030 2748 poma
1049 2683 1105 2733 diei
1128 2683 1181 2733 lux.
1217 2683 1288 2734 baec
1313 2682 1342 2734 st
1359 2698 1407 2732 au·

267 2765 339 2812 rora,
359 2764 429 2814 quae
447 2749 533 2800 solem
551 2751 713 2816 praecedit!

355 2846 400 2903 lll
409 2847 441 2882 *¹*
453 2851 573 2900 isidorus
586 2851 619 2902 dc
632 2857 731 2902 natura
743 2869 833 2902 rerum
846 2853 902 2902 111:
916 2852 968 2902 ‘De
981 2851 1159 2902 hebdomade.
1185 2851 1408 2903 Hebdomada

268 2917 354 2982 apud
373 2918 526 2968 Graecos
546 2925 578 2969 et
596 2919 766 2972 Romanos
789 2927 922 2986 septem
941 2919 1070 2969 dierum
1094 2935 1195 2970 eursu
1212 2921 1406 2986 peragitur.

266 2985 337 3049 apud
356 2985 500 3035 liebraeos
519 2993 610 3036 atatem
629 2993 735 3052 septem
753 2990 819 3038 anni
837 2993 913 3050 sunt3
938 2988 1064 3038 declarat
1086 2987 1137 3038 hoe
1161 2989 1262 3038 Daniel
1281 2988 1314 3037 de
1333 2989 1410 3037 Lxx

265 3052 489 3102 hebdomadibus.
500 3053 672 3105 bebdomada
683 3061 774 3105 autem
784 3063 889 3121 septem
901 3056 978 3105 feriis
988 3061 1105 3106 constat.
1117 3056 1189 3106 feria
1200 3063 1291 3106 autem
1301 3056 1410 3105 afando

266 3121 341 3169 dieta
359 3122 438 3185 quasi
456 3121 539 3182 faria,
557 3122 602 3171 uel
621 3139 652 3172 eo
670 3124 741 3188 quod
759 3126 787 3182 in
806 3125 948 3174 creatione
961 3124 1053 3172 muudi
1067 3139 1115 3188 per
1133 3124 1254 3189 singulos
1267 3124 1327 3173 dies
1340 3123 1411 3173 dixit

266 3187 346 3236 deris:
361 3189 433 3248 Fiat,
447 3189 513 3238 item
523 3189 588 3253 quia
600 3191 660 3240 dies
670 3192 783 3241 sabbati
793 3192 827 3240 ab
840 3192 921 3246 initio
932 3192 1048 3240 feriatus
1058 3190 1183 3240 habetur.
1198 3191 1261 3242 inde
1272 3191 1333 3240 dies
1343 3191 1411 3240 solis

267 3257 355 3320 prima
374 3257 445 3306 seria
462 3263 645 3325 nuncupatur,
665 3260 730 3323 qnia
748 3262 906 3324 primuaest
919 3275 936 3308 a
954 3259 1035 3322 feria,
1055 3261 1121 3308 item
1138 3260 1221 3310 lunae
1240 3259 1353 3325 proinde
1367 3273 1411 3308 se·

267 3323 357 3374 cunda
376 3324 457 3386 seria,
476 3325 541 3388 quia
559 3327 695 3376 secundus
714 3335 757 3376 est
775 3343 792 3376 a
812 3328 891 3376 feria.
928 3327 968 3376 sie
992 3332 1020 3376 et
1043 3327 1130 3376 ceteri
1153 3327 1212 3377 dies
1235 3327 1286 3377 tali
1309 3341 1343 3376 ex
1362 3341 1412 3376 nn·

267 3407 340 3442 mero
353 3393 684 3456 sumpsemntuoeabnla.
698 3395 786 3459 apud
800 3395 965 3444 liomanos
984 3399 1074 3443 autem
1088 3394 1121 3444 hi
1134 3395 1208 3444 dies
1277 3409 1412 3444 cursum

267 3475 366 3508 sunm.
384 3460 526 3524 proinde
540 3461 1042 3527 auterngentilesexlrisseptem
1112 3461 1325 3512 tarditatem.
1343 3463 1412 3512 talis

267 3527 367 3592 quippe
386 3528 536 3592 gentilibus
555 3530 648 3579 extitit
665 3530 799 3590 stultitia,
829 3531 874 3594 qui
892 3531 945 3579 sibi
965 3529 1101 3579 tinxerunt
1119 3535 1175 3578 tum
1193 3531 1343 3580 ridiculosa
1361 3531 1411 3595 tig-

267 3593 378 3644 menta.’
397 3595 517 3646 Isidorus
529 3597 617 3662 origg.
629 3598 653 3645 V
666 3596 708 3659 30,
721 3597 813 3646 5-82
835 3599 911 3647 ‘Dies
925 3599 991 3646 dicti
1006 3613 1022 3646 a
1035 3597 1097 3659 diis,
1112 3613 1222 3664 quorum
1235 3599 1346 3648 nomina
1359 3599 1412 3648 Ro-

267 3665 341 3712 mani
356 3663 517 3728 quibusdam
530 3663 666 3715 sideribus
679 3671 866 3714 sacrauernnt.
886 3667 1000 3730 primum
1014 3666 1086 3716 euim
1099 3665 1170 3714 diem
1185 3681 1201 3714 a
1214 3665 1270 3716 sole
1285 3681 1320 3732 ap
1342 3666 1411 3716 ella—

267 3737 366 3780 uerunt
384 3737 409 3780 et
427 3745 491 3796 qaue
503 3737 622 3780 sarriatur
639 3748 716 3798 rcsqne
729 3735 764 3783 nd
775 3730 925 3798 figmenta!
941 3759 973 3767 --
985 3733 1140 3782 Herodotus
1160 3733 1186 3783 lI
1204 3732 1250 3782 82:
1269 3733 1327 3784 Και
1340 3728 1413 3785 τάδε

267 3788 339 3874 cilia
363 3793 546 3862 Αἰγυπτίοισί
567 3790 624 3850 ἐστι
648 3792 839 3866 ἐξευρημένα,
866 3799 930 3866 μείς
952 3815 982 3851 τε
1009 3796 1059 3850 acl
1085 3792 1177 3867 ἡμέρη
1202 3791 1305 3867 ἑκάστη
1330 3801 1413 3852 θεῶν

269 3881 334 3916 orsu
353 3857 420 3916 ἔστί.
458 3865 565 3916 Gellius
583 3867 626 3918 111
646 3866 689 3930 10,
711 3865 722 3917 1
743 3884 797 3934 sq:
823 3869 874 3918 ‘aa
894 3869 980 3918 Varro
1003 3869 1031 3918 in
1050 3869 1136 3934 primo
1155 3869 1284 3920 librorum
1303 3871 1349 3934 qui
1370 3871 1412 3919 in·

357 4065 364 4114 1
384 4063 431 4114 est
445 4073 557 4133 uesper
569 4057 596 4112 B
610 4051 623 4137 Η
640 4057 840 4116 conticiscere
854 4052 933 4114 ,41ΙῖΙ
950 4052 963 4138 Η
978 4067 994 4117 ·ὶ
1014 4065 1061 4115 cst
1075 4077 1128 4116 om.
1149 4053 1188 4115 B¹
1205 4051 1219 4138 Η
1233 4059 1416 4138 intempesta

270 4141 298 4195 B
312 4133 325 4218 Η
341 4141 522 4217 inoportuna
537 4141 561 4196 A
576 4141 736 4218 inportuni
749 4143 777 4198 B
792 4136 804 4223 Η
819 4143 942 4203 3niclril
960 4137 996 4200 13¹
1012 4139 1026 4222 Η
1042 4141 1143 4219 gallus
1158 4139 1193 4198 Α1
1207 4143 1356 4219 gallorum
1373 4139 1414 4200 A²

271 4216 284 4302 Η
300 4225 510 4300 tpronuncios
527 4229 551 4281 A
567 4227 798 4302 prenunciorum
811 4229 840 4283 B
853 4224 866 4304 Η
882 4227 1092 4305 crepusculum
1109 4226 1171 4286 &A
1185 4220 1198 4308 Η
1214 4239 1230 4288 5
1243 4229 1416 4286 matitinnm

269 4305 319 4387 Al
349 4306 528 4366 absconsum
550 4305 586 4366 ΒΙ
611 4304 624 4390 Η
646 4310 695 4370 die
711 4306 747 4369 Α1
764 4305 777 4391 Η
792 4321 810 4374 8
825 4309 995 4371 ebdomada
1015 4307 1086 4370 ΑΒ2
1106 4332 1159 4371 om.
1177 4309 1216 4370 B¹
1234 4308 1416 4393 {ltcumum

269 4387 309 4449 B¹
334 4385 485 4472 {plauites
502 4390 538 4452 Βι
556 4389 569 4476 Η
587 4409 619 4458 tt)
635 4395 674 4456 ad
691 4393 828 4456 erraticis
844 4399 872 4454 B
885 4392 899 4478 Η
915 4397 1091 4477 acciperunt
1110 4393 1149 4455 ΒΙ
1172 4405 1356 4478 acceperunt
1375 4395 1418 4456 13²
