3072 5064
267 393 329 458 268
768 409 897 452 raanan

178 550 249 625 168
351 557 523 623 Suetonius
540 558 605 622 tria
622 581 745 644 genera
759 574 938 622 Pluuouvn
957 559 1057 642 dixit,
1075 556 1193 646 quibus
1212 554 1397 621 sacerdotes

264 669 414 725 utuntur:
464 675 593 724 ericum
622 677 788 724 uvuvnvu
816 676 993 725 canuntur.
1042 661 1100 725 sed
1124 661 1249 748 apicem
1275 657 1397 746 pileum

266 760 361 826 sutile
384 765 470 829 cirea
486 762 628 828 medium
650 764 744 848 uirga
758 764 936 846 eminente,
955 762 1096 828 tutulum
1118 763 1238 848 pileum
1254 760 1398 826 lanatum

265 874 369 931 metae
392 864 512 952 ligura,
533 864 680 950 galerum
702 865 822 953 pileum
845 886 887 929 ex
909 865 995 952 pelle
1016 865 1141 932 hostiae
1163 885 1285 929 caesae.

161 1064 254 1140 169*
347 1071 488 1152 Νουμᾶς
514 1061 533 1134 ὁ
557 1062 716 1154 βασιλεὺς
742 1068 917 1136 ἐκέλευσεν
943 1069 980 1135 ἐν
1008 1081 1076 1148 τοῖς
1107 1060 1299 1153 ὑποδήμασι
1319 1059 1420 1133 ‘Pto-⁵

265 1175 374 1254 μαίων
387 1171 454 1236 τῶν
471 1176 655 1254 πατρικίων
671 1172 863 1238 τυποῦσθαι
876 1164 912 1238 td
929 1163 1109 1256 Ῥωμαϊκὸν
1126 1165 1255 1252 κάππα,
1274 1161 1293 1235 li
1310 1162 1402 1252 παρὰ

266 1285 334 1348 τοῖς
347 1265 504 1358 Ἕλλησιν
526 1271 594 1339 ἐστὶ
613 1269 676 1358 (iai,
704 1277 740 1340 οἳ
759 1267 814 1339 daci
841 1273 908 1340 cciv
930 1274 1056 1342 κοινῶν
1083 1272 1312 1356 ἐπιμελεῖσθαι
1335 1293 1401 1335 πα-

266 1465 347 1516 batur
374 1466 538 1534 inaugurato
566 1469 669 1518 flamini
698 1473 803 1519 uestem
831 1483 901 1533 quae
929 1466 1012 1518 laena
1040 1467 1183 1517 dicebatur
1215 1482 1232 1514 a
1261 1465 1401 1514 flaminica

266 1535 323 1584 texi
341 1540 476 1598 oportere,
495 1552 574 1600 quam
593 1543 696 1586 uestem
716 1551 776 1585 eum
795 1535 883 1586 cultro
902 1551 972 1600 quae
991 1536 1130 1600 secespita
1149 1533 1342 1600 appellabatur
1361 1533 1403 1582 uti

266 1600 387 1654 debere.'
424 1603 509 1653 Varro
528 1605 559 1653 L.
578 1605 653 1654 1..v
679 1603 742 1654 133:
772 1603 884 1656 ‘Laeua
913 1603 984 1672 quod
1012 1603 1044 1654 de
1072 1603 1137 1652 lana
1159 1603 1258 1664 multa;
1287 1603 1401 1652 duarum

267 1671 351 1721 stiam
375 1669 455 1731 (immo
485 1673 566 1732 enirn)
595 1678 718 1738 togarum
746 1672 836 1721 instar
862 1676 893 1721 ut
920 1672 1136 1737 antiquissimum
1164 1670 1307 1720 mulierum
1335 1670 1402 1719 rici-

267 1739 341 1788 nium
364 1739 475 1789 siohoc
498 1739 597 1804 duplex
620 1739 762 1790 uirorum’
782 1767 813 1777 —-
848 1740 951 1790 Paulus
969 1741 1047 1789 Festi
1065 1757 1087 1789 s.
1104 1755 1130 1788 r.
1155 1755 1180 1804 p.
1203 1737 1260 1786 lli:
1293 1738 1402 1788 ‘Laena

266 1807 426 1857 uestimenti
444 1823 529 1872 genus
547 1808 643 1858 habitu
661 1809 789 1874 duplicis.
819 1807 928 1874 quidum
941 1808 1110 1872 appellatam
1129 1807 1288 1857 existimant
1300 1807 1402 1866 Tusce,

268 1875 377 1942 quidam
396 1873 517 1938 Graece,
541 1891 621 1940 quam
644 1875 765 1942 χλανίδα
788 1875 902 1927 dieunt'
943 1876 1045 1926 Paulus
1067 1876 1145 1925 Festi
1168 1891 1189 1924 s.
1213 1891 1239 1924 v.
1264 1872 1403 1926 infibulati

267 1959 293 2008 p.
314 1940 375 1992 113:
395 1943 540 1994 ‘infibulati
558 1943 755 1994 sacrificabunt
777 1946 901 1994 flamines
923 1949 1035 2010 propter
1056 1960 1132 1994 usum
1151 1944 1223 1993 aeria
1242 1943 1402 2007 antiquissi-

267 2027 337 2061 mum
362 2013 434 2060 aeris
458 2011 567 2064 fibulis!
586 2039 617 2048 —
652 2013 755 2062 Nonius
774 2029 835 2078 cap.
855 2012 937 2062 XIIII
960 2013 1018 2062 ‘De
1037 2027 1138 2076 genere
1157 2008 1402 2060 uestimentorum.’

268 2097 294 2146 p.
317 2077 380 2128 541:
411 2080 521 2130 ‘Laena
542 2082 737 2131 uestimentum
763 2081 895 2140 militare,
921 2081 993 2145 quod
1016 2096 1098 2145 supra
1122 2081 1213 2128 omnia
1236 2079 1404 2128 uestimenta

267 2149 391 2199 sumitur.
425 2149 504 2214 Virg.
521 2149 589 2200 Aen.
608 2149 677 2199 1111:
696 2149 833 2214 Tyrioque
852 2149 969 2198 ardebat
986 2149 1089 2198 murice
1109 2145 1233 2198 laeuae'

354 2209 402 2268 168
421 2216 532 2268 Servius
550 2219 617 2266 Aen.
636 2218 664 2268 II
682 2216 743 2267 68¹3:
767 2217 893 2268 Fundere
917 2217 1008 2266 lumen
1031 2215 1110 2281 aper]
1136 2215 1335 2266 ‘Suetonius
1352 2250 1359 2264 .
1375 2251 1403 2263 ..

268 2301 403 2336 caesae.
445 2301 517 2352 apex
539 2287 647 2352 proprie
671 2286 771 2336 dieitur
794 2287 822 2335 in
845 2301 948 2335 summo
965 2285 1084 2334 flaminis
1107 2285 1181 2348 pileo
1199 2285 1278 2347 uirga
1295 2282 1404 2341 lanata.

267 2353 319 2403 hoc
339 2359 394 2414 est,
418 2354 447 2403 in
473 2355 550 2404 cuius
573 2355 745 2404 extremitate
770 2354 879 2404 modica
901 2352 967 2402 lana
990 2349 1044 2402 esti
1069 2353 1138 2417 quod
1162 2353 1275 2417 primum
1293 2357 1406 2402 constat

268 2421 340 2488 apud
357 2421 456 2472 Albam
478 2423 613 2473 Ascanius
637 2421 787 2472 statuisse)
827 2422 948 2472 Isidorus
971 2421 1059 2538 oripp.
1077 2420 1185 2470 XVIIII
1202 2419 1248 2482 30,
1268 2419 1297 2468 5:
1317 2419 1405 2484 ‘Aper

268 2496 311 2541 est
322 2491 424 2555 pileum
437 2490 517 2540 sutile
531 2507 582 2556 quo
596 2491 754 2542 sacerdotes
767 2490 886 2556 gentiles
898 2490 1013 2539 utebant
1046 2526 1053 2551 ,
1068 2488 1224 2554 appellatus
1237 2488 1272 2539 ab
1285 2487 1405 2556 apiendo

268 2558 297 2608 id
322 2564 363 2608 est
387 2575 403 2608 s
426 2558 549 2624 ligando.
589 2575 652 2608 nam
674 2559 783 2624 uirgula
806 2573 877 2623 quse
900 2559 928 2608 in
952 2557 1025 2623 pileo
1048 2563 1109 2608 erat
1133 2556 1331 2606 annectebatur
1348 2555 1404 2616 filo,

268 2627 338 2690 quod
361 2625 446 2676 fiebat
468 2642 502 2676 ex
519 2626 584 2676 lana
608 2627 725 2678 hostiae.
762 2627 885 2693 galerum
907 2624 1009 2690 plleum
1028 2641 1060 2676 ex
1080 2623 1152 2690 pelle
1175 2639 1276 2674 eaesae
1293 2624 1405 2675 hostiae

268 2695 381 2746 iactum.
417 2693 518 2760 pileum
542 2701 632 2744 autem
655 2697 758 2747 dietum
777 2693 883 2760 apelle
910 2692 1018 2743 hostiae
1036 2693 1109 2744 unde
1128 2690 1230 2742 fiebat*
1249 2719 1282 2727 -
1317 2692 1406 2743 Varro

267 2763 299 2812 1..
319 2763 351 2811 L.
370 2762 422 2810 Vll
440 2762 485 2812 tl:
515 2762 652 2812 ‘'rutulaci
674 2764 741 2814 dicti
764 2765 785 2813 ii
810 2764 856 2828 qui
878 2764 906 2812 in
932 2763 1019 2811 sacris
1037 2763 1066 2812 in
1085 2762 1222 2826 capitibus
1240 2761 1343 2810 habere
1362 2776 1406 2812 so·

266 2829 326 2879 lent
344 2834 373 2878 ut
392 2833 504 2878 metam:
520 2829 557 2878 ‘id
582 2831 683 2880 tutulus
707 2831 863 2897 appellatus
885 2831 920 2880 ab
945 2845 977 2879 eo
996 2830 1066 2895 quod
1085 2833 1186 2880 matres
1210 2828 1333 2880 familias
1351 2829 1406 2878 eri-

268 2913 317 2946 nes
336 2897 496 2946 conuolutos
516 2896 550 2946 ad
568 2900 701 2948 uerticem
721 2901 822 2964 eapitis
841 2915 907 2963 quos
925 2897 1029 2948 habent
1047 2899 1117 2948 uitta
1136 2899 1253 2958 uelatos,
1272 2896 1406 2946 diceban·

268 2969 312 3014 tur
335 2963 429 3022 tutuli;
453 2966 513 3016 siue
536 2966 571 3014 ab
591 2967 711 3031 eoquod
735 2968 762 3018 id
780 2967 874 3018 tuendi
898 2981 983 3016 causa
1002 2965 1098 3032 capilli
1115 2965 1215 3028 tiebat,
1239 2966 1297 3014 siue
1317 2963 1352 3014 ab
1373 2981 1406 3015 eo

268 3033 346 3098 quod,
362 3032 524 3082 altissimum
538 3034 566 3082 in
578 3034 644 3084 urbe
658 3036 729 3099 quod
742 3040 791 3096 est,
812 3050 860 3084 arx
873 3035 1037 3085 tutissimum
1050 3033 1182 3085 uocatur.’
1212 3033 1313 3084 Paulus
1326 3031 1409 3083 Festi

269 3117 294 3166 p.
309 3098 352 3150 18:
372 3099 457 3164 ‘Aper
469 3101 515 3165 qui
527 3107 569 3150 est
579 3101 753 3152 sacerdotum
769 3105 877 3166 insigne
892 3103 981 3153 dietus
999 3103 1087 3153 catab
1101 3119 1133 3152 eo
1147 3102 1215 3167 quod
1229 3100 1408 3166 comprehen-

268 3168 333 3218 dere
354 3169 460 3231 antiqui
478 3169 588 3220 uineulo
608 3186 690 3236 apere
709 3169 861 3221 dicebant!
897 3171 996 3221 Festus
1015 3187 1040 3235 p.
1060 3170 1123 3220 355:
1149 3170 1292 3220 ‘Tutulum
1309 3169 1408 3219 uocari

268 3238 347 3287 aiunt
365 3236 564 3286 flaminicarum
583 3239 684 3304 capitis
702 3247 899 3302 ornamentum,
919 3239 989 3304 quod
1007 3239 1055 3288 liat
1073 3241 1144 3288 uitta
1156 3253 1291 3305 purpurea
1309 3237 1408 3288 innixa

268 3305 404 3364 crinibus,
430 3309 458 3354 et
476 3309 629 3356 extructum
650 3308 678 3356 in
702 3307 883 3358 altitudinem
939 3308 1028 3358 uidam
1052 3307 1153 3372 pileum
1177 3307 1300 3356 lanatum
1317 3305 1408 3355 torma

268 3373 363 3423 metali
381 3371 535 3438 figuratum,
559 3392 611 3442 quo
631 3375 755 3426 flamines
774 3391 807 3426 ae
825 3373 920 3440 pontiti
957 3381 1108 3436 natantur,
1128 3375 1222 3425 eodem
1236 3375 1345 3424 nomine
1357 3389 1408 3424 uo-

269 3442 336 3492 cari.
372 3441 488 3491 Ennius:
508 3443 634 3510 Libaque
654 3443 762 3496 fictores
780 3460 898 3508 argaeos
916 3452 944 3494 et
961 3441 1113 3494 tutulatos.'

356 3503 425 3560 itt*
445 3510 562 3562 Ioannes
582 3512 768 3562 Antiocheam
787 3529 846 3562 exc.
865 3511 983 3562 Salmas.
1001 3527 1027 3577 p.
1047 3511 1096 3564 392
1114 3510 1222 3561 biiiller.
1242 3510 1320 3574 lrgm.
1339 3509 1409 3560 bist.

270 3593 362 3644 grace.
382 3594 407 3642 p.
427 3577 484 3627 555.
508 3577 554 3629 33:
582 3579 730 3646 Νονμοῖς
749 3571 764 3630 ὁ
784 3573 951 3646 βασιλεύς
970 3597 993 3630 e.
1014 3597 1038 3646 q.
1059 3595 1080 3630 a.
1118 3579 1216 3628 Suidas
1241 3595 1262 3628 s.
1288 3593 1312 3626 v.
1356 3577 1405 3626 λα-

269 3643 334 3712 μΰςῑ
367 3643 486 3710 Νουμᾶς
510 3638 526 3695 ὀ
549 3648 656 3713 πρῶτος
681 3685 687 3697 .
707 3686 713 3698 .
733 3685 738 3698 .
777 3648 825 3712 (el.
854 3648 1059 3698 adnotationem
1084 3647 1118 3696 ud
1142 3647 1193 3710 srg.
1220 3645 1277 3706 166)
1300 3594 1353 3696 aci
1374 3635 1409 3694 ἓν

269 3715 328 3770 τοῖς
346 3711 401 3763 τῶν
419 3711 578 3780 βουλευτῶν
595 3707 780 3781 ὑποδήμασιν
802 3705 1056 3782 α’ποσημαίνεσθαι
1080 3709 1111 3765 τὸ
1130 3705 1286 3780 Ῥωμαϊκὸν
1304 3707 1408 3763 κάππα

269 3782 389 3831 Isidorus
402 3783 489 3847 origg.
504 3783 610 3834 XVIIII
621 3783 661 3836 3-1,
674 3785 702 3833 4:
723 3785 843 3836 ‘calceis
856 3801 937 3850 reges
951 3785 1099 3834 utebantur
1113 3789 1140 3832 et
1153 3782 1297 3832 Caesares.
1318 3783 1409 3831 torma

270 3865 362 3900 eorum
381 3863 404 3898 s.
432 3851 566 3914 patricios
580 3852 689 3904 calceos
703 3852 832 3903 Romulus
846 3854 949 3918 reperit
966 3857 1095 3917 quattuor
1107 3851 1285 3912 corrigiarum
1299 3857 1408 3899 assuta·

270 3933 320 3982 que
339 3918 413 3968 luna.
449 3919 483 3966 iis
506 3919 558 3968 soli
579 3921 691 3988 patricii
714 3922 871 3972 utebantur.
905 3921 972 3970 luna
999 3927 1090 3970 autem
1114 3921 1142 3968 in
1166 3919 1207 3968 eis
1230 3935 1284 3968 nou
1307 3917 1409 3968 sideris

271 4045 473 4058 ..-----

358 4126 367 4175 1
387 4111 712 4173 Suetonius-caesae
730 4127 784 4166 om.
798 4109 970 4166 Caeretanae
989 4103 1003 4189 l}
1025 4107 1169 4187 Sytonius
1183 4111 1334 4166 latreusis
1347 4107 1411 4162 Dn-

270 4203 352 4259 nielis
368 4201 421 4268 (=
430 4203 524 4258 Paris.
544 4201 621 4255 1750
634 4211 658 4252 e.
677 4197 707 4252 X
724 4197 768 4252 vel
781 4195 843 4262 XI,
859 4198 1015 4253 secundam
1032 4197 1065 4252 G.
1083 4195 1238 4266 Thilonem)
1256 4187 1269 4274 ΙΙ
1284 4201 1300 4252 2
1314 4191 1410 4250 tutul-

270 4285 332 4342 lum
348 4289 432 4343 Falci.
449 4279 462 4365 ll
477 4284 580 4362 galera
596 4283 680 4342 Fuld.
696 4273 710 4360 ll
726 4278 813 4356 apice
828 4281 912 4337 Falci.
929 4274 934 4361 l
958 4279 1082 4357 pilleum
1098 4279 1182 4337 Fata
1207 4273 1245 4360 13
1263 4275 1411 4335 tutnllum

273 4373 357 4430 Fau.
373 4365 388 4451 ll
402 4369 527 4448 pilleum
542 4369 625 4425 Fald.
644 4360 689 4448 ll*
709 4364 824 4442 figurae
840 4367 924 4423 Fuld.
950 4359 954 4446 l
969 4365 1074 4442 galera
1090 4366 1174 4422 Falci.
1191 4358 1197 4446 Ι
1219 4361 1345 4442 pilleum
1362 4371 1413 4420 est

274 4457 301 4514 F
301 4458 359 4512 ald.
