3072 5064
285 383 347 450 204
786 397 917 441 raarvu

282 571 303 614 a
322 555 443 636 puncto
465 546 622 630 eflicitur,
644 548 750 614 denuo
772 546 859 635 quod
882 556 1004 612 motum
1027 569 1070 612 ex
1088 567 1123 610 se
1144 545 1276 628 habeat,
1299 543 1420 612 deinde

282 651 369 746 quod
392 660 501 716 eareat
527 651 548 728 †
570 649 692 716 iudicio
719 647 929 735 angulorum,
957 658 990 713 et
1017 647 1105 736 quod
1131 649 1165 712 in
1190 671 1225 713 se
1252 646 1420 714 stellarum

283 753 404 840 figuras
422 773 534 818 omnes
556 751 718 836 includat,
741 760 774 816 ct
795 751 882 842 quod
909 761 1030 816 motum
1053 749 1260 816 inerrabilem
1282 749 1420 832 habeat3

282 857 310 920 si
328 855 458 943 quidem
481 876 540 918 sex
561 854 616 918 alii
639 863 745 918 motus
762 853 919 918 errabiles
938 861 1027 918 sunt:
1051 861 1125 918 ante
1148 875 1168 916 a
1190 862 1283 938 tergo
1303 851 1422 917 dextra

282 958 441 1044 laeuaque
463 977 589 1021 sursum
612 954 844 1044 deorsumque,
865 965 1028 1042 postremo
1051 963 1083 1020 et
1110 954 1196 1042 quod
1224 955 1443 1020 necessitates

282 1059 458 1142 efficiatur,
477 1071 515 1122 ut
534 1058 615 1123 haec
636 1059 710 1122 exis
730 1057 817 1123 ultra
834 1057 991 1123 circulum
1010 1056 1086 1122 duci
1106 1078 1171 1123 non
1189 1058 1304 1143 possit.
1342 1055 1421 1120 Duo

281 1171 358 1226 sunt
385 1170 493 1226 autem
516 1161 537 1240 †
564 1181 644 1224 axes
674 1160 792 1247 quibus
813 1159 938 1226 eaelum
964 1157 1122 1226 uoluitur:
1165 1174 1422 1246 nonuunquam

280 1285 340 1330 nos
362 1279 583 1340 semnoutvat
605 1283 758 1328 necamus
780 1262 894 1327 -hie
914 1253 1030 1345 ἄρκτοι
1051 1270 1127 1326 sunt
1151 1259 1185 1326 id
1209 1269 1258 1325 est
1280 1269 1422 1348 septem-

281 1367 421 1450 triones,
457 1367 514 1454 qui
539 1365 633 1430 nobis
663 1387 790 1451 semper
816 1373 976 1451 apparent
1005 1403 1043 1414 -
1069 1365 1122 1430 eui
1156 1363 1339 1428 contrarius
1369 1371 1422 1426 est

282 1541 345 1606 quia
362 1540 459 1590 dextre
478 1537 550 1588 caeli
567 1537 667 1588 altiora
684 1544 760 1602 siret,
784 1555 879 1604 pressa
892 1537 1002 1592 Austri)
1027 1539 1072 1590 37:
1091 1537 1143 1588 ‘De
1161 1536 1317 1588 cardinibus
1334 1535 1420 1585 caeli.

282 1607 417 1658 Cardines
430 1607 502 1658 caeli
516 1610 655 1656 extremae
669 1613 761 1672 partes
775 1613 837 1658 sunt
851 1607 918 1659 exis.
944 1611 971 1657 et
983 1607 1075 1657 dietae
1089 1605 1214 1656 cardines
1228 1621 1273 1666 eo,
1287 1603 1359 1670 quod
1372 1619 1423 1668 per

283 1692 330 1726 eos
342 1675 458 1726 uertitur
470 1673 587 1734 caelum,
599 1674 644 1723 uel
660 1677 723 1740 quia
736 1675 806 1726 sieut
819 1692 866 1725 eor
877 1673 1042 1724 uoluuntur.'
1067 1673 1112 1724 38:
1127 1675 1178 1724 ‘De
1192 1673 1321 1723 connexis
1335 1671 1420 1721 caeli.

282 1743 413 1794 Conuexa
432 1747 523 1794 autem
541 1741 612 1792 caeli
632 1749 753 1794 extreme
772 1744 830 1794 eins
848 1750 923 1804 sunt,
945 1759 961 1793 a
980 1743 1114 1793 cumritate
1133 1742 1221 1804 dieta,
1239 1745 1268 1789 ut
1282 1739 1420 1788 estillnd:

283 1811 439 1862 Conversum
457 1811 563 1876 quoties
582 1809 686 1860 claudit
702 1828 755 1862 nox
773 1811 883 1862 humida
901 1811 1017 1861 eaelum.
1043 1811 1200 1860 Conoexum
1218 1809 1289 1858 enim
1307 1823 1421 1857 curuum

283 1885 333 1941 est,
347 1880 425 1944 quasi
438 1893 599 1930 conuersum
612 1893 660 1928 seu
673 1879 834 1930 inclinatum
848 1885 875 1929 et
888 1879 922 1928 ad
935 1880 1041 1929 modum
1055 1878 1151 1929 circuli
1163 1874 1281 1928 flexrrmst
1306 1874 1352 1926 39:
1368 1877 1422 1926 ‘De

281 1948 371 1998 ianuis
384 1947 465 1997 caeli.
490 1946 594 1996 Ianuae
608 1947 681 1996 eceli
692 1948 762 1998 duae
776 1953 847 2010 erint,
860 1947 950 1998 oriens
963 1953 991 1997 et
1002 1961 1126 1998 occasus.
1145 1961 1207 1996 nam
1221 1959 1275 1994 una
1287 1951 1367 2009 porta
1379 1943 1422 1992 sol

282 2016 407 2081 precedit
429 2014 486 2064 alla
504 2029 533 2062 se
552 2013 671 2080 recipit)
708 2015 754 2065 40:
775 2017 825 2066 ‘De
844 2015 954 2080 gemina
973 2016 1047 2065 secie
1067 2014 1147 2064 caeli.
1172 2013 1273 2063 Facies
1286 2011 1360 2062 caeli
1372 2012 1422 2061 uel

283 2089 367 2149 caput
381 2082 525 2132 orientalis
543 2083 619 2146 regio
639 2089 694 2146 est,
716 2083 814 2134 ultima
827 2083 1060 2148 septentrIonalis.
1086 2083 1120 2132 de
1138 2097 1191 2147 qua
1209 2083 1353 2131 Lucanus:
1373 2079 1422 2130 Sic

282 2152 375 2202 mundi
388 2166 452 2218 pars
465 2151 520 2199 ima
533 2151 618 2211 iacet,
638 2167 717 2216 quarn
730 2167 800 2203 zona
818 2150 919 2201 niualis
932 2152 1142 2216 Perpetuaeque
1155 2153 1280 2216 premunt
1291 2145 1422 2198 hiemes.‘

280 2219 327 2270 41:
346 2219 403 2269 ‘De
417 2223 545 2284 quattuor
578 2219 691 2268 artibus.
717 2220 831 2270 eIImata
848 2219 921 2270 caeli
944 2219 1031 2268 idest
1054 2219 1155 2284 plagae
1174 2217 1220 2271 nel
1233 2221 1326 2282 partes
1339 2221 1421 2280 quat-

281 2293 343 2338 tuor
355 2293 428 2350 sunt,
443 2303 476 2336 er
490 2235 588 2351 quibis
601 2287 688 2352 prime
702 2305 766 2354 pars
785 2287 929 2338 orientalis
943 2288 1020 2352 regio
1034 2292 1089 2348 est,
1110 2286 1181 2336 unde
1194 2284 1306 2350 aliquae
1319 2285 1422 2334 stellae

282 2357 413 2406 oriuntur.
439 2355 561 2404 secunda
578 2355 774 2421 occidentalis,
794 2357 841 2406 ubi
858 2355 937 2404 uobis
956 2355 1066 2420 aliquae
1083 2355 1183 2404 stellae
1202 2353 1338 2404 occidunt.
1365 2357 1421 2402 ter·

280 2425 322 2474 tia
335 2423 570 2489 septentrionalis,
584 2423 630 2472 ubi
643 2423 682 2474 sol
696 2425 823 2490 peruenit
835 2425 863 2474 in
876 2423 973 2472 diebus
986 2423 1143 2473 maioribus.
1168 2427 1266 2488 quarta
1278 2419 1421 2479 atrstralis,

280 2494 329 2542 ubi
343 2492 382 2542 sol
395 2492 524 2557 peruenit
536 2492 663 2542 noctibus
676 2493 833 2542 maioribus.
858 2493 950 2542 oriens
964 2497 1055 2540 autem
1074 2490 1107 2540 ab
1129 2495 1190 2540 ortu
1207 2489 1273 2540 solis
1291 2495 1334 2538 ast
1351 2505 1421 2538 nun·

282 2568 406 2627 eupatus.
418 2559 548 2611 occidens
562 2559 716 2624 quotidiam
730 2562 801 2610 iacit
813 2560 940 2610 occidere
954 2565 1036 2624 atque
1051 2560 1173 2608 interire.
1187 2557 1334 2608 abscondit
1346 2559 1422 2606 enim

281 2629 372 2678 lumen
385 2627 484 2676 mundo
498 2633 525 2676 et
538 2629 667 2677 tenebras
680 2629 876 2694 superinducit.
902 2628 1053 2692 septentrio
1067 2633 1158 2676 autem
1172 2641 1189 2676 a
1207 2631 1312 2690 septem
1330 2623 1423 2674 stellis

282 2697 342 2746 axis
355 2701 479 2757 uocatus,
500 2711 570 2758 quae
584 2697 612 2744 iu
626 2697 685 2760 ipso
699 2697 840 2746 reuolutae
854 2702 985 2746 rotantur.
1010 2695 1055 2744 hie
1073 2695 1181 2760 proprie
1198 2693 1300 2743 dieitur
1318 2698 1346 2742 et
1358 2708 1421 2742 uer-

182 2797 187 2806 ·
282 2771 327 2814 tex
342 2781 374 2813 eo
387 2763 458 2828 quod
470 2763 594 2811 uertitur.
614 2765 742 2814 meridies
756 2771 848 2813 autern
861 2769 963 2814 uocata
975 2763 1019 2812 uel
1033 2763 1099 2828 quia
1111 2763 1151 2812 ibi
1163 2761 1203 2810 sol
1217 2762 1288 2811 lacit
1299 2761 1421 2810 medium

281 2833 354 2881 diem
368 2831 447 2896 quari
459 2829 602 2892 medidies,
616 2832 661 2881 uel
675 2834 740 2896 quia
752 2839 817 2881 tune
831 2833 924 2898 perlue
937 2833 1021 2880 micet
1034 2832 1145 2891 aethan
1164 2845 1265 2880 merum
1285 2829 1357 2878 enim
1370 2845 1421 2894 pu·

281 2915 338 2948 rum
352 2899 463 2948 dieitur.
476 2903 539 2946 sunt
552 2905 579 2948 et
592 2898 649 2948 alia
663 2899 712 2949 VII
726 2900 840 2950 climata
858 2897 930 2949 eseli
955 2899 1034 2965 quasi
1047 2901 1069 2948 V
1072 2898 1098 2948 Il
1116 2899 1208 2948 lineae
1222 2897 1256 2947 ab
1270 2897 1376 2947 oriente
1390 2898 1420 2946 in
1437 2955 1440 2961 Ι

281 2966 468 3023 occidentem,
487 2965 536 3014 sub
555 2967 653 3031 quibus
672 2973 700 3017 et
717 2983 805 3017 mores
822 2967 959 3018 homiuum
972 2967 1097 3032 dispares
1111 2971 1193 3032 atque
1206 2964 1339 3016 animalia
1357 2981 1422 3030 spe—

281 3035 392 3084 cialiter
404 3033 515 3082 diucrsa
527 3041 685 3096 naseuntur,
701 3051 770 3098 quae
784 3041 944 3099 rmncupcta
956 3043 1019 3084 sunt
1037 3051 1053 3084 a
1069 3033 1138 3085 locis
1152 3033 1313 3098 quibusdam
1332 3033 1420 3082 lamo-

280 3103 328 3164 sis,
347 3117 458 3166 quonum
470 3101 574 3165 primus
588 3109 630 3152 est
643 3103 754 3162 Metuis,
768 3103 903 3152 secundus
918 3105 1016 3166 Syene,
1039 3103 1137 3153 tertius
1150 3101 1320 3152 Catachoras
1334 3101 1361 3150 id
1376 3107 1421 3150 est

279 3171 384 3229 Africa,
405 3173 518 3234 quartus
531 3169 650 3232 erodns,
664 3171 774 3236 quintus
787 3170 998 3236 Hellespontus,
1020 3177 1113 3220 sextus
1125 3171 1315 3235 Mesopontns,
1332 3171 1420 3234 septi·

280 3253 339 3288 mus
357 3235 563 3288 Berusthenes.’
587 3237 632 3288 42:
657 3241 707 3288 ‘Ile
725 3239 944 3304 hemisphaeriis.
973 3237 1336 3304 Hemisp'hseriumdimidia
1353 3253 1420 3302 pars

280 3307 415 3372 sphaerae
435 3309 485 3354 cst.
510 3305 731 3372 hemisphaerion
744 3323 826 3373 supra
839 3312 940 3356 terram
958 3313 1002 3357 est
1019 3323 1052 3357 ea
1065 3323 1128 3372 pars
1141 3306 1227 3368 eseli,
1247 3321 1317 3370 quae
1341 3320 1358 3353 a
1371 3321 1419 3354 no·

280 3376 323 3425 bis
341 3379 402 3424 tota
419 3372 543 3423 uidetur:
562 3373 784 3442 hemisphaerion
802 3376 852 3425 sub
869 3380 945 3425 terra
963 3381 1019 3437 cst,
1043 3391 1113 3440 quae
1135 3374 1224 3424 uideri
1244 3388 1298 3422 nen
1316 3379 1419 3438 potest,

280 3442 409 3508 quamdiu
428 3441 477 3490 sub
496 3447 570 3492 terra
589 3442 690 3494 fuerit)
723 3444 766 3493 Cf.
790 3443 916 3510 §iderus
936 3444 1024 3509 origg.
1047 3443 1114 3493 XIII
1132 3443 1148 3491 5
1169 3441 1360 3492 Cassiodorius
1384 3443 1419 3491 de

280 3512 387 3562 artibus
406 3525 440 3560 ac
457 3509 613 3576 disciplima
630 3510 787 3562 llberalium
803 3511 958 3562 litterarum
977 3527 1038 3577 cap.
1051 3509 1127 3560 VIII.
1146 3537 1178 3546 -
1202 3510 1329 3575 Hyginus
1341 3511 1371 3560 P.
1385 3511 1418 3560 A.

281 3613 482 3626 ——-.-—--

363 3662 508 3727 2indieio
531 3669 585 3724 AB
605 3666 751 3726 incisione
773 3671 844 3726 ceni.
865 3667 990 3724 Griolr'us
1009 3665 1120 3726 indicio
1142 3669 1282 3724 Arrenius
1296 3659 1310 3746 11
1324 3683 1419 3742 ange-

278 3753 375 3811 lornm
392 3747 430 3808 Α2
446 3747 459 3831 11
474 3769 506 3808 se
519 3771 572 3809 om.
585 3756 609 3808 A
624 3746 636 3833 11
653 3752 809 3810 stellarum
825 3754 879 3810 AB
892 3756 960 3810 libri
972 3769 1068 3810 omnes
1084 3753 1177 3810 Griali
1197 3758 1314 3809 ceteras
1336 3753 1421 3826 vulgo

281 3834 323 3916 113
339 3835 502 3896 inerrabile
523 3833 559 3894 A¹
579 3837 789 3896 inennarabile
811 3833 849 3895 A²
875 3835 1108 3895 inenarrabilem
1128 3829 1329 3917 Β1141ηοὶοε
1350 3832 1390 3892 Βι
1406 3833 1419 3915 1·

278 3919 458 3982 inerrabiles
483 3921 508 3978 Β
529 3942 544 3980 s
563 3943 608 3980 es
632 3921 743 3981 rabiles
761 3925 785 3980 A
806 3921 1046 3982 inennarrabiles
1063 3917 1100 3978 A²
1111 3917 1128 4043 11
1144 3922 1205 3982 elnt
1225 3914 1364 4002 Allante
1389 3931 1421 3980 at

280 4027 351 4085 ergo
363 4012 388 4064 A
403 4017 475 4067 ante
492 4025 563 4084 ergo
580 4010 608 4065 Β
621 4001 635 4088 11
650 4019 795 4070 brumum
811 4011 835 4065 A
851 4005 863 4086 11
879 4006 1059 4068 deorsumue
1083 4011 1110 4066 Β
1147 4007 1286 4067 deorsum
1309 4011 1419 4064 Areon-

278 4098 323 4152 lus
342 4089 356 4174 11
377 4101 559 4171 postremum
585 4095 613 4150 B
636 4101 882 4172 postremumque
903 4098 926 4152 A
956 4087 970 4175 11
985 4095 1188 4152 neccessitate
1211 4084 1264 4172 Α11
1278 4099 1295 4154 6
1310 4087 1357 4170 ut]
1376 4113 1419 4150 s*

279 4187 312 4236 ut
336 4181 363 4235 B
379 4188 413 4236 ut
435 4172 536 4258 &All
559 4198 593 4236 ec
615 4173 653 4235 ΒῙ
675 4173 689 4260 11
711 4185 799 4238 extra
826 4175 864 4236 B¹
884 4173 935 4258 117
962 4199 1035 4238 axes
1064 4181 1142 4238 ABO
1169 4177 1231 4256 poli
1253 4177 1417 4258 Areoalasl}

278 4261 404 4322 horrens
426 4267 450 4320 A
470 4262 579 4322 boreas
599 4265 626 4320 B
641 4257 686 4346 118
707 4263 848 4344 aquiloni
866 4258 957 4322 BA²O
977 4258 991 4346 11
1011 4263 1078 4322 hies
1101 4269 1125 4322 A
1150 4262 1220 4322 hinc
1238 4265 1260 4321 0
1280 4256 1294 4344 11
1315 4271 1421 4321 arctoe

279 4351 401 4406 Barcte
418 4345 453 4405 A¹
476 4349 557 4406 arcio
576 4345 613 4407 A²
635 4347 765 4408 arduaO
781 4343 795 4431 11
810 4357 878 4408 sunt
901 4343 1131 4432 acarnanii
1154 4344 1247 4408 estA¹
1263 4347 1344 4406 idem
1357 4343 1411 4428 A²l

280 4433 494 4512 septentrionis
510 4436 535 4491 A
