3162 5058
716 415 820 458 curvo
843 416 855 455 1
1291 397 1353 462 365

218 567 356 647 quidem,
369 566 480 647 quibus
496 566 576 626 hano
592 565 836 628 observationem
847 565 997 640 firmaret,
1012 587 1074 626 nou
1088 567 1204 644 attulit;
1222 567 1278 626 sed
1293 587 1353 627 non

217 670 357 730 difficilia
371 677 441 728 sunt
456 669 592 730 inventu.
626 671 710 730 nisus
730 675 776 727 eat
794 668 875 726 anim
892 667 957 727 sine
973 665 1065 726 dubio
1082 668 1263 750 Hieronymi
1284 689 1351 729 ver-

217 769 264 830 bis
278 773 309 830 in
322 771 513 850 praefatione
532 769 573 828 ad
589 770 752 831 chronicon
769 768 884 828 Eusebi
902 765 1022 846 abipso
1038 767 1217 828 translatum
1234 777 1265 829 et
1280 789 1351 829 auc·

215 883 293 932 tum:
316 893 334 931 a
355 875 442 931 Troia
462 890 553 946 usquc
576 877 616 932 od
633 875 798 932 uicesimum
825 873 1005 930 Constantini
1025 889 1132 928 annum
1152 891 1230 930 nnnc
1254 876 1352 932 addito

216 995 293 1034 nunc
307 981 399 1033 mixto
411 983 479 1032 sunt
491 978 632 1048 plurimo,
651 978 772 1048 quaeda
791 975 958 1047 Tranquillo
970 981 997 1029 el
1008 975 1111 1030 celeris
1122 976 1279 1032 illustribus
1295 977 1353 1032 liis·

216 1079 314 1136 loricis
329 1079 522 1133 curiosissime
537 1079 747 1147 excerpsimus.
785 1073 903 1133 addidit
922 1080 1022 1132 autem
1042 1073 1248 1153 Hieronymus
1265 1093 1352 1154 prae·
1395 1128 1398 1134 ,

215 1176 335 1236 toralia
349 1195 429 1256 quac
443 1175 649 1234 Mommsenns
666 1177 697 1234 in
713 1175 917 1255 disputatione
934 1173 972 1234 de
988 1173 1162 1233 auctoribus
1173 1175 1353 1255 Hieronymi
1399 1233 1405 1244 ,

217 1297 323 1338 comm.
341 1297 403 1338 eoc.
422 1275 533 1336 Saxon
548 1277 620 1338 hist·
638 1285 667 1335 et
685 1276 791 1355 philol.
811 1277 828 1336 I
850 1297 881 1354 p.
905 1285 956 1340 669
977 1296 1044 1356 sqq.
1071 1276 1186 1334 inserte
1210 1285 1353 1336 accurate

217 1380 350 1456 conlegit
373 1378 411 1438 de
431 1380 503 1440 viris
522 1379 691 1439 litterarum
714 1378 876 1438 latinarum
902 1377 1079 1438 inlustribus
1102 1377 1214 1448 multae
1239 1397 1353 1458 easque

215 1480 451 1560 pretiosissimae
467 1479 691 1541 adnotationes.
728 1499 807 1561 quae
823 1489 970 1559 excerpta
988 1479 1030 1538 ibi
1046 1479 1205 1554 desinunt,
1231 1477 1281 1538 ubi
1301 1479 1353 1540 de-

216 1584 304 1642 siisse
319 1581 446 1642 Suetoni
462 1581 570 1642 librum
588 1591 639 1642 aut
652 1583 763 1642 scimus
777 1590 829 1641 aut
844 1583 909 1640 veri
925 1581 1023 1640 simile
1036 1589 1092 1640 est.
1121 1600 1185 1640 rem
1197 1599 1269 1640 vero
1283 1601 1352 1640 con·

216 1685 280 1744 ficit
296 1703 462 1744 consensus
476 1683 750 1744 additamentomm
767 1703 834 1742 cum
845 1681 951 1742 libello
968 1681 1006 1741 de
1022 1683 1226 1759 grammaticis
1244 1691 1274 1742 et
1285 1683 1353 1742 rhe-

216 1786 349 1857 toribus,
365 1783 446 1844 unde
461 1784 571 1844 hausta
588 1804 656 1844 csse
670 1785 723 1845 illa
739 1787 769 1846 in
785 1793 891 1865 aperto
912 1785 960 1844 sit.
993 1803 1047 1842 suo
1068 1785 1134 1842 iura
1152 1783 1243 1861 igitur·
1258 1783 1353 1844 Scali-

215 1907 271 1965 ger
281 1887 443 1966 plerasque
459 1885 687 1946 adnotationum
698 1886 871 1946 huiusmodi
883 1885 923 1946 ad
938 1886 1114 1947 Suetonium
1128 1893 1280 1944 auctorem
1294 1895 1353 1944 ret·

215 1990 293 2049 tnlit.
306 2008 395 2069 quam
407 1987 528 2068 quidem
539 2007 604 2046 rem
616 1989 658 2048 ita
669 1988 799 2047 instituit
810 1995 842 2046 ut
856 1987 944 2048 simul
957 1987 1018 2046 alie
1030 1985 1165 2046 eiusdem
1178 1985 1354 2046 Suetoniani

214 2091 284 2152 libri
298 2088 464 2169 particulas
480 2091 621 2168 aperiret.
642 2091 686 2148 sic
698 2091 825 2150 Terenti
837 2092 930 2148 vitam
944 2089 1032 2148 initio
1045 2086 1226 2146 scholiorum
1239 2087 1269 2146 in
1281 2107 1352 2166 poe·

215 2206 275 2255 tam
288 2194 417 2272 positam
429 2191 601 2250 testimonio
616 2193 747 2264 Donati,
769 2189 850 2272 quod
866 2187 966 2248 adhuc
982 2187 1155 2264 neglectum
1168 2199 1248 2262 crat,
1266 2189 1353 2249 adhi·
1391 2243 1402 2262 ,

214 2297 277 2357 hita
291 2294 436 2354 Suetonio
452 2292 630 2352 vindicavit.
666 2313 703 2352 ex
719 2292 777 2352 hoc
794 2300 895 2352 autem
910 2291 974 2350 vite
988 2290 1213 2368 Hieronymum·
1230 2309 1285 2351 sua
1301 2311 1352 2351 ex·

216 2399 367 2476 carpsisse
383 2414 471 2454 nemo
489 2401 610 2472 poterat
624 2413 748 2470 negare.
783 2392 893 2454 deinde
909 2393 1002 2452 vitam
1018 2392 1152 2465 Lucani,
1171 2392 1249 2452 inter
1262 2413 1353 2472 quam

216 2509 246 2558 et
266 2496 447 2576 Hieronymi
463 2493 501 2554 dc
518 2513 598 2553 aare
614 2494 841 2556 adnotationem
858 2493 966 2554 eadem
988 2492 1150 2554 intercedit
1164 2495 1258 2569 ratio,
1276 2497 1353 2556 mus-

217 2602 286 2662 dem
298 2599 456 2678 scriptoris
470 2615 538 2656 esse
555 2595 719 2668 iudicavit,
736 2596 801 2654 sive
817 2598 963 2656 sermonis
978 2595 1174 2656 similitudine
1187 2597 1295 2660 ductus
1307 2608 1354 2658 est

215 2706 281 2778 eive
296 2723 329 2762 re
344 2701 436 2780 plane
453 2698 628 2758 confirmata
644 2699 710 2777 ipso
728 2717 878 2756 consensu
894 2717 959 2756 cum
977 2697 1207 2778 chronographo
1224 2700 1353 2760 eundern

216 2806 330 2864 fontem
348 2801 379 2861 id
398 2809 444 2860 eat
458 2800 635 2860 Suetonium
651 2799 725 2859 satis
744 2799 871 2858 indicari
888 2799 1015 2878 putavit.

300 2903 362 2963 Sed
379 2919 511 2962 summus
532 2900 585 2960 ille
608 2902 654 2960 vir
670 2901 915 2960 observationem
933 2919 1018 2960 suam
1042 2902 1108 2979 ipse
1131 2905 1223 2964 certis
1244 2903 1352 2966 finibus

214 3028 275 3066 non
292 3003 544 3081 circumscripsit,
569 3021 636 3062 cum
660 3022 713 3082 pro
737 3001 861 3062 arbitrio
882 3021 936 3062 suo
959 3021 997 3062 ex
1016 3002 1261 3065 adnotationibus
1277 3008 1351 3068 Hie·

215 3109 335 3189 ronymi
350 3127 403 3168 eas
420 3104 551 3181 eligeret
567 3123 645 3184 qnae
662 3104 807 3164 Suetonio
829 3103 1033 3165 vindicandae
1054 3107 1240 3168 viderentur.
1282 3129 1351 3169 con·

215 3219 393 3272 sentaneum
413 3227 486 3267 vero
507 3214 554 3264 est
578 3215 631 3266 ant
652 3207 753 3265 omnia
775 3205 945 3266 huiusmodi
967 3207 1176 3268 additamenta
1196 3217 1248 3268 ast
1269 3221 1353 3270 corta

216 3331 320 3370 eorum
336 3328 454 3386 genera
478 3307 576 3398 eidem
599 3309 716 3366 auctori
736 3307 907 3367 restituere.
951 3307 1033 3386 quod
1055 3310 1114 3369 viri
1137 3309 1218 3370 docti
1242 3309 1352 3370 decimi

215 3413 337 3492 septimi
362 3419 394 3469 et
414 3411 514 3470 octavi
535 3409 650 3488 saeculi
670 3418 785 3468 tantum
813 3409 890 3467 afuit
914 3419 947 3468 ut
972 3411 1167 3489 perficerent,
1192 3421 1225 3471 ut
1249 3432 1353 3472 eorum

216 3515 327 3574 inertia
341 3511 532 3590 praeclarum
545 3509 695 3587 Scaligeri
710 3512 866 3569 inventum
882 3511 913 3568 in
926 3509 1068 3570 thesauro
1081 3521 1250 3592 temporum
1266 3516 1353 3592 qnasi

215 3615 366 3696 sepultum
382 3615 512 3685 iaceret,
539 3612 636 3672 donec
656 3611 831 3671 Fridericus
846 3612 1032 3672 Ritschelius
1050 3617 1215 3686 (Suetonius
1233 3621 1268 3674 de
1284 3621 1354 3676 uiris

213 3720 385 3784 illustribus,
408 3735 488 3794 quae
512 3715 723 3774 commentatio
743 3712 870 3792 primum
886 3715 969 3776 edita
984 3723 1030 3774 est
1045 3716 1185 3776 inmueeo
1201 3717 1352 3778 Rhenano

213 3838 293 3878 novo
310 3820 340 3878 H
352 3842 382 3899 p.
399 3827 450 3880 615
465 3837 548 3898 sqq,
566 3817 677 3878 deinde
697 3817 827 3896 repetita
848 3827 879 3876 et
897 3827 986 3878 aucta
1002 3818 1033 3875 in
1048 3817 1218 3896 appendice
1233 3839 1351 3898 parerg.

213 3921 315 3981 Plaut.
328 3921 385 4001 Ip.
401 3930 452 3984 609
467 3919 549 4000 sqq.)
562 3928 592 3980 et
607 3919 781 3978 memoriam
793 3920 857 3978 cius
873 3919 933 3978 iam
948 3921 1174 3978 intermortuam
1188 3923 1351 3980 resuscita·

213 4023 259 4080 vit
271 4030 302 4080 et
313 4029 456 4102 quattuor
467 4022 694 4083 adnotationum
707 4041 832 4098 genera,
846 4041 926 4102 quae
943 4021 981 4082 ad
995 4021 1172 4082 Suetonium
1189 4021 1352 4082 reserenda

215 4131 318 4182 essent
329 4131 499 4194 auctorem,
517 4123 661 4185 discrevit
676 4123 718 4182 ita
733 4133 766 4182 ut
780 4123 1003 4202 appellationes
1019 4122 1126 4202 quibus
1144 4125 1351 4204 Hieronymus

215 4225 358 4284 inlustres
381 4227 464 4285 viros
492 4227 650 4303 insignivit
675 4233 796 4284 secutus
826 4245 863 4286 ea
889 4245 968 4304 quae
993 4223 1032 4282 de
1058 4224 1157 4303 poetis
1181 4226 1350 4287 oratoribus

213 4327 420 4402 grammaticis
441 4326 612 4387 rhetoribus
632 4327 768 4386 traderet
791 4345 829 4386 ex
857 4325 984 4386 totidem
1012 4326 1150 4405 partibus
1171 4308 1365 4388 Suetonioni¹

213 4425 282 4485 libri
300 4435 421 4507 sumpto
439 4449 506 4488 esso
528 4428 664 4488 doceret.
701 4448 780 4507 quae
797 4427 906 4488 divisio
926 4429 1014 4508 quasi
1030 4428 1226 4490 laudamento
1244 4431 1351 4490 nititur
