3190 5098
674 399 781 442 osser·
804 401 827 442 n
1257 393 1316 453 437

175 546 247 606 bere
276 547 426 626 possimus
455 555 558 607 nostro
583 549 648 608 inre
674 553 831 630 suspicari.
879 573 978 634 neque
1007 575 1062 616 nos
1088 557 1146 617 bac
1177 561 1318 640 opinione

176 669 288 708 avoro
313 649 484 708 declinasse
508 653 676 711 certissimo
700 655 872 714 testimonio
895 666 927 713 nt
951 659 1048 716 omnis
1069 657 1216 721 dubitatio
1228 663 1319 722 'absit

176 749 396 830 conprobatur,
433 751 514 831 quod
541 773 608 812 cum
634 754 750 814 diutino
776 759 835 818 situ
865 757 1030 818 obductum
1060 771 1091 820 et
1121 761 1196 841 ipsis
1226 764 1318 825 medii

176 852 245 910 aevi
279 849 413 912 tenebris
445 852 580 914 abditum
610 853 721 916 luisset
752 877 807 916 nos
832 858 1014 920 demnnrin
1042 861 1140 922 lucem
1168 869 1317 943 protraxi-

175 973 251 1012 mns.
280 963 363 1014 extat
378 955 460 1014 enirn
475 957 556 1036 apnd
573 957 722 1035 Congium
738 960 769 1018 in
785 953 934 1037 glossarib
951 961 1072 1020 mediae
1091 975 1121 1024 et
1135 967 1256 1026 infimae
1272 968 1317 1026 la·

175 1057 303 1116 tinitatis
319 1077 342 1115 a.
358 1077 387 1116 v.
406 1061 524 1115 baelone
542 1057 618 1116 haec
636 1061 798 1119 memoria:
831 1065 965 1132 boulara,
995 1065 1137 1136 Vynta‘om',
1161 1071 1273 1126 latrare
1290 1079 1319 1128 et

174 1167 217 1216 est
235 1163 356 1232 proprie
378 1179 492 1216 eranam.
532 1179 600 1218 moa
615 1164 687 1220 boec
705 1165 799 1222 addit:
832 1165 988 1222 Sindom'us
1009 1169 1038 1223 in
1058 1170 1182 1226 tibrada
1205 1176 1319 1228 oneraris

174 1277 272 1318 reram
284 1265 368 1334 ponit
380 1265 504 1336 proprio
520 1265 605 1328 verbo
619 1268 785 1322 animalium
801 1270 957 1324 secandum
977 1285 1070 1326 vocem
1088 1287 1163 1342 quoe
1185 1275 1213 1328 in
1229 1281 1317 1344 porte

172 1379 327 1434 ponemus:
346 1367 458 1422 leonum
473 1383 500 1422 e.
519 1383 546 1442 q.
565 1385 589 1422 s.
621 1365 661 1422 cf.
682 1365 790 1442 fragm.
811 1376 867 1428 161.
885 1369 1035 1428 neminem
1051 1370 1143 1428 eredo
1158 1371 1250 1448 fugit,
1267 1371 1317 1430 hic

175 1463 353 1524 Suetonium
368 1472 474 1542 aperte
491 1465 618 1524 indicari
637 1477 815 1548 partemque
836 1467 954 1528 landari
974 1479 1128 1549 pratorum
1143 1491 1211 1532 eam
1225 1493 1317 1553 qnam

89 1561 93 1568 '
173 1567 204 1626 iu
217 1565 422 1644 superioribus
437 1567 685 1644 significavimus.
717 1569 854 1628 eiusdem
875 1571 1037 1649 fragmenti
1053 1572 1092 1632 de
1109 1571 1236 1632 vocibus
1252 1573 1316 1634 ani·

174 1669 318 1726 mentium
332 1669 468 1726 meminit
483 1667 673 1728 Boxhornius
691 1669 730 1730 ad
744 1671 846 1730 Plauti
861 1671 1052 1734 Menaechm.
1069 1673 1136 1734 1111
1154 1685 1185 1748 2,
1200 1683 1230 1738 91
1243 1699 1250 1736 :
1271 1695 1316 1735 ve·

173 1779 219 1830 tus
238 1774 445 1844 grammaticus
463 1773 596 1830 Sidonius
617 1776 699 1831 cuias
718 1775 916 1848 fragmentum
937 1780 972 1834 de
993 1779 1106 1836 vocibus
1129 1782 1316 1836 animantium

174 1877 202 1930 in
226 1877 332 1946 atiquo!
352 1876 500 1946 glossariis
519 1893 584 1933 mss.
608 1879 728 1948 legitur:
767 1886 872 1935 noctua
892 1881 1023 1936 occubat.
1055 1897 1144 1956 quam
1162 1879 1316 1938 Boxhorni

174 1974 400 2032 adnotationem
424 1986 638 2034 commemorat
655 1975 796 2036 Osannns
821 1977 917 2057 symb.
942 1977 998 2036 litt.
1012 1979 1045 2036 Il
1060 1999 1090 2056 p.
1109 1989 1176 2050 316,
1195 2001 1248 2059 pro
1267 1981 1312 2039 si-

173 2074 262 2134 donio
288 2073 404 2136 addens
428 2077 619 2137 Calidoniam
642 2077 693 2136 vel
714 2077 893 2138 Oledonium
913 2101 932 2138 a
947 2079 1118 2138 Colomesio
1141 2079 1179 2137 ad
1201 2081 1314 2161 llyral-

175 2175 245 2234 dum
260 2197 290 2255 p.
306 2185 357 2239 295
374 2175 427 2255 (cf.
446 2179 604 2264 Fabricius
620 2177 692 2238 bibl.
707 2179 760 2237 lat.
777 2179 826 2238 Ill
846 2201 874 2258 p.
895 2191 947 2242 410
969 2179 1016 2239 od.
1038 2181 1126 2258 Ern.)
1152 2185 1317 2261 repositum

175 2300 253 2339 esse.
284 2299 374 2360 quam
391 2281 595 2340 coniecturam
614 2289 697 2340 recte
714 2280 886 2360 inprobavit
906 2281 1063 2342 Osannus:
1087 2282 1142 2342 sed
1159 2283 1233 2362 quid
1247 2285 1314 2362 ipse

174 2385 302 2444 sentiret
315 2405 374 2444 non
395 2384 555 2454 indicavit,
573 2401 655 2442 more
673 2401 726 2442 sno
749 2382 789 2441 ad
807 2383 887 2442 hanc
907 2404 971 2442 reru
991 2404 1024 2443 se
1048 2383 1212 2442 rediturum
1227 2386 1316 2462 polli-

174 2489 262 2546 oitns.
285 2487 405 2548 interim
419 2486 550 2565 corrupti
564 2487 691 2544 nominis
706 2483 950 2544 emendationem
963 2486 1123 2566 occupavit
1138 2485 1316 2564 ltothius*).

174 2587 229 2648 sed
245 2589 326 2670 quod
343 2589 498 2649 Sidonium
514 2589 743 2665 grammaticum
760 2595 883 2666 praeter
896 2587 1102 2646 Bouliornium
1118 2589 1196 2648 levis
1213 2599 1315 2650 aucto·

174 2691 272 2749 uitatis
302 2691 454 2750 bominem
479 2711 567 2748 nemo
596 2689 784 2770 adpellasset
812 2689 909 2749 noluit
934 2689 1067 2750 flosculis
1099 2699 1190 2771 atque
1214 2689 1316 2749 herbis

175 2803 295 2870 epratc
314 2793 465 2872 decerptis
487 2801 579 2871 capnt
599 2793 637 2852 de
653 2791 778 2852 vocibus
795 2793 990 2852 animantium
1007 2791 1130 2851 addere.
1148 2791 1229 2872 quod
1245 2813 1315 2852 con·
1408 2825 1411 2832 ·

175 2905 221 2954 tra
237 2895 324 2954 nobis
340 2895 378 2954 do
399 2895 578 2953 auctoritate
597 2895 688 2974 paulo
707 2893 911 2954 securioribus
930 2915 998 2954 csse
1020 2895 1108 2966 licet,
1130 2897 1243 2974 qnippe
1265 2895 1317 2974 qui

174 3017 233 3056 non
247 2997 313 3055 sola
326 2995 492 3054 Boxhoruii
507 2996 704 3056 adnotatione
724 2998 871 3070 nitamur,
894 2996 950 3056 sed
968 2997 1058 3056 etiarn
1076 2998 1217 3074 glossarii
1235 2995 1318 3076 quod

174 3099 288 3174 Vgntio
305 3117 384 3156 anno
401 3099 522 3172 circiter
542 3109 610 3162 1200
625 3099 759 3177 conlegit
768 3099 841 3158 fide.
879 3109 970 3179 quatn
984 3119 1022 3158 ne
1043 3099 1133 3158 facile
1157 3101 1316 3178 impugnes

175 3199 315 3276 probibet
335 3198 440 3257 titulus
462 3202 599 3279 quicum
620 3203 686 3282 ipso
709 3211 854 3280 excerpto
879 3221 916 3258 ex
940 3201 1151 3280 antiquissima
1173 3201 1318 3258 memoria

174 3310 316 3380 receptus
334 3310 389 3360 est.
406 3301 533 3380 pluralis
545 3303 667 3383 quidem
683 3304 733 3362 ille
749 3308 859 3362 nataris
872 3325 890 3362 a
902 3313 1006 3362 nostra
1022 3303 1140 3378 vulgari
1157 3310 1317 3360 eonsuetu-

175 3402 244 3462 dine
258 3403 432 3482 discrepare
447 3403 579 3474 videtur,¹
596 3404 651 3468 'sed
664 3385 876 3464 usitatissimus
892 3413 938 3463 est
953 3405 1054 3463 Plinio
1069 3402 1241 3462 innaturali
1256 3403 1317 3459 his-

175 3505 262 3563 toria.
290 3524 347 3563 neo
373 3504 517 3577 alienum,
529 3515 601 3586 puto
620 3506 729 3564 Isidori
749 3506 844 3584 origg.
864 3505 944 3564 VIII
962 3515 994 3576 6,
1019 3503 1141 3566 tverba
1153 3505 1212 3562 hnc
1225 3503 1316 3583 adpo-

174 3627 262 3666 nere:
279 3611 483 3682 plrpsicidicti,
501 3612 614 3682 quiade
628 3605 948 3684 arctarislroctont**).
966 3605 1159 3665 confirmatur
1170 3615 1271 3666 antem
1288 3614 1319 3664 et

240 3758 265 3822 ²¹)
284 3761 417 3811 Similiter·
434 3759 612 3824 depravatum
632 3763 673 3808 est
692 3775 708 3808 a
726 3760 848 3809 librariis
862 3759 973 3808 Snctorri
987 3773 1084 3808 nomen
1098 3775 1123 3823 p.
1138 3756 1201 3820 266,
1218 3757 1238 3808 l.
1257 3755 1316 3820 268,

178 3844 198 3894 l.
218 3845 283 3908 350,
302 3845 325 3896 8.
350 3843 473 3895 'eandem
492 3861 557 3895 voro
577 3844 759 3908 corruptelam
779 3845 806 3894 in
820 3843 956 3894 Vaticano
976 3842 1070 3892 codice
1090 3848 1199 3902 extare,
1219 3843 1246 3890 in
1266 3855 1319 3905 qno

174 3929 276 3980 rinconi
295 3945 403 3990 varens,
423 3930 520 3993 quibua
539 3931 652 3980 Suetoni
665 3930 698 3978 dc
712 3931 771 3978 vita
785 3931 935 3979 Caesarum
949 3928 1035 3978 libros
1053 3927 1080 3975 in
1100 3929 1235 3992 epitomen
1256 3943 1317 3976 coe·

175 4013 230 4078 git,
250 4015 360 4065 Sidonio
380 4014 586 4076 adscribantur,
605 4016 636 4064 Α.
656 4014 803 4064 Michaelis
821 4014 853 4062 0.
875 4013 970 4062 lnhnio
988 4013 1109 4077 scripsit.

241 4097 280 4160 ”l
299 4099 424 4149 Eundem
435 4099 623 4164 inscriptionis
641 4115 718 4148 rreum
732 4103 850 4148 testatur
863 4099 1058 4162 Hieronymus,
1080 4098 1125 4162 qni
1138 4095 1230 4146 multis
1248 4095 1318 4147 loeis

174 4184 338 4247 scriptorum
360 4183 440 4234 huius
464 4184 574 4247 generis
597 4183 734 4233 meminit:
755 4201 851 4234 eounn.
876 4183 904 4231 in
927 4183 992 4232 lsai.
1012 4183 1104 4232 xvlll
1129 4179 1163 4230 66
1181 4187 1243 4230 torn.
1264 4183 1318 4231 llll

175 4283 201 4332 p.
211 4267 306 4334 stosq.
318 4268 405 4318 Valla
420 4269 489 4318 ciunt
503 4273 546 4334 pur'
556 4270 587 4318 de
601 4271 759 4318 minantium
771 4271 900 4334 scripsere
913 4269 1025 4328 trutinis,
1038 4269 1141 4316 orientum
1154 4267 1252 4332 prn'rlem
1264 4265 1318 4316 bes·

173 4354 264 4402 ttnmrm
282 4360 307 4403 et
325 4355 487 4403 iumentorum
505 4359 530 4403 et
545 4355 668 4418 pecudum
686 4355 815 4420 canonque
832 4355 966 4417 ingenitum
990 4367 1045 4401 esse
1063 4354 1088 4400 in
1103 4353 1171 4414 filios
1188 4355 1318 4417 peritosque

172 4453 231 4488 suos
244 4441 375 4504 offertum,
397 4439 587 4489 securatam
600 4455 656 4488 ease
669 4455 777 4489 eruorem
790 4440 942 4506 aquilarum,
960 4453 1025 4502 prae
1038 4440 1062 4486 tn
1080 4439 1190 4486 excelsu
1207 4443 1233 4486 et
1249 4438 1317 4486 inne
