3190 5098
634 416 642 431 ·
698 413 802 452 csrvr
827 413 849 451 n
1276 393 1337 456 429

201 563 278 622 adeo
300 583 355 622 nos
380 562 419 636 de
441 562 517 620 libro
539 563 684 621 Varronis
708 561 788 621 unde
808 563 884 620 haec
906 561 1085 641 deprompta
1108 564 1167 620 sint
1194 565 1338 622 certiores

200 663 287 738 facit,
305 687 372 724 cnm
387 665 416 722 V
433 675 461 725 ll
482 664 693 742 prognostica,
707 665 788 744 quod
805 673 851 722 est
866 665 966 722 adline
978 672 1200 740 argumentum,
1217 665 1338 722 tradere

200 789 234 826 se
250 767 332 826 dicat
353 786 390 825 ex
401 765 559 840 ¹Varronis
580 766 611 824 in
633 766 718 824 libris
739 764 900 824 navalibus
924 767 1086 824 sententie.
1121 766 1227 844 litaque
1247 765 1338 824 etiam

202 869 391 943 Suetonium,
423 888 515 946 quem
539 867 649 926 Isidori
678 867 791 925 iontem
824 886 892 926 esse
922 865 1039 924 duobus
1065 863 1125 926 illis
1155 870 1339 945 argumentis

200 969 357 1028 Beckerus
378 979 483 1049 aperte
506 969 613 1038 evicit,
640 987 705 1025 oum
722 967 859 1025 Varrone
880 967 1005 1040 fecisse,
1026 965 1107 1046 quod
1127 969 1250 1028 eosdem
1267 969 1339 1026 duo-

202 1072 300 1131 decim
314 1081 422 1130 ventos
447 1072 600 1147 agnoscit,
627 1089 682 1149 pro
702 1068 861 1146 explorato
883 1069 1054 1128 habendum
1077 1079 1132 1128 est.
1165 1069 1221 1127 sed
1239 1077 1339 1128 tamen

202 1173 331 1232 eundem
347 1194 407 1232 non
423 1175 538 1232 iurasse
549 1172 579 1230 iu
592 1171 845 1242 verba'auctoris,
870 1172 913 1231 cis
929 1191 1008 1253 quae
1023 1171 1071 1230 hic
1090 1180 1121 1230 et
1136 1170 1199 1230 illic
1215 1171 1340 1228 novavit

202 1275 293 1335 facile
310 1275 463 1360 docemur.

285 1376 412 1436 Duobus
427 1375 518 1453 igitur
535 1375 611 1434 locis
622 1373 771 1434 Isidorum
787 1397 805 1433 a
822 1377 966 1434 Suetonio
978 1375 1161 1454 pendentem
1178 1393 1251 1432 casu
1265 1373 1339 1432 miro

201 1479 357 1538 Beckerus
386 1477 596 1557 deprehendit
638 1495 699 1555 qus
719 1495 752 1534 re
772 1477 836 1534 iure
859 1477 943 1536 nisus
973 1485 1035 1550 est,
1064 1486 1098 1535 ut
1123 1495 1236 1540 omnes.
1255 1475 1339 1533 locos

202 1581 358 1641 electrinae
373 1557 495 1659 plenos,
514 1597 641 1658 quorum
657 1577 733 1636 alios
746 1585 884 1636 auctores
900 1577 1107 1637 demonstrare
1119 1599 1178 1636 uon
1191 1579 1339 1656 possimus

203 1717 240 1726 -
262 1682 492 1759 diligentissime
516 1688 617 1739 autem
633 1677 788 1736 Beckerus
812 1689 914 1738 cetera
933 1679 1044 1738 Isidori
1063 1679 1198 1739 subsidia
1213 1680 1338 1756 indaga-

201 1786 246 1842 vit
261 1819 299 1828 —
315 1782 495 1861 Tranquillo
514 1779 634 1840 tribuat.
666 1779 721 1840 sed
737 1801 815 1860 quae
836 1791 882 1840 est
898 1783 963 1840 eins
981 1780 1141 1860 prudentia
1158 1801 1210 1840 eos
1225 1791 1339 1842 tantum

203 1895 374 1958 enumerat,
393 1903 518 1964 quorum
535 1885 619 1960 origo
635 1881 822 1941 Suetoniane
836 1883 939 1962 aliqua
962 1884 1079 1942 ratione
1097 1884 1194 1961 possit
1208 1882 1339 1962 probari.

203 1990 246 2048 sic
264 2009 294 2066 p.
312 1986 393 2046 XXI
404 2007 448 2065 sq.
469 1985 594 2043 alteram
616 1985 723 2062 capitis
740 1985 828 2061 primi
848 1984 1071 2064 paragraphum
1096 1984 1133 2042 de
1157 1985 1250 2044 initiis
1268 1983 1339 2056 diei,

203 2087 313 2148 deinde
327 2087 454 2145 alterum
472 2085 511 2143 de
528 2093 617 2143 nocte
634 2088 740 2164 capnt,
759 2085 933 2144 dubitanter
951 2071 1070 2144 tertium
1086 2085 1123 2144 de
1140 2084 1341 2160 hebdomada,

204 2197 285 2274 porto
299 2187 409 2248 iudicio
423 2207 495 2246 usus
508 2195 647 2266 quartum
665 2185 702 2245 de
720 2187 887 2260 mensibus,
902 2197 1054 2265 postremo
1068 2195 1186 2244 sonttun
1203 2187 1241 2246 de
1261 2207 1339 2244 auno

204 2291 354 2352 Suetonio·
360 2289 537 2349 vindicavit.
560 2287 639 2368 quod
655 2295 687 2345 ut
698 2289 815 2346 faceret
826 2289 957 2348 maxime
969 2290 1063 2346 mevit
1075 2307 1153 2360 eum,
1166 2287 1246 2368 quod
1260 2287 1340 2346 simi-

204 2393 246 2453 lia
257 2392 311 2452 sed
327 2413 388 2452 uon
399 2411 520 2470 prorsus
535 2389 641 2449 eadem
653 2389 822 2448 Varronem
838 2389 877 2447 de
889 2389 934 2446 his
945 2389 1035 2448 rebus
1047 2389 1205 2468 scripsisse
1217 2391 1339 2454 scimus.

205 2493 253 2553 cui
273 2493 385 2552 indicio
406 2492 535 2550 alterurn
555 2491 719 2550 infeliciter
744 2491 913 2570 copulavit,
941 2491 1091 2550 interdum
1114 2511 1238 2570 prorsus
1261 2511 1341 2550 nova

205 2595 306 2654 dehis
322 2593 471 2657 Isidorum
488 2589 576 2664 dare,
592 2593 687 2652 veluti
704 2611 783 2671 quae
805 2592 842 2650 de
860 2591 955 2669 Cinge
973 2592 1153 2652 Sabinorum
1168 2613 1241 2668 rege
1258 2593 1341 2652 dicut

205 2697 326 2776 (fragm.
345 2693 419 2760 118*
436 2717 466 2776 p.
486 2705 549 2766 166,
564 2695 604 2770 2).
633 2695 689 2753 sed
705 2695 816 2773 ipsein
833 2694 1030 2752 adnotatione
1046 2695 1151 2752 critica
1161 2695 1218 2754 hoc
1232 2715 1341 2754 nomeu

206 2807 376 2876 corruptum
391 2797 497 2856 merito
513 2795 623 2870 habet,
640 2795 1170 2874 Sancumlaterodoctesuspicatus.
1201 2799 1341 2879 equidem
1395 2787 1399 2795 ¹

205 2903 270 2959 sere
286 2898 423 2958 adducor
439 2907 471 2956 ut
496 2897 617 2957 credam
644 2897 809 2970 Isidorum,
839 2919 929 2980 quem
950 2899 1251 2975 neglegentissimnm
1274 2901 1340 2960 bre-

204 3001 352 3060 viatorem
374 3001 469 3059 suisse
488 3009 596 3079 postea
617 3001 696 3079 aptis
721 2980 867 3079 cremplis
889 3001 1062 3072 ostendam,
1087 3001 1173 3061 Oinci
1197 3007 1342 3062 sest-orma

205 3103 376 3182 scriptoris,
405 3121 494 3181 quem
514 3121 534 3160 a
554 3101 685 3162 librariis
703 3103 839 3162 Macrobi
862 3103 1001 3181 Cingium
1021 3104 1170 3183 adpellari
1191 3103 1342 3176 videmus,

206 3203 519 3262 commemorationem
532 3223 550 3262 a
563 3203 708 3262 Suetonio
720 3203 778 3262 hoc
790 3203 857 3262 loco
869 3202 1011 3264 iniectam
1027 3214 1056 3264 et
1067 3206 1180 3264 veteris
1192 3205 1273 3265 illius
1286 3207 1340 3264 Sa·

205 3299 343 3362 binorum
350 3303 431 3381 regis
438 3324 548 3364 nomen
558 3304 742 3362 confudisse.
756 3305 908 3364 infelicius
916 3309 1005 3366 etiam
1014 3307 1169 3366 Beckems
1180 3307 1287 3366 eodem
1295 3329 1341 3366 ar·

205 3415 426 3482 gumentousas
439 3417 496 3480 est,
506 3416 539 3464 ut
551 3425 694 3466 annonem
705 3406 853 3464 naturalis
864 3417 893 3466 et
906 3411 1006 3485 magni
1019 3409 1210 3466 definitiones
1221 3409 1341 3486 (ti-agra,

209 3505 285 3568 121*
303 3527 332 3584 p.
353 3516 416 3579 170,
436 3508 548 3589 ttsqq.)
573 3509 774 3568 Suetonianss
792 3527 859 3566 csse
881 3509 1114 3582 demonstraret,
1133 3511 1212 3568 lianc
1233 3512 1342 3588 capitis

206 3609 285 3669 sexti
297 3616 414 3686 partem
426 3610 585 3669 itanovam
593 3629 660 3669 esse
668 3609 772 3668 diceus
785 3617 818 3666 ut
826 3610 942 3668 Grialio
954 3612 1157 3690 suspicionem
1163 3612 1301 3671 moverit.
1312 3622 1343 3670 at

206 3719 290 3768 recte
302 3711 415 3788 optimo
427 3710 497 3768 huic
508 3710 573 3769 viro
586 3711 624 3770 de
637 3709 746 3770 mendo
759 3711 899 3773 suboluit.
913 3731 1021 3790 nempe
1029 3713 1163 3772 Isidorus
1173 3734 1282 3772 annum
1289 3733 1341 3773 ns-

207 3810 336 3870 turalem
349 3812 420 3870 solis
433 3812 571 3892 eclipsim
580 3833 647 3872 esse
660 3812 838 3885 alucinator,
851 3833 962 3872 artuum
975 3833 1047 3872 vero
1058 3835 1207 3893 magnum,
1220 3817 1342 3897 quando

208 3921 240 3971 nt
258 3913 353 3992 ipsius
368 3912 470 3972 verbis
494 3923 562 3974 utar
584 3916 684 3974 omnis
705 3915 806 3975 sidera
832 3917 923 3975 certis
944 3916 1129 3994 temporibus
1149 3921 1342 3999 numerisque

209 4014 357 4092 conpletis
368 4013 407 4074 ad
420 4035 505 4074 suum
517 4015 616 4074 locum
629 4017 678 4076 vel
693 4017 829 4077 ordinem
843 4025 1044 4090 revertuntur,
1057 4021 1143 4098 qnasi
1155 4019 1205 4078 hic
1216 4041 1343 4098 magnas

208 4116 341 4176 Metonis
357 4136 453 4175 annus
471 4127 567 4190 esset,
588 4117 716 4178 ridicule
732 4119 978 4178 undevicensimo
1000 4139 1078 4178 anuo
1103 4120 1268 4180 secundum
1291 4141 1342 4180 an-

112 4269 117 4276 .
208 4216 309 4294 tiques
323 4217 402 4275 liniri
422 4217 569 4294 perhibet.
601 4219 761 4298 inquibus
781 4241 927 4299 perversa
952 4221 1134 4299 excerpendi
1156 4224 1273 4282 ratione
1289 4223 1343 4282 Isi-

209 4315 299 4374 dorns
325 4314 491 4374 verissimis
513 4315 639 4376 Snetoni
658 4322 862 4380 notationibus
883 4322 1046 4382 falsissima
1073 4325 1233 4385 inmiscuit.
1274 4345 1344 4384 nam

209 4416 372 4476 intercedit
386 4435 459 4474 saue
473 4417 576 4497 aliqua
591 4422 667 4480 ratio
682 4422 760 4480 inter
778 4443 873 4482 annos
888 4424 1043 4484 naturales
1059 4433 1090 4483 et
1106 4425 1181 4484 solis
1196 4426 1342 4504 eclipsim,
