3162 5058
720 360 825 404 carvr
849 356 860 402 1
1301 353 1363 417 369

217 511 382 590 plicitatem
405 512 469 570 eius
494 519 524 570 et
546 513 612 590 ipsa
628 521 786 572 testantur.
821 521 956 572 ceterum
973 533 1051 594 quae
1067 514 1110 575 ibi
1127 529 1290 600 usurpatur
1304 545 1365 587 non

217 621 277 672 tam
294 613 405 672 librum
420 613 607 674 inscribendi
622 633 711 695 quarn
729 614 843 674 citandi
858 617 952 690 ratio,
972 635 1039 676 cum
1055 618 1274 698 antiquioribus
1288 632 1362 684 tem-

217 714 340 794 poribus
357 716 469 774 nsitata
480 723 589 794 postea
600 717 631 776 in
645 716 877 776 desuetudinem
888 717 1032 791 abiisset,
1048 739 1109 778 non
1128 720 1244 782 inculta
1261 735 1362 787 aetate

203 818 310 878 'vitam
322 815 403 874 Plini
414 815 453 875 de
466 817 594 876 Suetoni
605 817 682 878 libro
695 818 850 878 sublatam
859 839 928 879 esse
939 818 1138 880 cerfissimnm
1150 832 1198 883 est
1208 825 1361 888 indicium.
1459 863 1467 870 ·

300 916 393 977 Libro
405 918 496 994 igitur
509 917 547 978 de
560 919 633 979 viris
646 919 824 980 inlustribus
837 941 904 980 curn
915 941 970 980 sex
985 941 1101 999 genera
1109 908 1276 987 litterarum
1286 929 1361 990 Sue·

216 1019 330 1078 tonitam
344 1027 550 1098 pertractasse
567 1020 823 1096 intellexerimus,
841 1023 918 1084 haec
934 1023 1060 1084 totidem
1075 1023 1145 1084 libri
1165 1039 1268 1106 partes
1289 1033 1361 1092 effe-

216 1121 296 1180 cisse
315 1129 552 1182 consentaneum
567 1122 719 1188 videntur.
752 1125 807 1186 sed
825 1128 877 1207 qui
892 1135 996 1206 partes
1014 1127 1194 1206 superstites
1209 1131 1247 1191 de
1262 1153 1360 1211 grum·

215 1223 334 1282 maticis
362 1230 392 1281 et
423 1221 461 1282 de
487 1223 659 1284 rhetoribus
692 1227 946 1301 consideraverit,
977 1228 1004 1286 is
1030 1227 1085 1288 has
1116 1247 1177 1288 non
1203 1230 1279 1292 duas
1305 1233 1361 1293 sed

215 1345 305 1384 uuam
334 1343 403 1384 esse
433 1325 577 1385 inveniet.
621 1347 691 1386 nam
718 1329 847 1406 primum
874 1329 1045 1390 rhetoricae
1071 1329 1216 1394 historiae
1244 1335 1361 1394 initium

215 1437 319 1507 aperte
339 1427 453 1487 indicat
466 1445 578 1486 novum
593 1435 685 1506 caput
700 1449 760 1488 non
778 1429 886 1489 librum
900 1451 1013 1492 novum
1027 1433 1179 1510 incipere;
1198 1432 1309 1495 deinde
1329 1439 1360 1498 in

215 1529 353 1588 omnibus
368 1530 524 1589 codicibus
547 1531 599 1610 qui
619 1528 741 1609 quidem
763 1531 862 1592 bonae
883 1542 953 1592 sunt
970 1533 1042 1592 fidei
1062 1532 1139 1592 libro
1167 1535 1210 1594 sic
1230 1537 1358 1618 inscrip-

214 1641 276 1691 tum
294 1641 357 1692 est:
381 1637 416 1692 de
433 1636 629 1707 proseucticis
643 1642 671 1690 ct
688 1635 860 1694 rhetoribus.
884 1633 965 1714 qnod
981 1635 1096 1694 vidisse
1110 1635 1203 1696 Rothi
1221 1639 1359 1700 meritum

215 1744 276 1811 est;
308 1734 363 1794 sed
396 1755 455 1793 non
481 1753 571 1794 ausus
601 1742 648 1792 est
670 1735 795 1812 vulgato
826 1736 896 1796 libri
927 1735 1038 1796 edendi
1064 1735 1153 1797 ruodo
1177 1739 1356 1822 abscedere.

215 1837 300 1896 cuius
315 1838 536 1896 inconstantiae
553 1836 709 1895 excusatio
725 1837 757 1895 in
769 1848 874 1918 aperto
889 1851 945 1902 est.
979 1863 1089 1922 nempe
1100 1845 1269 1920 argumenti
1283 1844 1359 1904 alte·

213 1940 276 1998 rius
290 1941 368 2013 vim,
384 1939 465 2019 quod
481 1957 498 1997 a
514 1935 659 1996 librorum
676 1939 858 2000 auctoritate
872 1944 938 2024 ipse
954 1963 1075 2024 quoque
1091 1945 1215 2024 petivit,
1234 1965 1295 2004 non
1312 1967 1359 2006 sa·

213 2042 251 2102 tis
275 2042 450 2120 perspicere
471 2049 607 2120 poterat,
629 2039 681 2119 qui
705 2042 822 2102 nullum
843 2044 941 2106 honae
968 2053 1059 2104 notae
1080 2044 1187 2105 librum
1208 2046 1360 2107 conlatum

213 2142 350 2202 haberet.
373 2145 404 2201 in
422 2140 532 2221 quihus
548 2143 639 2200 etiam
652 2141 779 2202 alteram
795 2147 932 2206 veritatis
947 2146 1092 2205 indicium
1112 2145 1358 2224 deprehenditur.

213 2245 476 2324 grammaticorum
503 2246 583 2304 enim
606 2253 637 2302 et
657 2243 811 2309 rhetorum
832 2245 950 2307 indices
975 2249 1059 2306 initio
1082 2245 1151 2306 libri
1165 2249 1257 2326 positi
1273 2257 1357 2307 sunt:

213 2346 296 2428 quod
307 2367 380 2406 sarie
396 2367 456 2406 non
468 2354 589 2425 poterat
600 2346 666 2406 fieri
683 2348 708 2405 si
725 2348 878 2409 rhetorum
891 2357 921 2408 et
936 2350 1200 2427 grammaticorum
1214 2351 1359 2411 historiae

213 2449 364 2529 separetis
387 2448 525 2528 partibus
541 2457 690 2508 tractatae
706 2460 818 2510 essent.
857 2471 918 2531 qua
932 2471 965 2510 re
982 2449 1125 2510 iudicium
1141 2452 1233 2510 etiam
1253 2450 1291 2511 de
1308 2471 1357 2510 ce-

212 2553 286 2610 teris
301 2551 439 2632 partibus
452 2550 625 2628 ambiguum
641 2550 708 2610 lieri
722 2571 849 2612 necesse
864 2561 920 2615 est.
947 2573 1016 2612 nam
1033 2572 1094 2612 non
1109 2551 1200 2612 video
1219 2571 1277 2632 quo
1293 2554 1358 2612 iure

212 2652 341 2712 Rothius
353 2673 407 2733 pro
421 2661 503 2712 certo
518 2651 723 2713 adfirmaverit
739 2664 862 2734 praeter
874 2654 1069 2733 superstitem
1080 2652 1189 2712 librum
1206 2653 1244 2713 de
1258 2674 1356 2732 gram

211 2757 329 2815 maticis
351 2765 383 2814 et
401 2753 572 2814 rhetoribus
594 2764 713 2815 ceteros
734 2757 868 2834 singulos
888 2756 982 2816 libros
1000 2756 1105 2816 fnisse.
1142 2755 1283 2836 equidem
1304 2776 1357 2815 ne·

212 2878 271 2939 que
288 2857 464 2936 praefracte
476 2857 617 2935 negantis
634 2877 734 2938 neque
750 2867 864 2917 certum
879 2857 1066 2918 adfirmantis
1082 2865 1185 2938 partes
1201 2857 1357 2938 suscipere

212 2958 328 3031 audeo,
345 2967 378 3017 ut
392 2959 471 3018 hanc
486 2979 550 3019 rem
560 2961 592 3020 in
603 2961 719 3018 incerto
732 2960 906 3040 relinquere
919 2961 1030 3019 malim.
1057 2980 1157 3041 neque
1172 2961 1268 3038 magis
1285 2979 1355 3018 cou-

212 3069 273 3119 stat
288 3059 326 3118 de
338 3045 444 3119 ordine
460 3081 519 3141 quo
535 3062 672 3139 singulae
688 3071 791 3140 partes
809 3081 841 3121 se
861 3062 1049 3141 exceperint.
1080 3081 1199 3121 sensnm
1215 3081 1315 3120 meum
1331 3063 1356 3120 si

212 3181 337 3240 sequor,
368 3181 429 3220 non
459 3161 647 3242 inprobabile
679 3172 726 3222 est
747 3171 905 3240 poetarum
926 3164 1006 3222 vitas
1031 3164 1128 3242 primo
1149 3163 1217 3222 loeo
1239 3163 1355 3242 positas

211 3263 316 3322 luisse.
343 3283 412 3322 narn
430 3273 463 3322 ut
479 3266 508 3322 iu
526 3265 654 3342 singulis
667 3264 804 3344 partibus
816 3264 995 3324 Suetonium
1011 3263 1153 3323 inlustres
1171 3265 1253 3323 viros
1270 3263 1355 3322 chro-

211 3364 351 3442 nologico
370 3365 475 3425 ordine
495 3383 689 3426 enumerasse
709 3365 850 3444 exemplo
865 3363 933 3423 libri
951 3364 988 3423 de
1005 3365 1210 3441 grammaticis
1235 3373 1266 3423 et
1286 3363 1354 3422 rhe-

212 3463 326 3524 toribus
350 3465 492 3527 docemur
514 3470 557 3528 ita
577 3466 819 3547 antiquissimum
840 3465 1008 3524 litterarum
1024 3465 1240 3524 Romanarum
1247 3483 1354 3541 genus,

212 3567 296 3627 cuius
311 3578 450 3628 auctores
468 3569 539 3630 inde
558 3570 661 3630 aLivi
679 3567 846 3628 Andronici
863 3575 964 3626 aetate
980 3587 998 3624 a
1014 3565 1161 3625 Suetonio
1177 3566 1354 3625 inlustratos

211 3669 306 3730 fuisse
324 3671 450 3742 scimus,
479 3672 635 3750 aptissime
655 3670 752 3748 primo
777 3671 844 3730 loco
869 3668 1086 3728 conlocarerit.
1124 3675 1231 3745 poetas
1253 3675 1355 3728 autem

213 3781 348 3832 oratores
371 3773 530 3852 excepisse
551 3775 617 3834 veri
635 3772 732 3832 simile
750 3782 816 3844 est,
838 3789 965 3851 quornm
985 3787 1095 3844 agmen
1112 3788 1172 3826 non
1194 3767 1286 3847 prisci
1310 3769 1354 3829 illi

213 3872 305 3951 Appii
328 3873 460 3933 Gracchi
483 3874 616 3934 Catones
640 3873 780 3934 duxerint
800 3872 854 3932 sed
877 3889 1009 3930 summus
1037 3869 1229 3948 eloquentiae
1250 3879 1355 3930 auctor

213 3973 330 4033 Cicero.
371 3974 483 4036 deinde
498 3976 580 4036 haud
596 3977 659 4035 scio
679 3995 718 4035 an
735 3977 832 4034 sacrati
849 3973 909 4032 sint
923 3971 1076 4042 historici,
1097 3971 1153 4032 hos
1169 3971 1352 4053 philosophi.

212 4073 317 4132 ultimo
341 4083 442 4135 eutem
464 4077 530 4136 loco
552 4087 669 4156 partem
693 4075 846 4136 residuam
867 4073 997 4154 positam
1018 4072 1114 4132 fuisse
1137 4083 1219 4133 certo
1240 4073 1351 4133 indicio

213 4177 340 4254 contigit
355 4186 388 4236 ut
404 4177 649 4258 conprobaretur.
679 4178 738 4238 huo
754 4177 857 4237 redeo.

301 4277 372 4356 Qua
391 4299 465 4340 vero
487 4279 604 4339 ratione
626 4279 790 4340 Suetonius
811 4279 841 4338 in
867 4279 941 4358 ipsis
960 4275 1031 4336 libri
1050 4275 1187 4356 partibus
1207 4295 1279 4336 usus
1301 4277 1350 4348 sit,

213 4377 345 4442 divinari
373 4382 447 4442 licet
477 4401 515 4442 ex
543 4402 582 4442 ea
613 4401 692 4462 quae
723 4389 856 4441 aetatem
886 4380 971 4453 tulit,
1013 4378 1053 4440 ad
1084 4379 1169 4438 cuins
1196 4375 1352 4457 exemplar

266 4497 385 4534 svaronr
405 4497 467 4534 nnn.
1106 4477 1149 4540 24
