3064 5064
252 391 310 455 142
727 411 918 463 ιιεικιιτκνιι

330 553 514 640 Ἀστερίσκος
528 555 600 641 μετά
613 554 721 642 ν’βελοῦ
817 581 844 637 >ζ<
852 601 893 612 ·-

330 655 500 743 Ἀντίσιγμα
822 675 849 735 ξ)
899 673 901 686 “

329 755 754 854 Ἀντίσιγμαπεριεστιγμένον
820 775 862 834 ἱ)-

333 861 502 945 Κεραῦνιον
823 865 863 933 Τ

299 1010 324 1038 ι-
349 976 437 1063 ἦμέν
454 967 509 1045 οῦν
527 983 618 1063 διπλῆ
637 975 840 1064 ἀπερίστικτος
856 987 1052 1066 παρατίθεται
1073 982 1147 1067 πρὸς
1170 979 1238 1060 τοῦς
1259 989 1388 1067 γλωσσο-

346 1081 481 1165 γράφους
494 1079 518 1163 ἢ
530 1081 712 1166 ἓτεροδόξους
729 1085 936 1167 ἐκδεξαμένους
950 1078 986 1149 τά
1001 1087 1055 1149 τοῦ
1070 1091 1196 1167 ποιητοῦ
1211 1087 1261 1148 καί
1276 1079 1318 1167 μη
1334 1111 1387 1147 κα-

347 1187 418 1261 λῶς·
444 1181 465 1265 ἢ
480 1179 555 1268 πρός
569 1179 620 1260 τάς
634 1179 713 1262 ἀτταξ
728 1188 882 1268 εἰρημένας
900 1189 1004 1266 λέξεις,
1021 1181 1043 1266 ἦ
1058 1181 1130 1270 πρός
1147 1187 1181 1250 τῦ
1202 1187 1320 1250 ίναντία
1337 1187 1388 1249 καί

346 1283 513 1368 μαχόμενα,
531 1288 580 1350 καλ
597 1287 680 1366 ἕτερα
695 1283 828 1368 σχήματα
842 1286 1001 1370 πάμπολλα
1012 1290 1062 1352 καί
1078 1285 1238 1372 ζητήματα.

297 1405 324 1460 )'(·
347 1389 374 1473 ¹)
388 1381 408 1466 ἦ
425 1387 457 1451 δέ
472 1391 694 1472 περιεστιγμένη
716 1391 805 1470 διπλῆ
819 1385 894 1471 πρός
910 1386 961 1466 τάς
975 1385 1093 1474 γραφάς
1107 1386 1159 1466 τάς
1175 1391 1388 1471 Ζηνοδοτείους

347 1489 397 1553 καί
413 1487 567 1572 Κράτητος
578 1491 629 1553 καί
648 1484 740 1554 αῦτοῦ
751 1487 942 1575 Ἀριστάρχου
959 1493 1010 1555 καλ
1025 1487 1078 1569 τάς
1095 1489 1269 1573 διορθώσεις
1284 1486 1387 1554 αὐτοῦ.

283 1630 326 1641 -
347 1586 363 1654 ὁ
382 1591 413 1654 δὲ
431 1584 534 1673 ὀβελὸς
550 1589 625 1673 πρὸς
636 1587 671 1654 τά
685 1587 871 1674 ἀθετοῦμενα
894 1595 941 1657 έκί
959 1599 1012 1657 τοῦ
1026 1597 1168 1675 ποιητοῦ,
1189 1589 1284 1676 ἤγουν
1306 1617 1387 1656 νενο-

347 1685 513 1774 θευμέυα·ἢ
531 1686 769 1775 ὑποβεβλημένα.

299 1813 326 1867 ※
348 1784 364 1858 δ
378 1795 410 1858 δέ
421 1789 589 1877 ἀστερίσκος
600 1793 676 1858 καθ’
692 1792 806 1875 ἑαυτόν,
819 1787 857 1870 ὡς
868 1801 965 1872 καλῶς
972 1797 1001 1884 ²)
1014 1797 1177 1880 εἰρημένων
1189 1801 1249 1861 τῶν
1260 1796 1341 1860 &adv
1356 1796 1389 1859 έν

348 1891 430 1984 αῦτρῦ
447 1899 490 1983 τῷ
506 1893 603 1983 τόπιμ,
618 1897 696 1960 ἔνθα
710 1896 789 1960 έστίν
807 1894 975 1979 ἀστερίσκος
990 1895 1090 1981 μόνος.

259 2013 334 2068 ·>ζ<·-
349 1995 365 2062 ὅ
382 1998 413 2062 δέ
429 1991 598 2078 ἀστερίσκος
614 1992 685 2078 μετῦ
702 1993 826 2080 ὁβελοῦ,
844 1994 884 2074 ὡς
899 1995 972 2063 ὄντα
986 2001 1040 2081 μέν
1055 1994 1163 2080 τά“έ’πη
1180 2005 1234 2064 τοῦ
1251 2003 1388 2080 ποιητοῦ,

348 2093 390 2182 μὴ
407 2103 504 2176 καλῶς
517 2101 548 2164 δέ
566 2103 687 2181 κείμενα
705 2099 736 2162 έν
750 2098 833 2186 αὐτῷ
849 2105 890 2188 τρὶ
906 2100 1002 2188 τόπῳ,
1018 2095 1081 2164 ἀλλ’
1102 2103 1134 2164 έν
1148 2098 1238 2188 ἀλλην.

301 2213 326 2274 3
349 2197 381 2265 τό
402 2203 433 2266 δέ
449 2193 607 2286 ἀντίσιγμα
627 2198 702 2264 καθ’
720 2197 823 2281 έαυτό,
843 2197 918 2285 πρός
940 2198 1010 2279 τοῦς
1030 2203 1260 2287 ένηλλαγμένους
1281 2201 1390 2278 τόπους

348 2305 398 2368 καί
414 2299 592 2392 ἀπᾴδοντας.

265 2417 306 2480 O·
337 2403 380 2471 ’τό
395 2407 427 2470 δὲ
440 2399 596 2488 ἀντίσιγμα
616 2405 853 2487 περιεστιγμένον
868 2412 1080 2487 παρατίθεται,
1101 2401 1173 2470 ὅταν
1190 2409 1352 2493 ταυτολογῄ
1358 2407 1389 2498 ³)

349 2510 399 2571 καλ
415 2503 471 2588 τὴν
484 2501 579 2586 αῦτὴν
594 2503 732 2569 διάνοιαν
746 2503 883 2588 δεύτερον
899 2507 977 2595 λέγῃ.

283 2609 323 2678 Τ
348 2603 380 2673 τό
398 2608 429 2672 δέ·
445 2604 620 2691 κεραύνιον·
650 2607 708 2671 έστί
726 2609 780 2689 μέν
795 2612 854 2671 τῶν
870 2613 1001 2685 σπανίως
1018 2611 1279 2692 παρατιθεμένων,
1305 2611 1394 2690 δηλοῖ

348 2711 380 2773 δὲ
394 2709 444 2772 καί
460 2703 532 2772 αῦτδ
546 2703 656 2783 πολλαὶς
670 2705 803 2790 ζητήσεις
817 2703 892 2790 πρὸς
902 2719 968 2787 ταῖς
981 2713 1215 2794 προειρημέναις.

336 2809 457 2874 Τοῦτων
479 2803 510 2872 δ’
528 2805 669 2875 διιτάντων
682 2815 742 2873 τιῦν
759 2815 887 2892 σημείων
905 2807 1099 2897 ἀκριβέστερα
1115 2817 1223 2896 γνῶσις
1239 2811 1272 2874 έν
1288 2821 1350 2887 τοῖς
1360 2814 1390 2898 ⁴)

247 2917 376 2999 βιβλίοις
391 2917 450 2978 τιῦν
464 2913 722 2996 συγγραψαμένων
734 2914 801 2994 περλ
811 2911 931 2978 τούτων·
949 2915 998 2977 καί
1015 2917 1056 2990 είς
1071 2910 1251 3000 ὧφέλειανλ)
1265 2911 1392 2994 ἐπιζήτει

157 3095 164 3106 ⁶
248 3011 400 3100 τιαρῦὶιῦν
414 3017 561 3097 τεχνιτῶν.

796 3165 840 3224 ΙΙ.

295 3305 321 3342 ›
348 3282 384 3366 τῇ
399 3279 489 3364 διπλῇ
508 3280 614 3360 χρῆται
632 3270 820 3360 Ἀρίσταρχος
841 3276 916 3361 πρὸς
942 3281 1074 3360 ίστορίαν
1098 3272 1317 3360 σχηματισμοῦς
1339 3279 1391 3340 τιαλ

348 3383 446 3465 έτέρας
463 3383 598 3454 ποικίλας
612 3383 725 3460 χρείας·

297 3489 325 3546 ’κ-
350 3488 387 3569 τῇ
400 3483 431 3546 δὲ
447 3482 671 3568 περιεστιγμένη
684 3475 758 3562 πρός
772 3477 942 3562 Ζηνόδοτον
958 3477 1011 3546 τόν
1029 3479 1214 3564 διορθωτήν·

282 3567 325 3640 ’-
346 3589 389 3674 τρῖ
404 3585 436 3648 δέ
453 3577 547 3669 ὀβελῷ
562 3577 636 3662 πρὸς
647 3577 805 3662 ἀθέτησιν·

253 3709 281 3766 vx·
290 3731 325 3739 —
343 3685 503 3769 ἀστερίσκῳ
519 3685 550 3748 δὲ
565 3678 621 3747 σῦν
633 3682 729 3771 ὀβελῷ
743 3679 817 3768 πρός
832 3679 864 3746 τῦ
878 3681 955 3747 εἶναι
970 3685 1025 3765 μὲν
1039 3680 1109 3760 τοῦς
1122 3689 1239 3766 στίχους
1250 3677 1392 3766 Ὀμήρου,

229 3801 239 3812 ’
347 3797 465 3854 κεῖσθαι
481 3787 514 3850 δέ
532 3785 565 3848 έν
580 3781 660 3872 ἀλλην
675 3783 879 3872 τόπῳκαλιῦς·
906 3783 953 3861 οίς
968 3787 1018 3849 καί
1036 3782 1207 3870 ἀστερίσκος
1225 3783 1318 3866 μόνος
1333 3811 1390 3848 πα-

348 3909 500 3974 ρακειται·

297 4005 333 4067 Ο.
357 3999 399 4080 τῷ
416 3991 446 4054 δέ
461 3987 617 4071 ἀντίσιγμα
633 3990 683 4051 καί
699 3995 735 4074 τῇ
748 3994 870 4075 στιγμῇ,
887 3985 960 4053 όταν
978 3987 1031 4052 δόο
1049 3979 1101 4054 ὦσι
1120 3988 1250 4054 διάνοιαι
1265 3983 1298 4050 τό
1318 3983 1393 4053 αῦτό

346 4089 558 4174 σημαινοῦσαι,
590 4095 643 4154 τοῦ
671 4095 797 4172 ποιητοῦ
817 4090 999 4174 γεγραφότος
1020 4087 1203 4175 ἀμφοτέρας,
1232 4086 1312 4166 ὅπως
1338 4087 1394 4171 τὴν

337 4198 448 4276 ’ἑτέραν
471 4194 584 4274 ἕληται·
612 4199 655 4280 τῷ
676 4195 707 4256 δὲ
730 4191 824 4278 χρόνῳ
846 4195 897 4256 καί
920 4197 955 4256 αἱ
970 4191 1025 4258 δύο
1039 4187 1207 4277 εὑρέθησαν
1222 4187 1393 4270 οάκ”όρθῶς

348 4299 475 4379 ίχουσαι.

298 4412 325 4467 >”(·
347 4403 389 4486 τῷ
405 4399 436 4461 δέ
448 4393 611 4484 ἀστερίσκῳ
625 4396 708 4485 μόνῳ
720 4403 823 4480 χρῆται
840 4392 913 4481 πρὸς
924 4392 992 4474 τοῦς
1006 4391 1115 4474 αῦτοῦς
1127 4401 1258 4478 στίχους,
1271 4401 1302 4460 οἳ
1313 4405 1393 4459 κεῖν·
