3072 5064
249 405 312 470 230
755 421 888 462 rusrvu

249 570 401 635 dissoluit
428 575 547 634 cuneta
578 569 684 656 adque
716 567 869 633 desierat.
919 583 1030 632 svavs
1058 591 1100 634 cx
1129 569 1262 634 sinistro
1294 567 1397 633 latere

249 673 385 735 ueniens
417 669 583 736 subsolani
613 679 757 734 arentem
784 678 904 738 terram
932 669 1075 734 nubibus
1104 671 1235 755 inrigat.
1279 671 1397 735 tertius

249 781 418 836 uentorum
442 789 578 836 avarus
599 771 717 859 plagae
743 771 944 836 meridianae
968 771 1162 852 cardinalis,
1195 773 1250 856 qui
1279 783 1312 836 et
1334 787 1396 836 rso·

248 889 328 952 TVS,
352 895 394 938 ex
416 873 532 938 humili
554 872 640 938 flans
662 873 815 937 humidus
837 871 966 936 calidus
986 872 1093 959 adque
1118 873 1311 951 fulmineas,
1340 895 1396 958 ge-

248 998 367 1040 nerans
387 975 495 1060 largas
509 975 614 1039 nubes
628 983 660 1038 et
675 975 804 1061 pluuias
820 973 1007 1055 latissimas,
1028 975 1159 1040 soluens
1176 976 1272 1040 etiarn
1285 973 1419 1040 floreas

247 1093 478 1142 svsosvsssu
493 1076 619 1140 calidus
630 1086 748 1141 uentus
762 1098 782 1139 a
795 1076 920 1140 dextris
933 1077 1087 1139 intonans
1102 1077 1215 1140 austri.
1246 1091 1396 1140 st'srso-

247 1193 393 1242 ssutcvs
416 1189 532 1243 uentus
554 1187 752 1266 temperatus
777 1177 904 1242 calidus
927 1199 947 1242 a
970 1178 1112 1241 sinistris
1128 1177 1231 1240 austri
1254 1177 1395 1264 spirans.

249 1391 276 1433 ct
296 1385 342 1449 qui
361 1385 451 1434 losum
472 1387 498 1436 iu
523 1385 571 1436 illa
589 1401 681 1451 pugna
706 1399 760 1434 non
783 1381 882 1434 habuit
901 1382 1003 1449 aquila.
1041 1383 1152 1448 quidam
1171 1383 1233 1434 illos
1251 1383 1396 1434 duodecim

249 1453 369 1502 faciunt:
395 1459 511 1518 quatuor
535 1454 607 1503 euim
627 1453 700 1504 caeli
724 1458 817 1518 partes
836 1453 978 1504 internas
1002 1451 1130 1501 diuidunt
1148 1457 1175 1502 et
1193 1451 1311 1518 siugulis
1329 1467 1396 1502 usu·

248 1521 285 1588 tis
308 1521 388 1570 binos
412 1521 623 1587 subpraelectos
649 1520 726 1570 daut.
763 1519 815 1570 hac
840 1524 900 1570 arte
919 1520 1006 1568 Varro
1030 1520 1074 1568 uir
1092 1519 1143 1569 dili
1165 1536 1213 1569 ens
1236 1519 1300 1569 illos
1324 1520 1397 1570 ordi·

248 1595 297 1638 nat
320 1603 371 1638 neo
391 1591 450 1638 sine
475 1605 568 1639 causa.
610 1605 665 1639 uon
693 1590 766 1638 cuim
790 1588 884 1638 eodem
908 1587 969 1638 loco
989 1602 1097 1652 sempor
1118 1537 1163 1637 sol
1178 1587 1264 1637 oritur
1282 1593 1331 1636 arat
1350 1603 1397 1637 oc-

249 1656 331 1715 eidit,
357 1656 404 1706 sed
429 1657 500 1706 alius
525 1663 567 1706 est
594 1661 668 1706 ortus
692 1671 864 1720 occasusque
884 1655 1108 1720 aequinoctialis,
1127 1656 1170 1706 bis
1189 1661 1282 1704 autem
1301 1655 1396 1720 aequi-

249 1724 369 1773 noctium
396 1731 451 1782 ust,
482 1724 553 1774 alias
576 1723 734 1776 solstitialis
765 1723 835 1774 alins
858 1722 998 1773 hibernus.
1044 1723 1089 1786 qui
1113 1724 1201 1788 surgit
1224 1723 1259 1772 ab
1288 1723 1404 1774 oriente

249 1791 462 1854 aequinoctiali,
493 1791 656 1841 subsolanus
687 1791 760 1856 apud
787 1806 836 1842 rros
859 1791 974 1852 dicitur,
1006 1789 1108 1840 Graeci
1131 1790 1207 1840 illum
1236 1789 1395 1856 aphelioten

247 1865 357 1908 uocant.
405 1859 439 1908 ab
468 1861 575 1910 oriente
604 1859 718 1910 hiberno
743 1875 823 1910 eurus
848 1860 920 1922 exit,
952 1873 1030 1922 quem
1055 1860 1142 1908 nostri
1171 1873 1308 1908 uocauere
1336 1859 1395 1909 uol-

247 1931 362 1976 turnum.
388 1933 415 1976 et
439 1927 536 1976 Liuius
559 1927 609 1977 hoc
635 1925 710 1976 illurn
734 1927 844 1976 nuntius
870 1925 994 1991 adpellat
1017 1927 1044 1976 iu
1070 1925 1119 1975 illa
1145 1941 1239 1992 prrgna
1257 1925 1395 1976 Romano·

246 2009 303 2042 rum
322 2009 419 2060 parum
437 2010 582 2060 prospera,
607 1995 635 2044 in
658 2011 712 2060 qua
730 1993 873 2044 Hannibal
893 1999 921 2044 et
940 1999 1036 2044 contra
1056 1993 1140 2043 solam
1164 1994 1299 2044 orientem
1317 2009 1395 2043 exer·

246 2061 332 2110 citum
345 2067 466 2112 nostram
486 2069 513 2111 et
531 2069 627 2114 eontra
646 2070 756 2112 uentum
777 2063 935 2122 cormtituit,
959 2067 1015 2111 tum
1038 2062 1116 2110 uenti
1140 2061 1276 2111 adiutorio
1295 2077 1327 2112 sc
1342 2061 1395 2110 lu'l·

246 2129 321 2194 geris
341 2130 572 2194 praestringentis
596 2130 689 2181 ocrrlos
713 2131 831 2180 hostiam
854 2131 933 2179 uicit.
976 2130 1060 2179 Varro
1085 2145 1191 2194 quoque
1220 2129 1272 2178 hoc
1295 2145 1396 2180 nomeu

244 2203 367 2262 usurpat.
405 2197 454 2248 scd
473 2207 501 2247 et
520 2214 600 2248 eurus
618 2201 673 2248 ism
693 2198 808 2246 ciuitate
827 2197 945 2247 donatus
964 2202 1007 2246 est
1031 2203 1059 2246 et
1081 2203 1175 2247 nostro
1198 2199 1317 2248 sermoni
1340 2213 1397 2248 non

245 2269 386 2330 tamqnam
412 2265 519 2316 alienus
543 2267 701 2316 interuenit.
744 2265 779 2314 ab
803 2266 909 2316 oriente
933 2263 1076 2314 solstitiali
1100 2267 1250 2316 excitatum
1274 2264 1397 2316 auratus

246 2332 349 2384 Graeci
375 2333 531 2398 adpellant,
557 2334 629 2400 apud
653 2350 703 2384 nos
729 2333 788 2382 siue
808 2334 918 2382 nourine
943 2339 993 2382 est
1032 2333 1246 2398 aequinoctialis
1264 2333 1398 2385 occidens

247 2399 390 2450 launoium
415 2403 512 2463 mittit,
543 2419 621 2467 quem
646 2401 793 2466 zephyrum
817 2415 878 2450 esse
902 2401 997 2451 (licent
1020 2401 1072 2450 tihi
1097 2404 1196 2462 ctiam,
1222 2402 1268 2464 qui
1287 2401 1396 2452 Graeca

246 2468 376 2518 nesciunt
400 2469 485 2534 loqui.
522 2486 538 2518 a
557 2467 700 2520 solstitiali
725 2468 869 2518 occidente
894 2484 974 2518 eorus
992 2469 1084 2531 uenit,
1108 2471 1155 2533 qui
1174 2469 1246 2534 apud
1265 2469 1396 2533 quosdam

247 2543 373 2600 argestes
398 2537 512 2586 dieitur:
537 2539 605 2588 mihi
628 2537 823 2596 conradatur,
850 2535 914 2601 quia
937 2537 995 2586 cori
1018 2536 1142 2586 uiolenta
1166 2537 1209 2586 uis
1228 2541 1271 2586 set
1288 2542 1316 2585 et
1335 2543 1394 2586 tam

246 2605 376 2654 euntibus
402 2607 551 2654 communis
580 2622 659 2670 quam
683 2605 878 2654 redeundihus.
920 2604 954 2652 ab
984 2603 1128 2654 occidente
1152 2605 1267 2654 hiberno
1291 2604 1399 2654 ulmeus

248 2671 412 2722 furibundus
431 2678 459 2722 et
478 2689 568 2734 ruens,
588 2673 661 2738 apud
674 2674 796 2722 Graecas
815 2671 868 2738 lips
888 2671 998 2721 dicitur.
1036 2671 1288 2737 aseptemtriouali
1307 2671 1396 2722 latere

246 2753 367 2788 summus
387 2745 429 2788 est
453 2741 544 2804 aquilo
569 2741 674 2790 medius
693 2741 853 2804 septemtrio
876 2740 946 2789 imus
965 2740 1116 2790 thrascias:
1144 2740 1207 2789 huic
1226 2741 1304 2789 deest
1323 2739 1396 2804 apud

246 2821 296 2855 uos
320 2805 496 2856 uocabulum.
539 2823 555 2856 a
580 2807 732 2857 meridiano
762 2823 814 2856 axe
839 2814 986 2858 euronotus
1015 2813 1057 2856 est
1080 2807 1179 2857 deiude
1204 2813 1284 2858 notus
1307 2806 1396 2857 latine

248 2877 350 2922 auster.
393 2873 492 2924 deinde
517 2874 694 2934 leuconotus,
725 2875 770 2939 qui
801 2876 874 2940 apud
898 2891 947 2926 nos
970 2876 1030 2924 sine
1054 2875 1163 2925 nomine
1189 2873 1250 2924 est!
1294 2873 1337 2937 Π,
1364 2875 1420 2925 52·

248 2941 375 3001 ‘Quidam
395 2949 459 2990 srrnt
477 2943 654 3005 quorumdam
676 2941 797 2992 locorum
817 2945 934 3009 proprii,
955 2943 1000 3007 qui
1018 2958 1073 2992 non
1090 2943 1281 2992 transmittunt
1298 2941 1348 2992 sed
1368 2943 1396 2992 ia

247 3007 398 3070 proximum
422 3008 523 3058 serunt.
561 3024 615 3059 nan
639 3013 682 3058 est
700 3008 756 3060 illis
776 3025 792 3058 a
809 3009 898 3061 latere
917 3011 1039 3060 uniuersi
1059 3009 1152 3060 mundi
1170 3010 1302 3076 impetus:
1328 3011 1395 3060 Ata-

247 3073 327 3124 herlus
351 3075 478 3140 Apuliam
503 3077 620 3125 infestat
643 3075 803 3126 Calabriam
826 3079 913 3143 iapyx
935 3078 1058 3128 Athenas
1082 3079 1179 3128 Sciron
1203 3077 1396 3142 Pamphyliam

247 3141 381 3207 Cataegis
401 3143 522 3193 Galliam
541 3144 649 3194 Circius
668 3179 781 3194 ......
802 3145 938 3196 infinitum
958 3151 1000 3195 est
1018 3146 1042 3194 si
1059 3145 1182 3212 singulos
1201 3145 1285 3195 usliru
1303 3161 1398 3210 perse-

247 3209 303 3272 qui.
340 3210 416 3259 nulla
435 3211 507 3260 enim
526 3211 719 3275 propemodum
738 3213 815 3278 regio
833 3219 890 3274 est,
915 3223 985 3278 quae
1009 3229 1062 3264 uon
1080 3213 1185 3264 habeat
1208 3212 1327 3278 aliquem
1346 3215 1396 3263 tla-

247 3283 304 3325 tum
323 3293 356 3327 ex
375 3293 403 3327 se
424 3287 583 3328 nascentem
603 3285 632 3328 et
650 3281 726 3330 circa
745 3297 774 3330 se
794 3279 960 3331 cadentem.’
996 3281 1104 3330 Plinius
1121 3281 1154 3330 N.
1168 3279 1204 3330 Η.
1218 3281 1246 3331 lI
1264 3281 1310 3330 47:
1331 3281 1396 3330 ‘Ve-

246 3349 320 3393 teres
344 3351 474 3409 quattuor
492 3348 602 3398 omnino
621 3363 770 3398 seruauere
794 3365 843 3414 per
866 3349 979 3398 totislem
1004 3349 1096 3398 mundi
1115 3348 1319 3414 partis—ideo
1342 3364 1396 3399 nec

245 3413 382 3462 Homerus
401 3413 488 3478 pluris
506 3416 630 3464 nominat
642 3443 672 3450 —
685 3415 793 3478 hebeti,
813 3423 842 3465 ut
862 3433 923 3466 nrox
942 3417 1094 3466 iudicatum
1113 3422 1168 3477 est,
1198 3417 1315 3468 ratione.
1352 3433 1395 3468 se-

246 3485 312 3530 cuta
342 3489 421 3532 aetas
449 3489 511 3532 octo
541 3483 648 3532 addidit
678 3485 760 3532 nimis
789 3484 884 3534 subtili
912 3490 995 3548 atque
1024 3484 1148 3534 concisa.
1193 3485 1330 3549 proxumis
1353 3485 1397 3534 iu·

247 3554 290 3596 tra
313 3554 456 3614 utramque
480 3550 572 3600 media
596 3550 702 3616 placuit
725 3551 760 3602 ad
783 3551 895 3602 breuem
920 3569 952 3602 ex
971 3567 1116 3602 numerosa
1134 3551 1236 3602 additis
1256 3557 1395 3616 quattuor.

246 3621 310 3664 sunt
328 3633 393 3680 ergo
413 3617 471 3666 hini
496 3618 524 3667 in
543 3623 673 3682 quattuor
696 3619 769 3668 caeli
788 3620 921 3684 partibus,
943 3619 978 3668 ab
992 3621 1098 3670 oriente
1112 3619 1314 3684 aequinoctiali
1331 3621 1396 3670 suh-

246 3682 372 3744 solanus,
401 3685 436 3734 ab
460 3686 565 3734 oriente
594 3685 712 3736 brumali
736 3686 887 3736 uoltamus.
929 3686 1006 3736 illum
1024 3687 1175 3753 apeliotes,
1199 3687 1272 3736 hunc
1291 3687 1396 3738 Graeci

247 3765 340 3800 eurum
365 3751 518 3816 appellant.
556 3769 572 3802 a
589 3755 705 3803 meridie
725 3761 817 3804 auster
836 3760 864 3804 ct
882 3755 917 3804 ab
937 3771 1039 3804 occasu
1059 3754 1177 3804 brumali
1190 3755 1310 3804 Africus.
1345 3771 1395 3805 no-

251 3861 453 3872 ——a--a

336 3933 342 3980 Ι
364 3921 508 3982 dissolu&
526 3917 577 4006 All
593 3923 739 3984 dissiccat
756 3919 829 3982 ΑΒΓ
843 3921 856 4006 ΙΙ
877 3935 1019 3986 suenone
1045 3929 1067 3982 Β
1089 3921 1103 4006 ll
1124 3934 1259 3984 arentem
1281 3934 1395 3985 terram

245 4009 351 4079 scripsi
358 4031 367 4063 .·
397 4008 544 4066 orientem
562 4014 587 4065 A
603 4009 718 4068 oriente
733 4006 768 4066 ΒΙ
787 4011 919 4070 orientes
941 4008 1006 4092 13²1)
1023 4012 1142 4070 nisibus
1164 4006 1199 4068 Βι
1216 4005 1262 4090 ll³
1282 4011 1395 4090 plagae

246 4109 299 4148 om.
323 4086 359 4147 Al
378 4087 390 4172 ΙΙ
407 4092 579 4152 cardinales
595 4090 630 4150 ΑΙ
649 4090 661 4175 Η
678 4115 749 4153 curo
767 4103 856 4154 notus
872 4102 895 4155 Α
910 4097 1021 4156 nothus
1039 4099 1066 4154 B
1081 4091 1094 4178 ll
1109 4107 1126 4158 4
1141 4092 1317 4156 fulminibus
1332 4101 1358 4153 A
1380 4095 1394 4176 ιΙ

245 4185 260 4234 5
284 4175 394 4234 florens
414 4173 451 4234 Βι
469 4171 513 4257 116
533 4181 703 4236 euroaustri
723 4175 760 4236 Β1
778 4174 791 4258 ll
807 4180 846 4238 ad
865 4177 927 4239 ΑΒι
944 4175 956 4262 ll
973 4183 1090 4240 intonat
1107 4185 1132 4239 Β
1147 4175 1160 4261 ll
1175 4187 1192 4242 7
1209 4181 1397 4240 austroaffri·

245 4277 297 4316 cus
314 4270 422 4318 uentus
439 4261 591 4339 teporatus
612 4267 835 4342 Atemperstus
853 4259 965 4324 africus
987 4281 1095 4326 uentus
1113 4269 1140 4324 B
1161 4273 1324 4324 euronotus
1344 4267 1397 4326 uel

245 4346 462 4404 austroafricus
486 4355 592 4405 rrsntus
612 4358 659 4407 est
680 4357 864 4427 temperatus
884 4354 951 4409 liora
969 4369 1066 4410 enarres
1089 4353 1206 4410 Areuotr'
1219 4347 1232 4430 {l
1249 4350 1396 4410 sinistra-

245 4428 382 4504 uspirans
398 4426 431 4486 Α1
447 4431 570 4490 sinistra
585 4434 679 4492 austri
691 4458 704 4491 a
716 4435 855 4513 aspirans
873 4431 909 4493 Α2
926 4437 1056 4496 sinistris
1069 4435 1162 4496 austri
1179 4437 1293 4515 aspirat
1315 4439 1339 4493 Β
