3078 5072
522 415 525 424 ·
557 423 563 436 ι
600 412 642 452 ou
666 391 782 454 roarrs
1220 393 1256 454 61

141 569 196 624 tur.
224 561 372 645 georgica
390 578 522 622 reuerso
540 566 613 643 post
627 558 797 622 Actiacam
812 559 981 622 uictoriam
998 560 1149 644 Augusto
1164 567 1261 646 atque

141 659 253 725 Atellae
275 658 524 724 reficiendarum
560 657 704 723 saucium
733 679 833 722 eausa
860 661 1072 730 commoranti
1099 682 1157 747 per
1186 683 1260 726 eou-

140 763 249 825 tinnum
269 758 478 846 quatriduum
503 757 597 844 legit,
623 761 820 848 suscipiente
847 759 1037 824 Maecenate
1060 762 1189 846 legendi
1212 764 1260 826 ui-

140 885 198 926 cem
219 863 363 950 quotiens
392 859 655 949 interpellaretur
678 861 748 946 ipsc
769 862 860 926 uocis
889 861 1078 927 offensione.
1120 885 1261 948 pronun·
1356 904 1367 926 a

122 963 230 1028 stabat
255 977 363 1026 autern
397 983 470 1026 enm
504 963 666 1042 suauitate
699 971 767 1025 tum
797 961 967 1027 lenociniis
998 964 1100 1028 miris.
1146 974 1179 1029 et
1205 961 1259 1028 Se·

139 1087 208 1128 neca
239 1064 390 1146 tradidit,
432 1062 558 1140 lulium
586 1061 777 1126 Montanum
809 1073 938 1149 poetam
974 1063 1105 1129 solitum
1142 1065 1260 1146 dicere,

138 1165 340 1230 inuolaturum
367 1188 402 1230 se
427 1162 573 1249 Vergilio
599 1164 758 1251 quaedam
790 1168 817 1229 si
844 1174 875 1228 et
896 1187 1009 1230 uocem
1031 1172 1141 1252 posset
1169 1175 1201 1229 et
1223 1188 1259 1230 os

138 1275 165 1330 et
188 1266 385 1355 hypocrisin:
425 1266 555 1332 eosdem
576 1266 661 1330 enirn
685 1287 799 1330 uersus
828 1267 898 1353 ipso
920 1268 1150 1353 pronuntiante
1176 1267 1259 1332 bene
1344 1319 1351 1332 .

138 1370 351 1451 sonare,'sine
379 1368 435 1433 illo
461 1369 574 1432 inanes
600 1389 672 1432 esse
699 1377 879 1454 mutosque.
929 1368 1095 1432 Aeneidos
1122 1369 1258 1433 uixdum

111 1479 256 1556 incoeptae
276 1479 370 1534 tanta
391 1471 501 1534 extitit
521 1469 625 1551 lama,
654 1477 692 1532 ut
714 1467 832 1533 Sextus
859 1469 1049 1555 Propertius
1079 1492 1143 1535 non
1167 1471 1260 1535 dubi·

136 1573 241 1636 tauerit
260 1573 307 1636 sic
330 1571 536 1660 praedicare:
776 1577 783 1593 ‘
807 1559 812 1566 ⁶

315 1673 421 1738 cedite
443 1672 582 1736 Romani
606 1673 797 1759 scriptores,
821 1670 927 1737 cedite
949 1671 1045 1738 Grai:

213 1853 218 1862 1
358 1775 468 1841 neseio
490 1773 569 1860 quid
591 1774 695 1838 maius
718 1774 862 1838 nascitur
883 1759 1001 1856 iliade,

136 1875 292 1960 Augustus
320 1897 416 1958 uero,
449 1897 525 1939 nam
557 1876 639 1940 forte
669 1874 877 1962 expeditione
912 1875 1108 1942 Cantabrica
1136 1877 1261 1961 aberat,

110 1976 325 2064 issupplicibus
347 1987 444 2064 atque
467 1977 564 2040 etiam
587 1976 770 2041 minacibus
792 1998 850 2062 per
867 1978 973 2042 iocum
996 1977 1113 2044 litteris
1135 1977 1261 2064 efflagi-

134 2087 223 2160 taret,
243 2089 279 2144 ut
299 2079 363 2144 sibi
386 2080 425 2144 dc
448 2076 611 2154 Aeneide,
643 2087 680 2142 ut
702 2079 805 2166 ipsius
831 2077 949 2142 uerba
963 2089 1052 2160 sunt,
1081 2079 1134 2144 uel
1156 2082 1261 2167 prima

135 2183 276 2244 carminis
298 2181 512 2268 hypographa
529 2179 580 2242 uel
600 2180 769 2266 quodlibet
789 2177 881 2244 colon
898 2182 1049 2244 mitteret.
1078 2182 1129 2245 cui
1153 2169 1261 2246 tamen

134 2281 223 2347 multo
248 2295 321 2370 post
349 2283 560 2369 perfectaque
589 2283 718 2346 demum
750 2282 887 2346 materia
915 2293 981 2346 tres
1009 2284 1139 2347 omnino
1160 2283 1260 2348 libros

134 2439 208 2488 retrix
226 2445 368 2490 cantasset
387 2439 415 2488 in
433 2437 551 2500 theatro,
572 2455 652 2504 quarn
671 2439 699 2487 iu
718 2437 769 2487 fine
789 2437 951 2501 Lycoridem
968 2444 1064 2498 uocat,
1089 2439 1261 2502 stupetactus

134 2505 221 2556 Cicero
240 2509 318 2558 cuins
332 2501 406 2556 e'sset
418 2506 570 2571 requireret
593 2512 699 2557 etcum
723 2521 784 2555 eum
806 2505 916 2554 tandem
936 2505 1083 2572 aliquando
1101 2507 1262 2571 agnouisset

134 2573 225 2624 dixisse
244 2575 355 2624 (licetur
379 2579 407 2624 ct
430 2575 465 2623 ad
483 2587 560 2623 suam
579 2583 610 2625 et
625 2574 700 2624 illins
719 2573 840 2623 laudern:
870 2573 990 2638 Magnae
1015 2589 1078 2640 spes
1097 2573 1185 2623 altera
1207 2573 1260 2624 Ro-

134 2657 193 2692 mae.
230 2643 301 2706 quod
324 2644 377 2692 iste
401 2646 498 2706 postea
523 2641 557 2690 ad
580 2643 729 2706 Ascanium
753 2641 907 2704 transtulit,
937 2643 1009 2691 sicut
1030 2647 1261 2692 commentatores

132 2707 289 2774 loanrntnr.’
324 2711 361 2760 cs.
379 2711 495 2758 Tacitus
513 2709 579 2760 dial.
601 2709 640 2760 13.

205 2779 221 2827 5
257 2775 376 2842 Seneca]
413 2777 491 2826 Haec
510 2779 632 2828 narratio
650 2793 705 2827 uon
723 2782 808 2827 extat.

210 2846 239 2896 lt
262 2861 321 2910 sqq.
357 2844 515 2895 Macrobius
538 2851 590 2895 sat.
621 2847 703 2908 124,
737 2844 779 2893 ll:
822 2843 925 2909 ‘Ipsius
953 2846 1025 2895 enim
1053 2845 1176 2896 Maronis
1204 2847 1266 2911 cpi-¹

129 2913 203 2974 stola,
223 2929 277 2980 qua
297 2912 437 2978 conpellat
459 2912 624 2978 Angristum,
649 2914 689 2962 ita
713 2911 823 2977 incipit:
851 2913 910 2977 Ego
932 2929 998 2962 uero
1022 2915 1180 2978 trequentes
1200 2929 1216 2963 a
1234 2920 1261 2964 te

129 2979 231 3030 litteras
250 2981 370 3046 accipio,
391 2986 419 3030 et
436 2979 522 3030 inira:
559 2982 601 3040 De
614 2983 710 3031 Aenea
729 2980 837 3046 quidem
850 2996 918 3042 meo,
938 2982 961 3030 si
980 2981 1116 3032 mehercle
1136 2983 1189 3032 iam
1203 2982 1261 3048 dig·

129 3063 185 3098 num
204 3049 317 3098 arrribna
335 3048 465 3097 haberem
489 3050 557 3110 tuis,
581 3049 699 3098 libenter
717 3048 868 3098 mitterem:
892 3047 941 3098 sed
962 3039 1043 3098 lanta
1066 3049 1196 3099 inchoata
1220 3065 1263 3100 res

129 3123 174 3178 cst,
194 3127 223 3166 ut
236 3131 325 3181 paene
338 3117 407 3165 uitio
421 3117 520 3165 montis
532 3121 640 3165 tantum
659 3131 726 3180 opus
745 3117 884 3180 ingressus
903 3115 1089 3179 mininistros,
1110 3133 1170 3166 eum
1183 3133 1262 3182 prae·
1350 3151 1354 3156 -

128 3185 215 3234 sertim
234 3191 264 3233 ut
283 3185 338 3233 scis
350 3184 407 3233 alia
426 3199 531 3248 quoqne
544 3184 636 3233 studia
655 3183 730 3232 adid
748 3199 815 3248 opus
833 3181 970 3248 multoque
984 3186 1091 3248 potiora
1109 3183 1263 3251 inpertiar.’

208 3251 238 3301 17
250 3268 309 3316 sqq.
323 3252 434 3301 Servius
444 3253 512 3300 Aen.
526 3251 658 3302 11113‘24:
673 3251 792 3301 ‘Dicitur
805 3256 894 3301 autem
909 3252 1014 3315 ingenti
1027 3252 1128 3302 affectu
1141 3253 1189 3302 hos
1202 3268 1263 3301 uer-

128 3335 168 3370 sus
185 3321 391 3386 pronuntiasse,
417 3335 477 3368 cum
495 3321 625 3384 priuatim
643 3319 740 3384 paucis
763 3319 954 3383 praesentibus
977 3321 1109 3370 recitaret
1130 3321 1269 3386 Augustoe

129 3403 185 3438 narn
203 3389 335 3438 recitauit
353 3403 420 3438 noce
440 3389 543 3452 optima
561 3389 677 3453 primum
697 3393 724 3437 et
742 3386 888 3452 quartum)

129 3576 372 3654 posteaAeneidi
387 3576 453 3654 ipss
470 3576 594 3636 inseruit
608 3597 625 3645 ς
649 3585 662 3636 l
682 3572 764 3654 post]
781 3573 818 3634 ab
834 3569 876 3656 ςΗ
893 3575 1045 3633 Attianum
1065 3577 1090 3632 Β
1105 3569 1118 3657 Η
1134 3573 1263 3634 Actiaca

130 3664 250 3722 uictoria
271 3658 315 3743 ςΗ
331 3673 422 3742 atque
441 3681 493 3720 om.
513 3666 540 3720 B
554 3657 568 3743 Η
584 3671 675 3741 atque
696 3660 926 3719 reficiendarum
945 3659 1053 3719 uirium
1068 3679 1162 3719 causa
1177 3660 1262 3718 Atel-

129 3745 173 3806 lae
193 3749 390 3806 commoranti
412 3743 455 3828 ςΗ
471 3757 487 3810 4
506 3749 650 3827 quociens
667 3749 693 3803 R
708 3741 721 3828 Η
737 3757 753 3808 ὁ
768 3754 869 3804 autern
882 3744 1013 3804 maxima
1030 3765 1097 3804 cum
1113 3747 1262 3804 suauitate

131 3842 157 3889 rt
175 3832 332 3892 lenociniis
355 3832 437 3890 miris
457 3828 501 3914 ςΗ
516 3842 577 3891 turn
592 3835 713 3904 scripsi:
736 3851 802 3890 curn
820 3833 874 3888 BR
889 3824 902 3911 Η
917 3830 1044 3890 lenociis
1066 3833 1092 3887 R
1109 3824 1122 3913 Η
1138 3840 1169 3890 et
1189 3833 1264 3888 But

132 3919 154 3973 a
173 3938 223 3976 orn.
249 3937 266 3987 ς
279 3913 293 3998 Η
307 3927 325 3980 8
339 3917 525 3995 hypocrisim
544 3915 586 3996 ςΗ
603 3937 638 3977 eo
651 3918 863 3994 pronuntiante
884 3937 901 3984 ς
914 3910 927 3996 Η
942 3925 959 3978 9
975 3917 1040 3974 sine
1055 3915 1114 3974 illo⁴
1124 3935 1263 3974 arescere

132 4003 211 4080 qnasi
231 4013 330 4062 mutos
350 4007 393 4072 ςξξ
412 4014 444 4064 ιθ
460 4001 604 4062 dubitarit
625 4000 669 4082 ςΗ
687 4011 717 4064 12
744 4001 829 4060 Graii
851 4003 897 4070 Βς
942 4011 973 4063 13
987 4011 1053 4074 post
1069 4000 1167 4060 Iliade
1188 4019 1262 4058 ccm-

132 4099 197 4148 nctc
218 4091 392 4162 interpaaxi
406 4085 418 4170 Η
440 4097 472 4149 ts
485 4085 568 4165 nam]
589 4107 657 4146 cunr
677 4090 735 4146 iam
758 4106 776 4154 ς
792 4087 897 4144 naam
940 4085 1061 4144 abesset
1080 4096 1110 4144 et
1128 4089 1266 4156 §Daniel

131 4167 143 4246 ,j
159 4186 186 4237 15
207 4173 393 4250 efflagitaret
417 4175 492 4242 ΒΗς
513 4171 703 4249 efflagitabat
725 4173 753 4230 C.
786 4175 828 4229 W.
852 4173 1006 4242 Mittimus,
1035 4176 1086 4245 qui
1104 4191 1159 4230 nors
1183 4176 1263 4230 irrtel-

115 4255 239 4318 'remees
253 4258 438 4336 efflagitaret
448 4262 576 4333 pendere
588 4279 612 4314 a
630 4265 715 4316 tanta
732 4258 832 4316 extitit
848 4257 930 4314 sarna
944 4265 978 4314 ut
992 4251 1004 4336 Η
1023 4255 1265 4335 libypographa

131 4367 159 4413 ςι
184 4345 356 4426 hypograia
377 4347 403 4402 R
422 4343 634 4423 hypographice
654 4345 679 4400 B
699 4337 712 4422 Η
735 4341 870 4422 quolibet
892 4343 919 4397 R
935 4335 948 4422 Η
963 4343 1096 4400 mitteret
1116 4345 1175 4412 Bc:
1199 4341 1264 4400 mit·

130 4439 237 4490 teretur
249 4432 276 4488 R
291 4425 305 4514 Η
321 4431 470 4501 mit-taret,
487 4429 611 4506 negauit
627 4448 660 4486 ee
676 4427 825 4486 iacturum
838 4425 992 4504 Virgilius.
1011 4429 1057 4495 cui
1075 4449 1092 4500 ς
