<?xml version="1.0" encoding="UTF-8"?>
<!DOCTYPE html PUBLIC "-//W3C//DTD XHTML 1.0 Transitional//EN"
    "http://www.w3.org/TR/xhtml1/DTD/xhtml1-transitional.dtd">
<html xmlns="http://www.w3.org/1999/xhtml" xml:lang="en" lang="en">
 <head>
  <title>
</title>
<meta http-equiv="Content-Type" content="text/html;charset=utf-8" />
  <meta name='ocr-system' content='tesseract 3.04.00' />
  <meta name='ocr-capabilities' content='ocr_page ocr_carea ocr_par ocr_line ocrx_word'/>
</head>
<body>
  <div class='ocr_page' id='page_1' title='image "./csvetonitranqvi01ritsgoog_0041.png"; bbox 0 0 3078 5072; ppageno 0'>
   <div class='ocr_carea' id='block_1_1' title="bbox 255 377 1014 438">
    <p class='ocr_par' dir='ltr' id='par_1_1' title="bbox 255 377 1014 438">
     <span class='ocr_line' id='line_1_1' title="bbox 255 377 1014 438; baseline 0.001 0"><span class='ocrx_word' id='word_1_1' title='bbox 255 377 292 438; x_wconf 78' lang='lat'>12</span> <span class='ocrx_word' id='word_1_2' title='bbox 624 398 666 438; x_wconf 85' lang='lat' dir='ltr'>nn</span> <span class='ocrx_word' id='word_1_3' title='bbox 690 397 777 438; x_wconf 78' lang='lat' dir='ltr'>vrum</span> <span class='ocrx_word' id='word_1_4' title='bbox 802 395 1014 438; x_wconf 75' lang='lat' dir='ltr'>rsnvs&#39;rurnvs</span> 
     </span>
    </p>
   </div>
   <div class='ocr_carea' id='block_1_2' title="bbox 185 543 1428 2669">
    <p class='ocr_par' dir='ltr' id='par_1_2' title="bbox 185 543 1428 2669">
     <span class='ocr_line' id='line_1_2' title="bbox 250 543 1392 633; baseline -0.001 -23"><span class='ocrx_word' id='word_1_5' title='bbox 250 547 407 628; x_wconf 86' lang='lat' dir='ltr'>rioribus,</span> <span class='ocrx_word' id='word_1_6' title='bbox 428 547 483 633; x_wconf 90' lang='lat' dir='ltr'>qui</span> <span class='ocrx_word' id='word_1_7' title='bbox 504 546 536 608; x_wconf 93' lang='lat' dir='ltr'>in</span> <span class='ocrx_word' id='word_1_8' title='bbox 560 545 721 609; x_wconf 88' lang='lat' dir='ltr'>communi</span> <span class='ocrx_word' id='word_1_9' title='bbox 744 543 922 632; x_wconf 77' lang='lat' dir='ltr'>ergasterio</span> <span class='ocrx_word' id='word_1_10' title='bbox 942 555 1047 627; x_wconf 82' lang='lat' dir='ltr'>erant,</span> <span class='ocrx_word' id='word_1_11' title='bbox 1071 546 1194 609; x_wconf 87' lang='lat' dir='ltr'>seruire</span> <span class='ocrx_word' id='word_1_12' title='bbox 1212 543 1392 630; x_wconf 85' lang='lat' dir='ltr'>dedignan-</span> 
     </span>
     <span class='ocr_line' id='line_1_3' title="bbox 250 645 1393 734; baseline -0.001 -23"><span class='ocrx_word' id='word_1_13' title='bbox 250 659 317 730; x_wconf 90' lang='lat' dir='ltr'>tur,</span> <span class='ocrx_word' id='word_1_14' title='bbox 341 669 375 712; x_wconf 87' lang='lat' dir='ltr'>se</span> <span class='ocrx_word' id='word_1_15' title='bbox 399 649 488 734; x_wconf 89' lang='lat' dir='ltr'>ipsos</span> <span class='ocrx_word' id='word_1_16' title='bbox 510 667 530 710; x_wconf 90' lang='lat' dir='ltr'>a</span> <span class='ocrx_word' id='word_1_17' title='bbox 552 646 720 712; x_wconf 82' lang='lat' dir='ltr'>comoedia</span> <span class='ocrx_word' id='word_1_18' title='bbox 738 656 987 731; x_wconf 78' lang='lat' dir='ltr'>superauerunt,</span> <span class='ocrx_word' id='word_1_19' title='bbox 1010 669 1048 710; x_wconf 87' lang='lat' dir='ltr'>ao</span> <span class='ocrx_word' id='word_1_20' title='bbox 1070 648 1118 712; x_wconf 90' lang='lat' dir='ltr'>sic</span> <span class='ocrx_word' id='word_1_21' title='bbox 1141 645 1260 710; x_wconf 84' lang='lat' dir='ltr'>iactum</span> <span class='ocrx_word' id='word_1_22' title='bbox 1285 656 1393 710; x_wconf 85' lang='lat' dir='ltr'>estut</span> 
     </span>
     <span class='ocr_line' id='line_1_4' title="bbox 251 748 1392 836; baseline -0.002 -22"><span class='ocrx_word' id='word_1_23' title='bbox 251 748 399 836; x_wconf 87' lang='lat' dir='ltr'>exemplo</span> <span class='ocrx_word' id='word_1_24' title='bbox 430 748 528 814; x_wconf 89' lang='lat' dir='ltr'>semel</span> <span class='ocrx_word' id='word_1_25' title='bbox 554 757 680 835; x_wconf 87' lang='lat' dir='ltr'>sumpto</span> <span class='ocrx_word' id='word_1_26' title='bbox 707 769 791 812; x_wconf 87' lang='lat' dir='ltr'>unus</span> <span class='ocrx_word' id='word_1_27' title='bbox 813 749 951 834; x_wconf 86' lang='lat' dir='ltr'>quisque</span> <span class='ocrx_word' id='word_1_28' title='bbox 974 750 1054 813; x_wconf 89' lang='lat' dir='ltr'>artis</span> <span class='ocrx_word' id='word_1_29' title='bbox 1076 771 1154 812; x_wconf 89' lang='lat' dir='ltr'>suae</span> <span class='ocrx_word' id='word_1_30' title='bbox 1175 771 1243 812; x_wconf 88' lang='lat' dir='ltr'>rem</span> <span class='ocrx_word' id='word_1_31' title='bbox 1273 749 1392 836; x_wconf 83' lang='lat' dir='ltr'>exequi</span> 
     </span>
     <span class='ocr_line' id='line_1_5' title="bbox 251 849 1391 938; baseline -0.002 -22"><span class='ocrx_word' id='word_1_32' title='bbox 251 851 394 938; x_wconf 85' lang='lat' dir='ltr'>coeperit</span> <span class='ocrx_word' id='word_1_33' title='bbox 412 873 517 936; x_wconf 86' lang='lat' dir='ltr'>nequo</span> <span class='ocrx_word' id='word_1_34' title='bbox 538 851 571 914; x_wconf 92' lang='lat' dir='ltr'>in</span> <span class='ocrx_word' id='word_1_35' title='bbox 593 850 792 916; x_wconf 80' lang='lat' dir='ltr'><strong>comoediam</strong></span> <span class='ocrx_word' id='word_1_36' title='bbox 814 849 935 916; x_wconf 87' lang='lat' dir='ltr'>uenire.</span> <span class='ocrx_word' id='word_1_37' title='bbox 985 851 1079 914; x_wconf 89' lang='lat' dir='ltr'>ouius</span> <span class='ocrx_word' id='word_1_38' title='bbox 1106 851 1152 914; x_wconf 87' lang='lat' dir='ltr'>rei</span> <span class='ocrx_word' id='word_1_39' title='bbox 1176 849 1297 915; x_wconf 90' lang='lat' dir='ltr'>indicia</span> <span class='ocrx_word' id='word_1_40' title='bbox 1318 873 1391 938; x_wconf 85' lang='lat' dir='ltr'>pro·</span> 
     </span>
     <span class='ocr_line' id='line_1_6' title="bbox 251 951 1413 1040; baseline -0.003 -22"><span class='ocrx_word' id='word_1_41' title='bbox 251 955 331 1018; x_wconf 88' lang='lat' dir='ltr'>dunt</span> <span class='ocrx_word' id='word_1_42' title='bbox 354 953 448 1018; x_wconf 86' lang='lat' dir='ltr'>nobis</span> <span class='ocrx_word' id='word_1_43' title='bbox 470 954 622 1040; x_wconf 87' lang='lat' dir='ltr'>antiquae</span> <span class='ocrx_word' id='word_1_44' title='bbox 648 951 848 1028; x_wconf 87' lang='lat' dir='ltr'>comoediae,</span> <span class='ocrx_word' id='word_1_45' title='bbox 884 953 916 1014; x_wconf 92' lang='lat' dir='ltr'>in</span> <span class='ocrx_word' id='word_1_46' title='bbox 939 953 1058 1039; x_wconf 87' lang='lat' dir='ltr'>quibus</span> <span class='ocrx_word' id='word_1_47' title='bbox 1086 952 1270 1017; x_wconf 87' lang='lat' dir='ltr'>inuenimus</span> <span class='ocrx_word' id='word_1_48' title='bbox 1298 959 1413 1017; x_wconf 79' lang='lat' dir='ltr'>‘actas</span> 
     </span>
     <span class='ocr_line' id='line_1_7' title="bbox 250 1052 1390 1142; baseline 0 -22"><span class='ocrx_word' id='word_1_49' title='bbox 250 1056 343 1120; x_wconf 87' lang='lat' dir='ltr'>tibiis</span> <span class='ocrx_word' id='word_1_50' title='bbox 376 1055 509 1142; x_wconf 90' lang='lat' dir='ltr'>paribus</span> <span class='ocrx_word' id='word_1_51' title='bbox 543 1064 602 1118; x_wconf 82' lang='lat' dir='ltr'>aut</span> <span class='ocrx_word' id='word_1_52' title='bbox 635 1052 803 1140; x_wconf 80' lang='lat' dir='ltr'>inparibus</span> <span class='ocrx_word' id='word_1_53' title='bbox 832 1061 889 1116; x_wconf 88' lang='lat' dir='ltr'>aut</span> <span class='ocrx_word' id='word_1_54' title='bbox 922 1053 1094 1118; x_wconf 85' lang='lat' dir='ltr'>sarranis&#39;.</span> <span class='ocrx_word' id='word_1_55' title='bbox 1144 1055 1274 1140; x_wconf 89' lang='lat' dir='ltr'>quando</span> <span class='ocrx_word' id='word_1_56' title='bbox 1304 1057 1390 1120; x_wconf 85' lang='lat' dir='ltr'>enim</span> 
     </span>
     <span class='ocr_line' id='line_1_8' title="bbox 250 1153 1393 1238; baseline 0.002 -18"><span class='ocrx_word' id='word_1_57' title='bbox 250 1157 368 1220; x_wconf 90' lang='lat' dir='ltr'>chorus</span> <span class='ocrx_word' id='word_1_58' title='bbox 403 1156 555 1238; x_wconf 80' lang='lat' dir='ltr'><strong>canebat,</strong></span> <span class='ocrx_word' id='word_1_59' title='bbox 594 1154 733 1220; x_wconf 86' lang='lat' dir='ltr'>chorieis</span> <span class='ocrx_word' id='word_1_60' title='bbox 767 1155 856 1219; x_wconf 92' lang='lat' dir='ltr'>tibiis</span> <span class='ocrx_word' id='word_1_61' title='bbox 889 1154 923 1219; x_wconf 91' lang='lat' dir='ltr'>id</span> <span class='ocrx_word' id='word_1_62' title='bbox 957 1163 1006 1218; x_wconf 91' lang='lat' dir='ltr'>est</span> <span class='ocrx_word' id='word_1_63' title='bbox 1043 1153 1237 1220; x_wconf 86' lang='lat' dir='ltr'>choraulicis</span> <span class='ocrx_word' id='word_1_64' title='bbox 1268 1158 1393 1222; x_wconf 83' lang='lat' dir='ltr'>artifex</span> 
     </span>
     <span class='ocr_line' id='line_1_9' title="bbox 250 1256 1390 1344; baseline -0.001 -21"><span class='ocrx_word' id='word_1_65' title='bbox 250 1259 460 1340; x_wconf 83' lang='lat' dir='ltr'>concinebat,</span> <span class='ocrx_word' id='word_1_66' title='bbox 490 1259 525 1320; x_wconf 94' lang='lat' dir='ltr'>in</span> <span class='ocrx_word' id='word_1_67' title='bbox 552 1258 678 1321; x_wconf 88' lang='lat' dir='ltr'>cantico</span> <span class='ocrx_word' id='word_1_68' title='bbox 707 1266 813 1320; x_wconf 80' lang='lat' dir='ltr'>autern</span> <span class='ocrx_word' id='word_1_69' title='bbox 838 1256 1035 1344; x_wconf 85' lang='lat' dir='ltr'>pythauliois</span> <span class='ocrx_word' id='word_1_70' title='bbox 1064 1258 1288 1344; x_wconf 88' lang='lat' dir='ltr'>responsabat.</span> <span class='ocrx_word' id='word_1_71' title='bbox 1332 1259 1390 1322; x_wconf 90' lang='lat' dir='ltr'>sed</span> 
     </span>
     <span class='ocr_line' id='line_1_10' title="bbox 250 1357 1390 1448; baseline -0.002 -22"><span class='ocrx_word' id='word_1_72' title='bbox 250 1361 337 1448; x_wconf 91' lang='lat' dir='ltr'>quod</span> <span class='ocrx_word' id='word_1_73' title='bbox 360 1359 628 1447; x_wconf 77' lang='lat' dir='ltr'>‘paribustibiis&#39;</span> <span class='ocrx_word' id='word_1_74' title='bbox 650 1359 701 1424; x_wconf 89' lang='lat' dir='ltr'>uel</span> <span class='ocrx_word' id='word_1_75' title='bbox 721 1357 913 1446; x_wconf 79' lang='lat' dir='ltr'>‘inparibus&#39;</span> <span class='ocrx_word' id='word_1_76' title='bbox 932 1359 1117 1424; x_wconf 87' lang='lat' dir='ltr'>inuenimus</span> <span class='ocrx_word' id='word_1_77' title='bbox 1133 1360 1288 1446; x_wconf 87' lang='lat' dir='ltr'>scriptum</span> <span class='ocrx_word' id='word_1_78' title='bbox 1298 1409 1307 1442; x_wconf 88' lang='lat'><em>‚</em></span> <span class='ocrx_word' id='word_1_79' title='bbox 1329 1360 1390 1424; x_wconf 92' lang='lat' dir='ltr'>hoc</span> 
     </span>
     <span class='ocr_line' id='line_1_11' title="bbox 250 1457 1428 1549; baseline -0.003 -21"><span class='ocrx_word' id='word_1_80' title='bbox 250 1462 414 1549; x_wconf 87' lang='lat' dir='ltr'>significat</span> <span class='ocrx_word' id='word_1_81' title='bbox 436 1461 538 1548; x_wconf 89' lang='lat' dir='ltr'>quod,</span> <span class='ocrx_word' id='word_1_82' title='bbox 568 1457 726 1548; x_wconf 84' lang='lat' dir='ltr'>siquando</span> <span class='ocrx_word' id='word_1_83' title='bbox 749 1459 899 1525; x_wconf 85' lang='lat' dir='ltr'>monodia</span> <span class='ocrx_word' id='word_1_84' title='bbox 921 1460 1058 1547; x_wconf 84' lang='lat' dir='ltr'>agebat,</span> <span class='ocrx_word' id='word_1_85' title='bbox 1086 1481 1183 1525; x_wconf 88' lang='lat' dir='ltr'>unam</span> <span class='ocrx_word' id='word_1_86' title='bbox 1207 1459 1318 1524; x_wconf 87' lang='lat' dir='ltr'>tibiam</span> <span class='ocrx_word' id='word_1_87' title='bbox 1341 1463 1388 1526; x_wconf 93' lang='lat' dir='ltr'>in·</span> <span class='ocrx_word' id='word_1_88' title='bbox 1403 1485 1428 1526; x_wconf 79' lang='lat' dir='ltr'>sn</span> 
     </span>
     <span class='ocr_line' id='line_1_12' title="bbox 251 1563 1021 1651; baseline -0.005 -21"><span class='ocrx_word' id='word_1_89' title='bbox 251 1565 367 1646; x_wconf 81' lang='lat' dir='ltr'>flabat,</span> <span class='ocrx_word' id='word_1_90' title='bbox 392 1563 551 1651; x_wconf 83' lang='lat' dir='ltr'>siquando</span> <span class='ocrx_word' id='word_1_91' title='bbox 575 1563 727 1650; x_wconf 90' lang='lat' dir='ltr'>synodio,</span> <span class='ocrx_word' id='word_1_92' title='bbox 751 1572 915 1650; x_wconf 83' lang='lat' dir='ltr'>utrasque.</span> <span class='ocrx_word' id='word_1_93' title='bbox 935 1587 1021 1627; x_wconf 68' lang='lat' dir='ltr'>san</span> 
     </span>
     <span class='ocr_line' id='line_1_13' title="bbox 335 1663 1388 1754; baseline 0 -24"><span class='ocrx_word' id='word_1_94' title='bbox 335 1667 487 1754; x_wconf 85' lang='lat' dir='ltr'>Satyrica</span> <span class='ocrx_word' id='word_1_95' title='bbox 514 1675 563 1728; x_wconf 89' lang='lat' dir='ltr'>est</span> <span class='ocrx_word' id='word_1_96' title='bbox 589 1664 675 1751; x_wconf 86' lang='lat' dir='ltr'>apud</span> <span class='ocrx_word' id='word_1_97' title='bbox 699 1663 842 1730; x_wconf 86' lang='lat' dir='ltr'>Graecos</span> <span class='ocrx_word' id='word_1_98' title='bbox 868 1665 996 1748; x_wconf 82' lang='lat' dir='ltr'>fabula,</span> <span class='ocrx_word' id='word_1_99' title='bbox 1026 1665 1059 1727; x_wconf 93' lang='lat' dir='ltr'>in</span> <span class='ocrx_word' id='word_1_100' title='bbox 1087 1687 1151 1752; x_wconf 91' lang='lat' dir='ltr'>qua</span> <span class='ocrx_word' id='word_1_101' title='bbox 1173 1665 1249 1728; x_wconf 88' lang='lat' dir='ltr'>item</span> <span class='ocrx_word' id='word_1_102' title='bbox 1271 1665 1388 1752; x_wconf 82' lang='lat' dir='ltr'>tragici</span> 
     </span>
     <span class='ocr_line' id='line_1_14' title="bbox 249 1765 1389 1855; baseline -0.003 -22"><span class='ocrx_word' id='word_1_103' title='bbox 249 1777 364 1855; x_wconf 85' lang='lat' dir='ltr'>poetae</span> <span class='ocrx_word' id='word_1_104' title='bbox 383 1791 448 1833; x_wconf 91' lang='lat' dir='ltr'>non</span> <span class='ocrx_word' id='word_1_105' title='bbox 470 1767 584 1830; x_wconf 86' lang='lat' dir='ltr'>heroas</span> <span class='ocrx_word' id='word_1_106' title='bbox 612 1775 668 1830; x_wconf 89' lang='lat' dir='ltr'>aut</span> <span class='ocrx_word' id='word_1_107' title='bbox 691 1789 783 1851; x_wconf 87' lang='lat' dir='ltr'>reges</span> <span class='ocrx_word' id='word_1_108' title='bbox 806 1767 863 1832; x_wconf 88' lang='lat' dir='ltr'>sed</span> <span class='ocrx_word' id='word_1_109' title='bbox 884 1775 1012 1853; x_wconf 87' lang='lat' dir='ltr'>satyros</span> <span class='ocrx_word' id='word_1_110' title='bbox 1034 1765 1233 1830; x_wconf 87' lang='lat' dir='ltr'>induxerunt</span> <span class='ocrx_word' id='word_1_111' title='bbox 1254 1766 1389 1831; x_wconf 90' lang='lat' dir='ltr'>ludendi</span> 
     </span>
     <span class='ocr_line' id='line_1_15' title="bbox 250 1866 1388 1954; baseline -0.002 -20"><span class='ocrx_word' id='word_1_112' title='bbox 250 1892 349 1934; x_wconf 84' lang='lat' dir='ltr'>eausa</span> <span class='ocrx_word' id='word_1_113' title='bbox 375 1868 583 1954; x_wconf 86' lang='lat' dir='ltr'>iocandique,</span> <span class='ocrx_word' id='word_1_114' title='bbox 611 1866 706 1932; x_wconf 90' lang='lat' dir='ltr'>simul</span> <span class='ocrx_word' id='word_1_115' title='bbox 729 1879 766 1931; x_wconf 91' lang='lat' dir='ltr'>ut</span> <span class='ocrx_word' id='word_1_116' title='bbox 790 1877 954 1954; x_wconf 88' lang='lat' dir='ltr'>spectator</span> <span class='ocrx_word' id='word_1_117' title='bbox 985 1870 1070 1932; x_wconf 88' lang='lat' dir='ltr'>inter</span> <span class='ocrx_word' id='word_1_118' title='bbox 1097 1890 1150 1932; x_wconf 85' lang='lat' dir='ltr'>res</span> <span class='ocrx_word' id='word_1_119' title='bbox 1173 1868 1316 1952; x_wconf 86' lang='lat' dir='ltr'>tragicas</span> <span class='ocrx_word' id='word_1_120' title='bbox 1340 1891 1388 1932; x_wconf 88' lang='lat' dir='ltr'>se-</span> 
     </span>
     <span class='ocr_line' id='line_1_16' title="bbox 185 1968 1426 2060; baseline 0.002 -26"><span class='ocrx_word' id='word_1_121' title='bbox 185 2027 192 2034; x_wconf 89' lang='lat'><em>.</em></span> <span class='ocrx_word' id='word_1_122' title='bbox 249 1973 379 2060; x_wconf 88' lang='lat' dir='ltr'>riasque</span> <span class='ocrx_word' id='word_1_123' title='bbox 409 1980 588 2057; x_wconf 86' lang='lat' dir='ltr'>satyrorum</span> <span class='ocrx_word' id='word_1_124' title='bbox 608 1970 688 2042; x_wconf 82' lang='lat' dir='ltr'>ineis</span> <span class='ocrx_word' id='word_1_125' title='bbox 710 1978 742 2032; x_wconf 91' lang='lat' dir='ltr'>et</span> <span class='ocrx_word' id='word_1_126' title='bbox 768 1968 893 2034; x_wconf 86' lang='lat' dir='ltr'>lusibus</span> <span class='ocrx_word' id='word_1_127' title='bbox 914 1969 1144 2052; x_wconf 86' lang='lat' dir='ltr'>delectaretur,</span> <span class='ocrx_word' id='word_1_128' title='bbox 1175 1979 1211 2035; x_wconf 92' lang='lat' dir='ltr'>ut</span> <span class='ocrx_word' id='word_1_129' title='bbox 1231 1969 1387 2034; x_wconf 86' lang='lat' dir='ltr'>Horatius</span> <span class='ocrx_word' id='word_1_130' title='bbox 1401 1995 1426 2036; x_wconf 82' lang='grc'>11</span> 
     </span>
     <span class='ocr_line' id='line_1_17' title="bbox 250 2071 608 2140; baseline -0.014 -2"><span class='ocrx_word' id='word_1_131' title='bbox 250 2075 352 2140; x_wconf 90' lang='lat' dir='ltr'>sensit</span> <span class='ocrx_word' id='word_1_132' title='bbox 372 2073 422 2136; x_wconf 87' lang='lat' dir='ltr'>his</span> <span class='ocrx_word' id='word_1_133' title='bbox 444 2071 608 2136; x_wconf 86' lang='lat' dir='ltr'>uersibus:</span> 
     </span>
     <span class='ocr_line' id='line_1_18' title="bbox 377 2171 1245 2260; baseline -0.002 -20"><span class='ocrx_word' id='word_1_134' title='bbox 377 2175 520 2240; x_wconf 88' lang='lat' dir='ltr'>carmine</span> <span class='ocrx_word' id='word_1_135' title='bbox 537 2173 594 2260; x_wconf 90' lang='lat' dir='ltr'>qui</span> <span class='ocrx_word' id='word_1_136' title='bbox 616 2173 740 2258; x_wconf 84' lang='lat' dir='ltr'>tragico</span> <span class='ocrx_word' id='word_1_137' title='bbox 763 2171 860 2236; x_wconf 89' lang='lat' dir='ltr'>uilem</span> <span class='ocrx_word' id='word_1_138' title='bbox 883 2175 1022 2238; x_wconf 89' lang='lat' dir='ltr'>certauit</span> <span class='ocrx_word' id='word_1_139' title='bbox 1039 2173 1080 2244; x_wconf 90' lang='lat' dir='ltr'>ob</span> <span class='ocrx_word' id='word_1_140' title='bbox 1102 2174 1245 2257; x_wconf 81' lang='lat' dir='ltr'>hircum,</span> 
     </span>
     <span class='ocr_line' id='line_1_19' title="bbox 375 2275 1207 2363; baseline -0.004 -20"><span class='ocrx_word' id='word_1_141' title='bbox 375 2299 451 2342; x_wconf 88' lang='lat' dir='ltr'>mox</span> <span class='ocrx_word' id='word_1_142' title='bbox 474 2275 570 2338; x_wconf 89' lang='lat' dir='ltr'>etiarn</span> <span class='ocrx_word' id='word_1_143' title='bbox 593 2275 730 2360; x_wconf 87' lang='lat' dir='ltr'>agrestis</span> <span class='ocrx_word' id='word_1_144' title='bbox 752 2283 877 2362; x_wconf 83' lang='lat' dir='ltr'>satyros</span> <span class='ocrx_word' id='word_1_145' title='bbox 898 2275 1035 2340; x_wconf 90' lang='lat' dir='ltr'>nudauit</span> <span class='ocrx_word' id='word_1_146' title='bbox 1057 2285 1088 2340; x_wconf 88' lang='lat' dir='ltr'>et</span> <span class='ocrx_word' id='word_1_147' title='bbox 1110 2297 1207 2363; x_wconf 88' lang='lat' dir='ltr'>asper</span> 
     </span>
     <span class='ocr_line' id='line_1_20' title="bbox 376 2375 1214 2465; baseline -0.004 -21"><span class='ocrx_word' id='word_1_148' title='bbox 376 2375 527 2445; x_wconf 88' lang='lat' dir='ltr'>incolomi</span> <span class='ocrx_word' id='word_1_149' title='bbox 549 2378 710 2462; x_wconf 83' lang='lat' dir='ltr'>grauitate</span> <span class='ocrx_word' id='word_1_150' title='bbox 730 2377 835 2440; x_wconf 87' lang='lat' dir='ltr'>iocum</span> <span class='ocrx_word' id='word_1_151' title='bbox 859 2379 1045 2462; x_wconf 84' lang='lat' dir='ltr'>temptauit,</span> <span class='ocrx_word' id='word_1_152' title='bbox 1067 2400 1105 2443; x_wconf 90' lang='lat' dir='ltr'>eo</span> <span class='ocrx_word' id='word_1_153' title='bbox 1129 2377 1214 2465; x_wconf 89' lang='lat' dir='ltr'>quod</span> 
     </span>
     <span class='ocr_line' id='line_1_21' title="bbox 376 2479 1173 2563; baseline -0.005 -17"><span class='ocrx_word' id='word_1_154' title='bbox 376 2479 550 2546; x_wconf 88' lang='lat' dir='ltr'>inlecebris</span> <span class='ocrx_word' id='word_1_155' title='bbox 572 2488 642 2543; x_wconf 88' lang='lat' dir='ltr'>erat</span> <span class='ocrx_word' id='word_1_156' title='bbox 665 2487 696 2542; x_wconf 91' lang='lat' dir='ltr'>et</span> <span class='ocrx_word' id='word_1_157' title='bbox 716 2488 810 2563; x_wconf 87' lang='lat' dir='ltr'>grata</span> <span class='ocrx_word' id='word_1_158' title='bbox 831 2481 975 2542; x_wconf 87' lang='lat' dir='ltr'>nouitate</span> <span class='ocrx_word' id='word_1_159' title='bbox 997 2479 1173 2544; x_wconf 87' lang='lat' dir='ltr'>morandus</span> 
     </span>
     <span class='ocr_line' id='line_1_22' title="bbox 377 2591 549 2669; baseline -0.012 -23"><span class='ocrx_word' id='word_1_160' title='bbox 377 2591 549 2669; x_wconf 88' lang='lat' dir='ltr'>spectator.</span> 
     </span>
    </p>
   </div>
   <div class='ocr_carea' id='block_1_3' title="bbox 248 2752 1387 3294">
    <p class='ocr_par' dir='ltr' id='par_1_3' title="bbox 248 2752 1387 3294">
     <span class='ocr_line' id='line_1_23' title="bbox 337 2752 1386 2819; baseline 0 -15"><span class='ocrx_word' id='word_1_161' title='bbox 337 2753 557 2805; x_wconf 73' lang='lat' dir='ltr'>12—21·n1nrius</span> <span class='ocrx_word' id='word_1_162' title='bbox 575 2753 730 2802; x_wconf 78' lang='lat' dir='ltr'>Victorinus</span> <span class='ocrx_word' id='word_1_163' title='bbox 749 2752 808 2801; x_wconf 73' lang='grc'>111</span> <span class='ocrx_word' id='word_1_164' title='bbox 828 2770 854 2818; x_wconf 89' lang='lat' dir='ltr'>p.</span> <span class='ocrx_word' id='word_1_165' title='bbox 873 2753 938 2802; x_wconf 73' lang='lat'>2527</span> <span class='ocrx_word' id='word_1_166' title='bbox 959 2755 987 2802; x_wconf 84' lang='grc' dir='ltr'>Ρ.</span> <span class='ocrx_word' id='word_1_167' title='bbox 1008 2770 1033 2818; x_wconf 91' lang='lat' dir='ltr'>p.</span> <span class='ocrx_word' id='word_1_168' title='bbox 1056 2753 1103 2802; x_wconf 88' lang='grc'>110</span> <span class='ocrx_word' id='word_1_169' title='bbox 1116 2753 1164 2804; x_wconf 62' lang='grc' dir='ltr'>(λε</span> <span class='ocrx_word' id='word_1_170' title='bbox 1183 2755 1324 2819; x_wconf 72' lang='lat' dir='ltr'>‘Superest</span> <span class='ocrx_word' id='word_1_171' title='bbox 1343 2771 1386 2804; x_wconf 85' lang='lat' dir='ltr'>sa-</span> 
     </span>
     <span class='ocr_line' id='line_1_24' title="bbox 249 2821 1386 2888; baseline -0.001 -15"><span class='ocrx_word' id='word_1_172' title='bbox 249 2825 379 2888; x_wconf 83' lang='lat' dir='ltr'>tyricum,</span> <span class='ocrx_word' id='word_1_173' title='bbox 411 2821 481 2886; x_wconf 86' lang='lat' dir='ltr'>quod</span> <span class='ocrx_word' id='word_1_174' title='bbox 510 2822 582 2870; x_wconf 86' lang='lat' dir='ltr'>inter</span> <span class='ocrx_word' id='word_1_175' title='bbox 603 2821 736 2882; x_wconf 76' lang='lat' dir='ltr'>tragicum</span> <span class='ocrx_word' id='word_1_176' title='bbox 761 2825 788 2870; x_wconf 88' lang='lat' dir='ltr'>et</span> <span class='ocrx_word' id='word_1_177' title='bbox 812 2822 944 2870; x_wconf 83' lang='lat' dir='ltr'>comicum</span> <span class='ocrx_word' id='word_1_178' title='bbox 970 2822 1063 2871; x_wconf 86' lang='lat' dir='ltr'>stilum</span> <span class='ocrx_word' id='word_1_179' title='bbox 1088 2823 1204 2872; x_wconf 87' lang='lat' dir='ltr'>medium</span> <span class='ocrx_word' id='word_1_180' title='bbox 1229 2830 1278 2872; x_wconf 87' lang='lat' dir='ltr'>est.</span> <span class='ocrx_word' id='word_1_181' title='bbox 1316 2821 1386 2872; x_wconf 87' lang='lat' dir='ltr'>haec</span> 
     </span>
     <span class='ocr_line' id='line_1_25' title="bbox 250 2889 1387 2957; baseline -0.004 -15"><span class='ocrx_word' id='word_1_182' title='bbox 250 2892 321 2957; x_wconf 84' lang='lat' dir='ltr'>apud</span> <span class='ocrx_word' id='word_1_183' title='bbox 341 2891 462 2940; x_wconf 87' lang='lat' dir='ltr'>Graecos</span> <span class='ocrx_word' id='word_1_184' title='bbox 481 2891 557 2938; x_wconf 82' lang='lat' dir='ltr'>rnetri</span> <span class='ocrx_word' id='word_1_185' title='bbox 583 2889 687 2954; x_wconf 85' lang='lat' dir='ltr'>species</span> <span class='ocrx_word' id='word_1_186' title='bbox 706 2889 835 2952; x_wconf 84' lang='lat' dir='ltr'>frequens</span> <span class='ocrx_word' id='word_1_187' title='bbox 854 2895 896 2938; x_wconf 89' lang='lat' dir='ltr'>est</span> <span class='ocrx_word' id='word_1_188' title='bbox 914 2889 963 2938; x_wconf 90' lang='lat' dir='ltr'>sub</span> <span class='ocrx_word' id='word_1_189' title='bbox 982 2889 1034 2939; x_wconf 88' lang='lat' dir='ltr'>bac</span> <span class='ocrx_word' id='word_1_190' title='bbox 1054 2890 1224 2940; x_wconf 85' lang='lat' dir='ltr'>condicionis</span> <span class='ocrx_word' id='word_1_191' title='bbox 1247 2891 1323 2954; x_wconf 83' lang='lat' dir='ltr'>lege,</span> <span class='ocrx_word' id='word_1_192' title='bbox 1357 2897 1387 2939; x_wconf 87' lang='lat' dir='ltr'>ut</span> 
     </span>
     <span class='ocr_line' id='line_1_26' title="bbox 249 2955 1385 3022; baseline 0 -14"><span class='ocrx_word' id='word_1_193' title='bbox 249 2975 303 3009; x_wconf 93' lang='lat' dir='ltr'>non</span> <span class='ocrx_word' id='word_1_194' title='bbox 325 2959 423 3008; x_wconf 86' lang='lat' dir='ltr'>beroae</span> <span class='ocrx_word' id='word_1_195' title='bbox 446 2963 494 3006; x_wconf 85' lang='lat' dir='ltr'>aut</span> <span class='ocrx_word' id='word_1_196' title='bbox 516 2971 594 3020; x_wconf 72' lang='lat' dir='ltr'>repes</span> <span class='ocrx_word' id='word_1_197' title='bbox 617 2955 663 3006; x_wconf 83' lang='lat' dir='ltr'>sed</span> <span class='ocrx_word' id='word_1_198' title='bbox 685 2963 792 3019; x_wconf 67' lang='lat' dir='ltr'>satyros</span> <span class='ocrx_word' id='word_1_199' title='bbox 816 2957 943 3018; x_wconf 83' lang='lat' dir='ltr'>inducat,</span> <span class='ocrx_word' id='word_1_200' title='bbox 974 2957 1084 3008; x_wconf 87' lang='lat' dir='ltr'>ludendi</span> <span class='ocrx_word' id='word_1_201' title='bbox 1108 2957 1271 3022; x_wconf 83' lang='lat' dir='ltr'>iucundique</span> <span class='ocrx_word' id='word_1_202' title='bbox 1291 2973 1385 3020; x_wconf 83' lang='lat' dir='ltr'>eausa,</span> 
     </span>
     <span class='ocr_line' id='line_1_27' title="bbox 249 3024 1385 3092; baseline -0.001 -16"><span class='ocrx_word' id='word_1_203' title='bbox 249 3044 301 3092; x_wconf 92' lang='lat' dir='ltr'>qno</span> <span class='ocrx_word' id='word_1_204' title='bbox 319 3025 484 3092; x_wconf 84' lang='lat' dir='ltr'>spectatoris</span> <span class='ocrx_word' id='word_1_205' title='bbox 503 3026 608 3074; x_wconf 86' lang='lat' dir='ltr'>animus</span> <span class='ocrx_word' id='word_1_206' title='bbox 625 3024 695 3072; x_wconf 89' lang='lat' dir='ltr'>inter</span> <span class='ocrx_word' id='word_1_207' title='bbox 713 3025 806 3072; x_wconf 82' lang='lat' dir='ltr'>tristes</span> <span class='ocrx_word' id='word_1_208' title='bbox 831 3025 874 3072; x_wconf 68' lang='lat' dir='ltr'>ries</span> <span class='ocrx_word' id='word_1_209' title='bbox 893 3025 1015 3088; x_wconf 76' lang='lat' dir='ltr'>tragicas</span> <span class='ocrx_word' id='word_1_210' title='bbox 1033 3031 1184 3089; x_wconf 75' lang='lat' dir='ltr'>satyrorum</span> <span class='ocrx_word' id='word_1_211' title='bbox 1208 3027 1277 3075; x_wconf 87' lang='lat' dir='ltr'>iocis</span> <span class='ocrx_word' id='word_1_212' title='bbox 1297 3031 1323 3075; x_wconf 90' lang='lat' dir='ltr'>et</span> <span class='ocrx_word' id='word_1_213' title='bbox 1345 3027 1385 3075; x_wconf 88' lang='lat' dir='ltr'>lu-</span> 
     </span>
     <span class='ocr_line' id='line_1_28' title="bbox 249 3091 1385 3158; baseline -0.001 -14"><span class='ocrx_word' id='word_1_214' title='bbox 249 3096 324 3144; x_wconf 85' lang='lat' dir='ltr'>sibus</span> <span class='ocrx_word' id='word_1_215' title='bbox 343 3094 494 3148; x_wconf 80' lang='lat' dir='ltr'>relaxetur,</span> <span class='ocrx_word' id='word_1_216' title='bbox 518 3093 588 3155; x_wconf 88' lang='lat' dir='ltr'>quod</span> <span class='ocrx_word' id='word_1_217' title='bbox 605 3091 736 3140; x_wconf 82' lang='lat' dir='ltr'>Horatius</span> <span class='ocrx_word' id='word_1_218' title='bbox 753 3092 796 3141; x_wconf 88' lang='lat' dir='ltr'>his</span> <span class='ocrx_word' id='word_1_219' title='bbox 814 3093 939 3142; x_wconf 83' lang='lat' dir='ltr'>uersibus</span> <span class='ocrx_word' id='word_1_220' title='bbox 958 3099 1087 3142; x_wconf 86' lang='lat' dir='ltr'>testatur:</span> <span class='ocrx_word' id='word_1_221' title='bbox 1122 3095 1249 3143; x_wconf 66' lang='lat' dir='ltr'>Carmine</span> <span class='ocrx_word' id='word_1_222' title='bbox 1269 3095 1313 3158; x_wconf 89' lang='lat' dir='ltr'>qui</span> <span class='ocrx_word' id='word_1_223' title='bbox 1330 3101 1385 3144; x_wconf 85' lang='lat' dir='ltr'>tra-</span> 
     </span>
     <span class='ocr_line' id='line_1_29' title="bbox 248 3156 1386 3228; baseline -0.002 -16"><span class='ocrx_word' id='word_1_224' title='bbox 248 3165 310 3228; x_wconf 81' lang='lat' dir='ltr'>gico</span> <span class='ocrx_word' id='word_1_225' title='bbox 329 3189 361 3196; x_wconf 98' lang='lat'>—</span> <span class='ocrx_word' id='word_1_226' title='bbox 380 3158 543 3226; x_wconf 86' lang='lat' dir='ltr'>spectator.&#39;</span> <span class='ocrx_word' id='word_1_227' title='bbox 563 3156 715 3210; x_wconf 73' lang='lat' dir='ltr'>bitrsntbius</span> <span class='ocrx_word' id='word_1_228' title='bbox 738 3160 771 3208; x_wconf 86' lang='lat' dir='ltr'>dc</span> <span class='ocrx_word' id='word_1_229' title='bbox 791 3161 899 3209; x_wconf 82' lang='lat' dir='ltr'>fairnin:</span> <span class='ocrx_word' id='word_1_230' title='bbox 921 3161 970 3210; x_wconf 85' lang='lat' dir='ltr'>‘Et</span> <span class='ocrx_word' id='word_1_231' title='bbox 993 3161 1056 3210; x_wconf 87' lang='lat' dir='ltr'>hinc</span> <span class='ocrx_word' id='word_1_232' title='bbox 1080 3161 1178 3210; x_wconf 88' lang='lat' dir='ltr'>deinde</span> <span class='ocrx_word' id='word_1_233' title='bbox 1202 3161 1276 3210; x_wconf 90' lang='lat' dir='ltr'>aliud</span> <span class='ocrx_word' id='word_1_234' title='bbox 1299 3177 1386 3226; x_wconf 86' lang='lat' dir='ltr'>genus</span> 
     </span>
     <span class='ocr_line' id='line_1_30' title="bbox 249 3225 1386 3294; baseline 0 -15"><span class='ocrx_word' id='word_1_235' title='bbox 249 3230 373 3292; x_wconf 78' lang='lat' dir='ltr'>fabulae,</span> <span class='ocrx_word' id='word_1_236' title='bbox 394 3229 421 3277; x_wconf 88' lang='lat' dir='ltr'>id</span> <span class='ocrx_word' id='word_1_237' title='bbox 441 3233 482 3277; x_wconf 85' lang='lat' dir='ltr'>est</span> <span class='ocrx_word' id='word_1_238' title='bbox 501 3225 619 3291; x_wconf 80' lang='lat' dir='ltr'>satyrico</span> <span class='ocrx_word' id='word_1_239' title='bbox 638 3227 753 3291; x_wconf 82' lang='lat' dir='ltr'>sumpsit</span> <span class='ocrx_word' id='word_1_240' title='bbox 772 3227 925 3278; x_wconf 85' lang='lat' dir='ltr'>exordium:</span> <span class='ocrx_word' id='word_1_241' title='bbox 950 3243 1019 3293; x_wconf 85' lang='lat' dir='ltr'>quae</span> <span class='ocrx_word' id='word_1_242' title='bbox 1039 3245 1055 3278; x_wconf 91' lang='lat' dir='ltr'>a</span> <span class='ocrx_word' id='word_1_243' title='bbox 1073 3231 1189 3294; x_wconf 72' lang='lat' dir='ltr'>satyris,</span> <span class='ocrx_word' id='word_1_244' title='bbox 1209 3245 1275 3294; x_wconf 89' lang='lat' dir='ltr'>quos</span> <span class='ocrx_word' id='word_1_245' title='bbox 1292 3229 1386 3279; x_wconf 87' lang='lat' dir='ltr'>illotos</span> 
     </span>
    </p>
   </div>
   <div class='ocr_carea' id='block_1_4' title="bbox 182 3400 1487 4504">
    <p class='ocr_par' dir='ltr' id='par_1_4' title="bbox 246 3400 1406 3906">
     <span class='ocr_line' id='line_1_31' title="bbox 336 3400 1384 3474; baseline 0.002 -16"><span class='ocrx_word' id='word_1_246' title='bbox 336 3413 343 3463; x_wconf 98' lang='grc'>1</span> <span class='ocrx_word' id='word_1_247' title='bbox 366 3401 514 3458; x_wconf 90' lang='lat' dir='ltr'>communi</span> <span class='ocrx_word' id='word_1_248' title='bbox 530 3401 653 3472; x_wconf 70' lang='lat' dir='ltr'>lanyr&#39;as</span> <span class='ocrx_word' id='word_1_249' title='bbox 671 3402 772 3456; x_wconf 82' lang='lat' dir='ltr'>aiadie.</span> <span class='ocrx_word' id='word_1_250' title='bbox 790 3409 864 3474; x_wconf 75' lang='grc'><strong>11119.</strong></span> <span class='ocrx_word' id='word_1_251' title='bbox 883 3403 964 3458; x_wconf 80' lang='lat' dir='ltr'>Rern.</span> <span class='ocrx_word' id='word_1_252' title='bbox 982 3421 1011 3473; x_wconf 85' lang='lat' dir='ltr'>p.</span> <span class='ocrx_word' id='word_1_253' title='bbox 1030 3408 1070 3458; x_wconf 71' lang='grc' dir='ltr'>Η</span> <span class='ocrx_word' id='word_1_254' title='bbox 1080 3425 1088 3458; x_wconf 91' lang='grc'>.·</span> <span class='ocrx_word' id='word_1_255' title='bbox 1105 3402 1184 3458; x_wconf 87' lang='lat' dir='ltr'>ornni</span> <span class='ocrx_word' id='word_1_256' title='bbox 1199 3401 1286 3458; x_wconf 99' lang='grc' dir='ltr'><em>ΑΒΜ</em></span> <span class='ocrx_word' id='word_1_257' title='bbox 1296 3400 1384 3460; x_wconf 80' lang='lat' dir='ltr'>ct&#39;co·</span> 
     </span>
     <span class='ocr_line' id='line_1_32' title="bbox 247 3481 1386 3566; baseline -0.002 -20"><span class='ocrx_word' id='word_1_258' title='bbox 247 3492 305 3546; x_wconf 76' lang='lat' dir='ltr'>dar</span> <span class='ocrx_word' id='word_1_259' title='bbox 329 3488 456 3560; x_wconf 81' lang='lat' dir='ltr'>Scioppii</span> <span class='ocrx_word' id='word_1_260' title='bbox 479 3483 492 3566; x_wconf 96' lang='grc'>11</span> <span class='ocrx_word' id='word_1_261' title='bbox 520 3483 681 3560; x_wconf 79' lang='lat' dir='ltr'>argesterio</span> <span class='ocrx_word' id='word_1_262' title='bbox 706 3486 731 3539; x_wconf 86' lang='lat' dir='ltr'><em>B</em></span> <span class='ocrx_word' id='word_1_263' title='bbox 753 3486 925 3561; x_wconf 81' lang='lat' dir='ltr'>magisterio</span> <span class='ocrx_word' id='word_1_264' title='bbox 953 3506 970 3554; x_wconf 87' lang='grc' dir='ltr'>ς</span> <span class='ocrx_word' id='word_1_265' title='bbox 994 3481 1006 3566; x_wconf 96' lang='grc'>11</span> <span class='ocrx_word' id='word_1_266' title='bbox 1031 3484 1268 3562; x_wconf 85' lang='lat' dir='ltr'>dedignarentur</span> <span class='ocrx_word' id='word_1_267' title='bbox 1293 3491 1386 3545; x_wconf 78' lang='lat' dir='ltr'>codex</span> 
     </span>
     <span class='ocr_line' id='line_1_33' title="bbox 248 3563 1383 3652; baseline 0 -22"><span class='ocrx_word' id='word_1_268' title='bbox 248 3575 376 3646; x_wconf 78' lang='lat' dir='ltr'>Scioppii</span> <span class='ocrx_word' id='word_1_269' title='bbox 389 3565 402 3652; x_wconf 97' lang='grc'>11</span> <span class='ocrx_word' id='word_1_270' title='bbox 418 3581 433 3630; x_wconf 72' lang='lat'>‘2</span> <span class='ocrx_word' id='word_1_271' title='bbox 447 3591 483 3631; x_wconf 88' lang='lat' dir='ltr'>ac</span> <span class='ocrx_word' id='word_1_272' title='bbox 496 3581 544 3630; x_wconf 80' lang='lat' dir='ltr'>‹rn-</span> <span class='ocrx_word' id='word_1_273' title='bbox 562 3571 589 3624; x_wconf 88' lang='lat' dir='ltr'><em>B</em></span> <span class='ocrx_word' id='word_1_274' title='bbox 604 3563 616 3648; x_wconf 96' lang='grc'>11</span> <span class='ocrx_word' id='word_1_275' title='bbox 632 3579 649 3630; x_wconf 83' lang='grc'>3</span> <span class='ocrx_word' id='word_1_276' title='bbox 665 3569 804 3646; x_wconf 80' lang='lat' dir='ltr'>exonnpio</span> <span class='ocrx_word' id='word_1_277' title='bbox 816 3570 1005 3649; x_wconf 86' lang='lat' dir='ltr'>Bextemplo</span> <span class='ocrx_word' id='word_1_278' title='bbox 1018 3573 1075 3627; x_wconf 99' lang='lat' dir='ltr'>AM</span> <span class='ocrx_word' id='word_1_279' title='bbox 1087 3564 1100 3652; x_wconf 96' lang='grc'>11</span> <span class='ocrx_word' id='word_1_280' title='bbox 1117 3581 1215 3630; x_wconf 85' lang='lat' dir='ltr'>sumtu</span> <span class='ocrx_word' id='word_1_281' title='bbox 1228 3577 1251 3628; x_wconf 91' lang='lat' dir='ltr'><em>A</em></span> <span class='ocrx_word' id='word_1_282' title='bbox 1267 3567 1280 3650; x_wconf 83' lang='grc'>11</span> <span class='ocrx_word' id='word_1_283' title='bbox 1295 3593 1383 3630; x_wconf 87' lang='lat' dir='ltr'>unus·</span> 
     </span>
     <span class='ocr_line' id='line_1_34' title="bbox 247 3651 1385 3737; baseline 0.003 -25"><span class='ocrx_word' id='word_1_284' title='bbox 247 3657 376 3737; x_wconf 85' lang='lat' dir='ltr'>quisque</span> <span class='ocrx_word' id='word_1_285' title='bbox 393 3678 423 3726; x_wconf 73' lang='grc' dir='ltr'>ςι</span> <span class='ocrx_word' id='word_1_286' title='bbox 440 3675 507 3718; x_wconf 81' lang='lat' dir='ltr'>usus</span> <span class='ocrx_word' id='word_1_287' title='bbox 522 3653 649 3733; x_wconf 89' lang='lat' dir='ltr'>quisque</span> <span class='ocrx_word' id='word_1_288' title='bbox 666 3655 752 3710; x_wconf 89' lang='grc' dir='ltr'><em>ΑΒΜ</em></span> <span class='ocrx_word' id='word_1_289' title='bbox 766 3651 778 3734; x_wconf 96' lang='grc'>11</span> <span class='ocrx_word' id='word_1_290' title='bbox 795 3657 922 3734; x_wconf 85' lang='lat' dir='ltr'>exaequi</span> <span class='ocrx_word' id='word_1_291' title='bbox 939 3659 990 3712; x_wconf 88' lang='lat' dir='ltr'>AB</span> <span class='ocrx_word' id='word_1_292' title='bbox 1014 3652 1027 3732; x_wconf 79' lang='grc'>11</span> <span class='ocrx_word' id='word_1_293' title='bbox 1047 3668 1064 3716; x_wconf 71' lang='grc'>1</span> <span class='ocrx_word' id='word_1_294' title='bbox 1083 3657 1218 3734; x_wconf 86' lang='lat' dir='ltr'>coeperit</span> <span class='ocrx_word' id='word_1_295' title='bbox 1235 3677 1265 3725; x_wconf 83' lang='grc' dir='ltr'>ς;</span> <span class='ocrx_word' id='word_1_296' title='bbox 1284 3657 1385 3735; x_wconf 89' lang='lat' dir='ltr'>coepit</span> 
     </span>
     <span class='ocr_line' id='line_1_35' title="bbox 246 3733 1406 3822; baseline -0.001 -22"><span class='ocrx_word' id='word_1_297' title='bbox 246 3743 332 3800; x_wconf 88' lang='grc' dir='ltr'><em>ΑΒΜ</em></span> <span class='ocrx_word' id='word_1_298' title='bbox 346 3737 359 3822; x_wconf 96' lang='grc'>11</span> <span class='ocrx_word' id='word_1_299' title='bbox 375 3743 516 3804; x_wconf 74' lang='lat' dir='ltr'>fisarauis</span> <span class='ocrx_word' id='word_1_300' title='bbox 529 3745 552 3796; x_wconf 90' lang='lat' dir='ltr'><em>A</em></span> <span class='ocrx_word' id='word_1_301' title='bbox 567 3733 580 3816; x_wconf 95' lang='grc'>11</span> <span class='ocrx_word' id='word_1_302' title='bbox 595 3747 610 3800; x_wconf 82' lang='grc'>7</span> <span class='ocrx_word' id='word_1_303' title='bbox 625 3737 803 3797; x_wconf 85' lang='lat' dir='ltr'>cholanlieis</span> <span class='ocrx_word' id='word_1_304' title='bbox 813 3742 899 3796; x_wconf 90' lang='grc' dir='ltr'>ΑΒΜ</span> <span class='ocrx_word' id='word_1_305' title='bbox 911 3735 956 3822; x_wconf 75' lang='grc'><strong>1111</strong></span> <span class='ocrx_word' id='word_1_306' title='bbox 973 3741 1166 3818; x_wconf 85' lang='lat' dir='ltr'>phithauliois</span> <span class='ocrx_word' id='word_1_307' title='bbox 1177 3743 1209 3798; x_wconf 96' lang='grc' dir='ltr'><em>Μ</em></span> <span class='ocrx_word' id='word_1_308' title='bbox 1221 3736 1234 3821; x_wconf 95' lang='grc'>11</span> <span class='ocrx_word' id='word_1_309' title='bbox 1253 3753 1278 3802; x_wconf 94' lang='grc'>11</span> <span class='ocrx_word' id='word_1_310' title='bbox 1297 3743 1382 3800; x_wconf 87' lang='lat' dir='ltr'>utris·</span> <span class='ocrx_word' id='word_1_311' title='bbox 1399 3800 1406 3817; x_wconf 60' lang='lat'><em>,</em></span> 
     </span>
     <span class='ocr_line' id='line_1_36' title="bbox 247 3817 1384 3906; baseline 0.001 -21"><span class='ocrx_word' id='word_1_312' title='bbox 247 3847 306 3906; x_wconf 89' lang='lat' dir='ltr'>qne</span> <span class='ocrx_word' id='word_1_313' title='bbox 324 3817 610 3906; x_wconf 71' lang='grc' dir='ltr'><strong>Β111111111111ΑΜ11</strong></span> <span class='ocrx_word' id='word_1_314' title='bbox 628 3831 659 3884; x_wconf 81' lang='lat' dir='ltr'>m</span> <span class='ocrx_word' id='word_1_315' title='bbox 671 3823 813 3900; x_wconf 87' lang='lat' dir='ltr'>Satyrica</span> <span class='ocrx_word' id='word_1_316' title='bbox 829 3826 942 3884; x_wconf 83' lang='lat' dir='ltr'>Marius</span> <span class='ocrx_word' id='word_1_317' title='bbox 962 3827 1123 3884; x_wconf 76' lang='lat' dir='ltr'>Victorinus</span> <span class='ocrx_word' id='word_1_318' title='bbox 1138 3830 1157 3883; x_wconf 85' lang='lat'>1.</span> <span class='ocrx_word' id='word_1_319' title='bbox 1173 3847 1216 3884; x_wconf 88' lang='lat' dir='ltr'>c.:</span> <span class='ocrx_word' id='word_1_320' title='bbox 1232 3828 1384 3906; x_wconf 79' lang='lat' dir='ltr'>satyricae</span> 
     </span>
    </p>

    <p class='ocr_par' dir='ltr' id='par_1_5' title="bbox 182 3901 1487 4504">
     <span class='ocr_line' id='line_1_37' title="bbox 182 3901 1487 3993; baseline 0.001 -24"><span class='ocrx_word' id='word_1_321' title='bbox 182 3901 187 3908; x_wconf 47' lang='lat'>⁵</span> <span class='ocrx_word' id='word_1_322' title='bbox 246 3914 333 3969; x_wconf 91' lang='grc' dir='ltr'>ΑΒΜ</span> <span class='ocrx_word' id='word_1_323' title='bbox 345 3907 358 3993; x_wconf 96' lang='grc'>11</span> <span class='ocrx_word' id='word_1_324' title='bbox 378 3923 408 3972; x_wconf 69' lang='lat' dir='ltr'>tt</span> <span class='ocrx_word' id='word_1_325' title='bbox 432 3909 611 3988; x_wconf 83' lang='lat' dir='ltr'>iocandique</span> <span class='ocrx_word' id='word_1_326' title='bbox 633 3910 828 3978; x_wconf 75' lang='grc' dir='ltr'><strong>ς11Μ1111111</strong></span> <span class='ocrx_word' id='word_1_327' title='bbox 863 3912 1040 3969; x_wconf 77' lang='lat' dir='ltr'>Victorinus:</span> <span class='ocrx_word' id='word_1_328' title='bbox 1066 3911 1248 3990; x_wconf 83' lang='lat' dir='ltr'>iucundique</span> <span class='ocrx_word' id='word_1_329' title='bbox 1272 3915 1359 3970; x_wconf 88' lang='grc' dir='ltr'>ΑΒΜ</span> <span class='ocrx_word' id='word_1_330' title='bbox 1377 3909 1385 3992; x_wconf 92' lang='grc'>1</span> <span class='ocrx_word' id='word_1_331' title='bbox 1482 3903 1487 3912; x_wconf 72' lang='grc'><strong>’</strong></span> 
     </span>
     <span class='ocr_line' id='line_1_38' title="bbox 245 3990 1385 4076; baseline 0.002 -22"><span class='ocrx_word' id='word_1_332' title='bbox 245 4006 399 4074; x_wconf 85' lang='lat' dir='ltr'>spectator</span> <span class='ocrx_word' id='word_1_333' title='bbox 427 3999 447 4056; x_wconf 81' lang='lat' dir='ltr'><em>A</em></span> <span class='ocrx_word' id='word_1_334' title='bbox 471 4001 647 4074; x_wconf 84' lang='lat' dir='ltr'>expectator</span> <span class='ocrx_word' id='word_1_335' title='bbox 673 3995 707 4049; x_wconf 97' lang='lat' dir='ltr'><em>M</em></span> <span class='ocrx_word' id='word_1_336' title='bbox 730 4003 908 4071; x_wconf 83' lang='lat' dir='ltr'>expectatur</span> <span class='ocrx_word' id='word_1_337' title='bbox 931 3999 956 4052; x_wconf 87' lang='grc' dir='ltr'><em>Β</em></span> <span class='ocrx_word' id='word_1_338' title='bbox 977 3990 989 4076; x_wconf 96' lang='grc'>11</span> <span class='ocrx_word' id='word_1_339' title='bbox 1014 4007 1043 4057; x_wconf 79' lang='grc'>15</span> <span class='ocrx_word' id='word_1_340' title='bbox 1074 4005 1243 4074; x_wconf 81' lang='lat' dir='ltr'>satyrorum</span> <span class='ocrx_word' id='word_1_341' title='bbox 1271 3999 1385 4056; x_wconf 79' lang='lat' dir='ltr'>{ilarius</span> 
     </span>
     <span class='ocr_line' id='line_1_39' title="bbox 206 4075 1384 4162; baseline 0.003 -25"><span class='ocrx_word' id='word_1_342' title='bbox 206 4117 212 4132; x_wconf 85' lang='lat'><strong>·</strong></span> <span class='ocrx_word' id='word_1_343' title='bbox 255 4084 428 4140; x_wconf 69' lang='lat' dir='ltr'>Victorinus:</span> <span class='ocrx_word' id='word_1_344' title='bbox 445 4092 675 4160; x_wconf 77' lang='lat' dir='ltr'>satyrorumque</span> <span class='ocrx_word' id='word_1_345' title='bbox 694 4080 780 4135; x_wconf 89' lang='grc' dir='ltr'>ΑΒΜ</span> <span class='ocrx_word' id='word_1_346' title='bbox 794 4087 964 4158; x_wconf 87' lang='lat' dir='ltr'>satyrorum</span> <span class='ocrx_word' id='word_1_347' title='bbox 979 4099 1099 4160; x_wconf 88' lang='lat' dir='ltr'>quoque</span> <span class='ocrx_word' id='word_1_348' title='bbox 1114 4075 1157 4161; x_wconf 93' lang='grc' dir='ltr'>ς11</span> <span class='ocrx_word' id='word_1_349' title='bbox 1173 4079 1328 4162; x_wconf 84' lang='lat' dir='ltr'>Horatius]</span> <span class='ocrx_word' id='word_1_350' title='bbox 1349 4087 1384 4140; x_wconf 84' lang='lat' dir='ltr'>de</span> 
     </span>
     <span class='ocr_line' id='line_1_40' title="bbox 247 4161 1384 4246; baseline 0.003 -23"><span class='ocrx_word' id='word_1_351' title='bbox 247 4176 309 4224; x_wconf 82' lang='lat' dir='ltr'>arte</span> <span class='ocrx_word' id='word_1_352' title='bbox 326 4177 401 4239; x_wconf 80' lang='lat' dir='ltr'>poet.</span> <span class='ocrx_word' id='word_1_353' title='bbox 425 4173 481 4224; x_wconf 82' lang='lat'>220</span> <span class='ocrx_word' id='word_1_354' title='bbox 503 4161 515 4246; x_wconf 94' lang='grc'>11</span> <span class='ocrx_word' id='word_1_355' title='bbox 539 4173 570 4226; x_wconf 83' lang='grc'>18</span> <span class='ocrx_word' id='word_1_356' title='bbox 592 4182 661 4220; x_wconf 79' lang='grc'><strong>111111</strong></span> <span class='ocrx_word' id='word_1_357' title='bbox 685 4172 715 4220; x_wconf 87' lang='lat' dir='ltr'>et</span> <span class='ocrx_word' id='word_1_358' title='bbox 736 4173 875 4242; x_wconf 83' lang='lat' dir='ltr'>asatyros</span> <span class='ocrx_word' id='word_1_359' title='bbox 897 4167 1020 4222; x_wconf 88' lang='lat' dir='ltr'>nouauit</span> <span class='ocrx_word' id='word_1_360' title='bbox 1043 4174 1073 4224; x_wconf 90' lang='lat' dir='ltr'>et</span> <span class='ocrx_word' id='word_1_361' title='bbox 1095 4185 1185 4244; x_wconf 85' lang='lat' dir='ltr'>asper</span> <span class='ocrx_word' id='word_1_362' title='bbox 1201 4169 1253 4222; x_wconf 87' lang='lat' dir='ltr'>AB</span> <span class='ocrx_word' id='word_1_363' title='bbox 1267 4187 1336 4226; x_wconf 84' lang='lat' dir='ltr'>mox</span> <span class='ocrx_word' id='word_1_364' title='bbox 1354 4177 1384 4226; x_wconf 87' lang='lat' dir='ltr'>et</span> 
     </span>
     <span class='ocr_line' id='line_1_41' title="bbox 246 4245 1382 4332; baseline 0 -24"><span class='ocrx_word' id='word_1_365' title='bbox 246 4259 367 4329; x_wconf 86' lang='lat' dir='ltr'>satyros</span> <span class='ocrx_word' id='word_1_366' title='bbox 388 4259 500 4310; x_wconf 85' lang='lat' dir='ltr'>nonant</span> <span class='ocrx_word' id='word_1_367' title='bbox 522 4249 610 4326; x_wconf 82' lang='lat' dir='ltr'>(corr.</span> <span class='ocrx_word' id='word_1_368' title='bbox 634 4247 772 4324; x_wconf 88' lang='lat' dir='ltr'>nouauit)</span> <span class='ocrx_word' id='word_1_369' title='bbox 785 4271 799 4306; x_wconf 72' lang='grc'>1</span> <span class='ocrx_word' id='word_1_370' title='bbox 810 4272 824 4306; x_wconf 76' lang='lat' dir='ltr'>s</span> <span class='ocrx_word' id='word_1_371' title='bbox 835 4271 873 4308; x_wconf 74' lang='lat' dir='ltr'>se</span> <span class='ocrx_word' id='word_1_372' title='bbox 894 4259 924 4308; x_wconf 88' lang='lat' dir='ltr'>et</span> <span class='ocrx_word' id='word_1_373' title='bbox 942 4248 1014 4308; x_wconf 80' lang='lat' dir='ltr'>coru</span> <span class='ocrx_word' id='word_1_374' title='bbox 1025 4253 1059 4307; x_wconf 92' lang='lat' dir='ltr'><em>M</em></span> <span class='ocrx_word' id='word_1_375' title='bbox 1071 4245 1084 4332; x_wconf 96' lang='grc'>11</span> <span class='ocrx_word' id='word_1_376' title='bbox 1100 4250 1217 4309; x_wconf 87' lang='lat' dir='ltr'>ornauit</span> <span class='ocrx_word' id='word_1_377' title='bbox 1229 4254 1272 4308; x_wconf 84' lang='lat' dir='ltr'>ed.</span> <span class='ocrx_word' id='word_1_378' title='bbox 1286 4257 1382 4326; x_wconf 82' lang='lat' dir='ltr'>princ.</span> 
     </span>
     <span class='ocr_line' id='line_1_42' title="bbox 216 4329 1383 4416; baseline 0.001 -20"><span class='ocrx_word' id='word_1_379' title='bbox 216 4361 221 4372; x_wconf 90' lang='lat'><strong>·</strong></span> <span class='ocrx_word' id='word_1_380' title='bbox 245 4331 253 4412; x_wconf 95' lang='grc' dir='ltr'>Ι1</span> <span class='ocrx_word' id='word_1_381' title='bbox 276 4345 307 4398; x_wconf 85' lang='grc'>19</span> <span class='ocrx_word' id='word_1_382' title='bbox 321 4335 468 4412; x_wconf 82' lang='lat' dir='ltr'>grauitate</span> <span class='ocrx_word' id='word_1_383' title='bbox 487 4355 541 4393; x_wconf 91' lang='lat' dir='ltr'>om.</span> <span class='ocrx_word' id='word_1_384' title='bbox 564 4330 787 4412; x_wconf 80' lang='grc' dir='ltr'><strong>ΑΒΜ111011111</strong></span> <span class='ocrx_word' id='word_1_385' title='bbox 804 4338 828 4390; x_wconf 90' lang='lat' dir='ltr'><em>A</em></span> <span class='ocrx_word' id='word_1_386' title='bbox 846 4335 905 4392; x_wconf 85' lang='lat' dir='ltr'>loci</span> <span class='ocrx_word' id='word_1_387' title='bbox 922 4336 980 4392; x_wconf 89' lang='grc' dir='ltr'><em>ΒΜ</em></span> <span class='ocrx_word' id='word_1_388' title='bbox 1000 4329 1148 4416; x_wconf 68' lang='grc'><strong>11101111</strong></span> <span class='ocrx_word' id='word_1_389' title='bbox 1167 4343 1196 4392; x_wconf 88' lang='lat' dir='ltr'>et</span> <span class='ocrx_word' id='word_1_390' title='bbox 1218 4335 1383 4396; x_wconf 84' lang='lat' dir='ltr'>nouitatem</span> 
     </span>
     <span class='ocr_line' id='line_1_43' title="bbox 247 4415 1288 4504; baseline -0.002 -24"><span class='ocrx_word' id='word_1_391' title='bbox 247 4439 348 4480; x_wconf 64' lang='lat' dir='ltr'>cirrum</span> <span class='ocrx_word' id='word_1_392' title='bbox 367 4428 519 4500; x_wconf 83' lang='lat' dir='ltr'>spectator</span> <span class='ocrx_word' id='word_1_393' title='bbox 532 4419 699 4497; x_wconf 83' lang='lat' dir='ltr'>(spectatur</span> <span class='ocrx_word' id='word_1_394' title='bbox 712 4417 751 4496; x_wconf 89' lang='grc' dir='ltr'><em>Β)</em></span> <span class='ocrx_word' id='word_1_395' title='bbox 764 4421 851 4478; x_wconf 85' lang='grc' dir='ltr'><em>ΑΒΜ</em></span> <span class='ocrx_word' id='word_1_396' title='bbox 863 4415 876 4502; x_wconf 96' lang='grc'>11</span> <span class='ocrx_word' id='word_1_397' title='bbox 892 4419 1057 4478; x_wconf 87' lang='lat' dir='ltr'>mouendus</span> <span class='ocrx_word' id='word_1_398' title='bbox 1069 4424 1112 4480; x_wconf 85' lang='lat' dir='ltr'>ed.</span> <span class='ocrx_word' id='word_1_399' title='bbox 1124 4425 1218 4493; x_wconf 84' lang='lat' dir='ltr'>princ.</span> <span class='ocrx_word' id='word_1_400' title='bbox 1286 4499 1288 4504; x_wconf 28' lang='grc' dir='ltr'>Ι</span> 
     </span>
    </p>
   </div>
   <div class='ocr_carea' id='block_1_5' title="bbox 0 0 1544 5072">
    <p class='ocr_par' dir='ltr' id='par_1_6' title="bbox 0 0 1544 5072">
     <span class='ocr_line' id='line_1_44' title="bbox 0 0 1544 5072; baseline 0 0"><span class='ocrx_word' id='word_1_401' title='bbox 0 0 1544 5072; x_wconf 95' lang='lat' dir='ltr'> </span> 
     </span>
    </p>
   </div>
  </div>
 </body>
</html>
