3078 5072
631 406 674 446 nn
699 406 815 448 coecus
1254 392 1286 453 ll

163 553 286 634 bantur,
309 563 346 618 ut
368 552 509 640 qualitas
529 551 646 619 coloris
669 553 826 617 indicium
849 556 971 620 laceret
992 557 1124 634 aetatis,
1149 579 1221 622 cum
1245 580 1292 623 es·

162 666 226 722 sent
248 664 304 720 aut
330 655 398 720 albi
426 663 483 718 aut
510 656 597 742 nigri
624 662 681 718 aut
708 653 779 718 rufi.
821 659 969 742 personis
999 681 1076 724 uero
1099 662 1147 724 uti
1169 661 1291 747 primus

161 759 257 845 coepit
276 758 415 822 Roscius
438 755 570 838 Gallus,
599 757 793 842 praecipuus
816 758 946 842 histrio,
973 761 1061 847 quod
1089 761 1192 826 oeulis
1221 785 1291 848 per·

131 849 140 858 ’
158 863 256 926 uersis
274 865 344 924 erat
359 881 420 924 uec
438 859 518 924 satis
542 858 677 923 decorus
697 860 768 924 sine
786 864 936 946 personis
956 863 1020 926 nisi
1041 864 1203 948 parasitus
1219 885 1292 950 pro-

138 961 332 1029 snuntiabat.
353 985 485 1028 assas*
534 949 679 1025 membra
705 961 944 1027 comoediarum
973 973 1048 1029 sunt
1069 966 1154 1046 utria,
1185 966 1291 1030 diuer-

158 1065 239 1146 bium
259 1064 424 1128 canticum
440 1061 574 1136 chorus„
587 1061 759 1141 imembra
774 1044 960 1130 comoediae
976 1065 1107 1142 diuersa
1128 1075 1218 1150 sunt,
1238 1067 1291 1132 de-

157 1167 242 1232 linito
262 1175 371 1231 tamen
393 1187 527 1230 numero
553 1165 759 1229 continentur
782 1187 801 1228 a
820 1167 961 1254 quinque
984 1167 1146 1256 usquead
1167 1169 1289 1234 decem.

156 1269 301 1334 diuerbia
321 1277 398 1332 suut
424 1275 535 1354 partes
563 1263 799 1332 comoediarum
825 1269 859 1330 in
887 1270 959 1354 quis
989 1269 1191 1335 diuersorum
1220 1293 1291 1357 per·

156 1393 250 1436 sonae
273 1379 457 1435 uersentur.
497 1389 656 1456 personae
674 1376 782 1432 autem
804 1367 1022 1436 diuerbiorum
1049 1380 1104 1436 aut
1131 1371 1214 1438 duae
1236 1384 1294 1439 aut

127 1485 217 1538 ames
246 1481 305 1537 aut
332 1481 407 1538 raro
430 1481 583 1559 quattuor
606 1491 679 1536 esse
707 1470 844 1554 debent,
874 1470 960 1536 ultra
981 1496 1101 1559 augere
1123 1496 1289 1540 numerum

156 1575 324 1664 nonlicet.
363 1574 398 1638 in
419 1573 554 1638 canticis
576 1581 685 1637 autem
708 1593 773 1638 una
790 1582 915 1638 tautum
936 1573 1034 1640 debet
1055 1597 1126 1641 esse
1142 1595 1292 1663 persona,

156 1691 209 1742 aut
230 1677 258 1741 si
282 1675 365 1740 duae
386 1676 523 1758 fuerint,
547 1676 594 1740 ita
608 1695 683 1742 esse
699 1673 820 1740 debent
836 1684 873 1738 ut
895 1697 937 1738 ex
954 1677 1080 1744 occulto
1096 1699 1163 1742 una
1179 1679 1292 1744 audiat

155 1802 212 1844 neo
240 1777 455 1865 conloquatur
483 1776 542 1841 sed
564 1798 674 1841 secum
703 1778 730 1840 si
758 1798 838 1862 opus
863 1777 963 1842 fuerit
989 1780 1091 1862 uerba
1113 1781 1223 1846 saciat.
1258 1782 1292 1844 in

155 1881 259 1946 choris
271 1902 351 1944 uero
362 1900 518 1944 numerus
534 1899 746 1963 personarum
759 1877 910 1943 definitus
921 1901 986 1944 non
997 1889 1057 1964 est,
1071 1883 1190 1970 quippe
1202 1884 1291 1948 iunc-

128 2002 148 2042 a
156 1985 211 2048 tim
225 2005 336 2046 omncs
352 1981 441 2069 loqui
452 1981 582 2059 debent,
598 1982 691 2067 quasi
703 2002 783 2045 uoce
794 1980 971 2046 confusaet
981 1993 1138 2048 concentu
1151 1985 1183 2048 iu
1193 2007 1291 2048 unam

155 2106 327 2174 personam
348 2105 383 2148 se
400 2084 588 2148 formantes.
612 2082 750 2146 Latinae
766 2082 865 2166 igitur
881 2084 1067 2150 comoediae
1080 2084 1213 2152 chorum
1227 2109 1291 2152 non

155 2187 288 2270 babent,
308 2185 365 2252 sed
385 2184 512 2250 duobus
527 2184 681 2250 membris
691 2192 817 2248 tautum
833 2195 990 2267 constant,
1007 2185 1155 2254 diuerbio
1170 2198 1202 2252 et
1217 2210 1290 2252 can-

156 2291 226 2354 tico.
276 2289 392 2376 primis
413 2295 519 2352 autem
552 2286 767 2373 temporibus,
795 2287 889 2350 sicuti
916 2288 1039 2353 adserit
1069 2287 1291 2376 Tranquillus,

156 2391 261 2456 omnia
278 2413 362 2477 quae
377 2390 411 2454 in
426 2409 525 2454 scena
534 2397 717 2464 uersentur,
734 2389 767 2451 iu
782 2388 948 2453 comoedia
964 2389 1155 2474 agebantur.
1174 2402 1293 2456 namet

126 2517 149 2554 n
157 2494 370 2578 pantomimus
381 2500 413 2556 et
422 2489 595 2578 pythaules
607 2498 640 2554 ct
651 2487 819 2578 choraules
828 2489 861 2553 in
870 2492 1037 2558 comoedia
1049 2493 1219 2558 canebant.
1234 2494 1292 2560 scd

157 2597 229 2683 quia
251 2617 317 2659 nou
338 2601 487 2681 poterant
507 2593 616 2657 omnia
638 2591 733 2656 simul
757 2590 846 2677 apud
866 2615 976 2658 omnes
999 2592 1140 2658 artifices
1170 2594 1292 2681 pariter

158 2695 332 2778 excellere,
362 2694 447 2798 siqui
471 2695 677 2758 orantintcr
698 2703 824 2757 actores
847 2696 1082 2760 comoediarum
1097 2719 1169 2784 ‘pro
1192 2689 1293 2762 facul·

158 2808 220 2863 tate
248 2807 281 2862 et
308 2806 378 2862 arte
406 2798 565 2883 potiores,
594 2795 810 2881 principatum
835 2796 894 2860 sibi
916 2797 1046 2863 artificii
1069 2799 1291 2865 uindicabant.

160 2902 202 2965 sic
224 2902 418 2966 factumest
445 2901 510 2990 (ut)
539 2898 726 2962 nolentibus
754 2897 870 2962 cedere
891 2902 997 2965 mimis
1020 2903 1052 2964 in
1072 2902 1212 2976 ¹artificio
1234 2925 1292 2968 suo

130 3004 270 3069 asceteria
290 3003 453 3089 separatio
479 2999 573 3065 fieret
600 2999 809 3086 reliquorum.
854 3022 928 3065 nam
946 3001 1027 3082 dum
1048 3005 1192 3090 potiores
1212 3005 1292 3068 inle-
1334 3032 1337 3040 ·

238 3229 325 3292 2sqq.
351 3227 476 3276 Donatus
495 3225 527 3275 de
548 3225 703 3276 comoedia:
724 3223 882 3274 ‘Personati
901 3227 978 3290 primi
998 3229 1089 3294 egisse
1106 3230 1234 3279 dicuntur
1247 3247 1290 3278 co·

161 3295 290 3346 moediarn
304 3295 417 3344 Cincius
429 3293 573 3356 Faliscus,
587 3293 758 3358 tragoediam
771 3293 909 3344 Minucius
922 3295 1093 3352 Prainetos)
1114 3299 1150 3347 cf.
1165 3297 1291 3350 Woll'llus

161 3363 190 3413 de
209 3371 282 3414 cent.
301 3379 328 3428 p.
348 3363 391 3424 23,
412 3362 571 3427 Sebopenna
590 3360 608 3409 l.
629 3377 652 3410 c.
673 3377 699 3426 p.
722 3359 768 3410 155
787 3377 845 3425 sq..

238 3585 340 3646 truffi
355 3588 409 3643 ΑΒ
422 3579 436 3666 Η
451 3595 468 3647 3
483 3583 636 3662 peruersis
652 3587 763 3642 Keiliua
778 3602 817 3641 erc
837 3586 892 3643 Cic.
910 3589 944 3644 dc
960 3595 1019 3644 not.
1030 3592 1107 3646 deor.
1129 3590 1148 3646 I
1165 3595 1216 3658 28,
1238 3595 1291 3648 79:

160 3671 206 3730 ‘at
223 3681 288 3730 erat
306 3668 475 3748 (Roscius),
495 3669 572 3727 siout
585 3667 677 3728 bodie
694 3677 755 3740 est,
774 3669 869 3727 oeulis
888 3673 1151 3748 peruersissimis':
1176 3676 1291 3734 euersis

142 3759 242 3822 ,ΑΒΜ
257 3754 394 3816 obuersis
410 3750 455 3838 ςΗ
469 3763 487 3816 4
501 3775 559 3812 nec
575 3755 648 3812 satis
668 3753 796 3812 decorus
814 3754 872 3813 nisi
889 3765 1063 3834 personatur
1079 3757 1293 3834 pronuntiabat

158 3847 272 3902 coniecit
295 3845 474 3900 Rcucensr'us
493 3845 601 3899 collect.
622 3843 673 3896 litt.
693 3859 722 3911 p.
747 3845 784 3898 10
805 3835 818 3918 Η
837 3839 902 3899 sine
923 3843 1059 3918 personis
1075 3845 1202 3917 turpius
1217 3848 1291 3903 vind.

158 3939 228 4002 trop.
246 3931 327 3988 Rom.
341 3947 372 4000 p.
393 3933 446 3985 43:
462 3927 493 3984 in
509 3923 647 4003 personis
662 3926 748 4000 ΑΒΜ
760 3921 773 4002 Η
789 3925 846 3983 nisi
867 3946 920 3984 om.
936 3928 970 3982 M
983 3920 996 4007 Η
1011 3939 1026 3989 5
1043 3937 1110 3985 sunt
1129 3937 1190 3986 tres
1207 3931 1296 3987 ΑΒΜ

158 4013 212 4071 tria
227 4023 296 4072 sunt
312 4035 330 4082 ς
344 4009 357 4093 Η
372 4021 389 4075 6
403 4010 539 4071 membra
556 4019 725 4083 corruptum
743 4013 854 4069 videtur
875 4006 888 4092 Η
908 4021 926 4074 8
945 4011 976 4069 in
993 4011 1102 4091 quibus
1120 4016 1146 4070 Β
1162 4008 1175 4096 Η
1193 4025 1224 4075 10
1238 4035 1292 4073 nu·

151 4115 267 4156 mentm
283 4119 338 4158 om.
354 4099 389 4156 M
405 4093 419 4179 Η
436 4108 465 4159 11
482 4103 599 4155 tantum
616 4097 643 4150 B
657 4105 758 4154 tamen
773 4097 833 4154 AM
845 4091 858 4176 Η
877 4105 908 4157 1⁶2
924 4097 1046 4156 fuerunt
1062 4099 1095 4155 M
1109 4093 1122 4180 Η
1141 4109 1172 4162 13
1189 4100 1290 4158 conlo-

156 4193 241 4242 catur
257 4187 282 4240 Α
296 4178 310 4265 Η
329 4192 360 4244 rt
374 4182 499 4242 iunctim
514 4183 567 4240 ΑΒ
580 4181 673 4240 iuncti
691 4183 724 4237 M
737 4175 749 4262 Η
767 4193 797 4243 15
814 4189 992 4240 concentum
1010 4208 1025 4252 ς
1039 4179 1052 4262 Η
1072 4192 1102 4245 16
1117 4204 1147 4242 se
1160 4185 1291 4244 forman-

156 4277 200 4328 tes
215 4273 336 4343 scripsi:
351 4268 550 4326 reformantes
566 4267 654 4324 ΑΒΜ
666 4261 679 4346 Η
693 4265 875 4346 ‘20pytaules
891 4271 944 4324 ΑΒ
959 4268 1090 4345 pitaulcs
1110 4271 1180 4328 Met
1199 4275 1292 4330 codem

156 4355 283 4428 Scioppii
297 4371 375 4427 srrsp.
396 4358 458 4412 lect.
485 4354 559 4410 Vre
575 4351 587 4431 Η
603 4360 751 4412 'lintona
775 4353 868 4422 ΑΒΜ,
885 4356 950 4410 add.
970 4374 988 4422 ς
1007 4348 1021 4435 Η
1041 4353 1137 4414 mimis
1152 4359 1179 4412 B
1190 4357 1292 4416 llemi·
1316 4377 1320 4385 ·

155 4440 209 4498 mis
226 4441 260 4497 M
270 4459 304 4498 se
328 4438 425 4498 misnia
441 4442 467 4497 Α
482 4433 495 4520 Η
510 4447 543 4500 15
557 4438 628 4498 dum
646 4457 700 4496 om.
722 4439 783 4502 ΒΜ
840 4489 847 4500 ,
