3064 5064
641 409 683 456 uu
707 409 791 458 VIRIS
817 407 1028 456 ruuvsuntsvs

804 565 866 628 VII

179 675 258 749 63*
350 697 527 746 uvunrrvs
551 698 706 744 mancus
731 679 897 747 Ciceronis
920 679 1099 768 discipulus
1129 687 1236 743 orator
1263 677 1400 744 habetur·

264 783 401 868 insignis
417 789 457 860 (a.
478 793 562 859 tud:
586 785 657 870 qui,
674 805 748 846 curn
767 782 908 847 Galliam
929 793 1086 847 comatam
1104 773 1248 866 regeret,
1270 781 1399 866 Lugdu-

263 905 341 947 num
362 883 518 949 condidit.

796 1009 875 1068 VIII
939 1040 947 1062 a

179 1099 255 1172 64*
350 1119 536 1168 Psssmsvs
561 1113 653 1190 pater
678 1103 874 1171 declamator
894 1105 1034 1190 insignis
1057 1103 1142 1168 diem
1171 1102 1239 1168 obit
1259 1110 1297 1181 (o.
1317 1113 1399 1182 744).

724 1317 731 1334 ,
782 1247 878 1306 vnn

177 1351 252 1424 65*
348 1373 544 1422 suasrluvs
554 1407 563 1440 ,
586 1360 642 1445 qui
659 1358 887 1444 septemdecim
904 1372 999 1426 natus
1017 1379 1120 1424 annos
1139 1357 1286 1424 Caelium
1307 1379 1422 1424 accc-s

264 1470 409 1542 strueret,
439 1461 545 1524 clarus
575 1464 659 1525 inter
689 1473 832 1526 oratores
861 1462 997 1526 habetur
1025 1467 1065 1539 (a.
1095 1469 1177 1540 733);
1222 1469 1254 1524 et
1280 1459 1322 1523 ad
1345 1481 1400 1524 ex-

264 1572 400 1626 tremum
434 1550 616 1627 morborum
652 1565 758 1628 taedio
791 1565 824 1627 iu
854 1563 970 1628 balneo
999 1561 1166 1626 uoluntate
1195 1562 1401 1626 exanimatus

178 1721 184 1734 ,
263 1662 415 1726 heredem
437 1661 569 1750 reliquit
590 1649 784 1749 Augustum.

263 1835 305 1890 54,
328 1833 428 1884 runos
447 1841 511 1886 autc
531 1852 554 1885 a.
574 1836 624 1886 738
641 1837 670 1886 id
688 1853 782 1887 munus
801 1839 951 1904 capessivit
969 1838 1016 1900 (cf.
1030 1839 1122 1887 Herm.
1140 1853 1166 1902 p.
1185 1835 1218 1886 20
1235 1835 1295 1901 eqd,
1315 1834 1400 1886 facile

264 1903 324 1952 lieri
343 1904 444 1967 proterit,
463 1911 493 1952 ut
511 1903 631 1954 Messala
649 1913 712 1970 post
729 1906 892 1956 decennium
910 1907 1016 1956 demum
1034 1905 1070 1966 (a.
1089 1905 1241 1966 ass-738)
1259 1919 1399 1954 autecesso-

264 1985 320 2019 rern
339 1971 487 2036 acciperet.
517 1979 661 2036 praeterea
674 1975 772 2024 Dionis
789 1973 912 2024 narratio
930 1989 1018 2038 neque
1037 1989 1097 2023 cum
1115 1973 1214 2023 Tacito
1231 1987 1320 2036 neque
1338 1987 1400 2020 cum

263 2039 430 2102 Hieronymo
450 2041 598 2104 conspirat,
617 2042 716 2106 quippe
735 2043 781 2106 qui
799 2041 835 2092 M.
848 2043 998 2108 Agrippam
1010 2042 1124 2107 primunr
1137 2041 1306 2106 praefectum
1324 2041 1400 2088 urbis

264 2106 347 2167 dicat,
368 2107 514 2156 Messalam
533 2123 598 2158 vcro
617 2109 698 2173 plane
718 2111 836 2160 omittat.

349 2171 402 2226 33*
420 2175 601 2240 Hieronymus
625 2176 668 2226 01.
695 2177 753 2238 188,
778 2178 802 2226 4.
843 2179 996 2228 Munatium
1018 2183 1048 2227 ut
1072 2177 1213 2226 Ciceronis
1235 2175 1399 2242 (discipulum

265 2242 336 2308 apud
354 2247 463 2292 veteres
481 2245 560 2307 quasi
578 2245 720 2308 peculiare
739 2247 856 2296 oratoris
876 2261 1026 2312 cognomen
1046 2262 1141 2310 gerere
1160 2251 1253 2294 mouet
1265 2245 1400 2294 Herman-

230 2339 238 2348 ·
264 2326 314 2359 nus
336 2310 353 2360 l.
379 2327 402 2359 c.
429 2311 499 2360 conl.
525 2311 594 2360 Plin.
618 2313 650 2360 N.
675 2313 711 2362 H.
735 2313 787 2362 VII
807 2313 852 2376 12,
876 2313 908 2362 m
927 2315 1024 2363 Ascon.
1049 2315 1077 2362 iu
1096 2313 1189 2362 aiilon.
1209 2329 1234 2377 p.
1254 2311 1296 2362 33.
1333 2313 1399 2360 Sue-

263 2380 355 2428 tonius
373 2378 406 2428 de
431 2393 542 2443 gramm.
569 2385 597 2429 ct
620 2380 689 2430 rhet.
709 2379 755 2430 30:
784 2383 979 2446 ‘receptusque
1003 2379 1135 2444 (Albucius
1152 2380 1231 2443 Silus)
1256 2381 1282 2428 in
1301 2379 1401 2429 Planci

263 2447 380 2496 oratoris
399 2447 620 2510 contubernium,
640 2449 685 2498 cui
698 2447 884 2499 declamatura
898 2463 955 2498 ruos
973 2454 1034 2500 crat
1045 2449 1120 2514 prius
1133 2448 1251 2514 aliquem
1270 2449 1316 2514 qui
1335 2452 1400 2496 autc

263 2513 369 2564 diceret
388 2516 522 2576 oscitare,
543 2517 665 2580 suscepit
689 2531 737 2566 cas
755 2523 848 2581 partes
872 2523 953 2582 atque
973 2518 1013 2566 ita
1031 2517 1171 2582 impleuit,
1193 2521 1224 2564 ut
1242 2517 1345 2565 Planco
1363 2515 1400 2564 si-

263 2581 376 2631 lentium
395 2583 547 2648 imponeret
568 2599 621 2632 non
646 2583 758 2633 audenti
782 2585 809 2633 in
828 2586 1061 2650 comparationem
1084 2601 1114 2634 se
1132 2582 1302 2634 demitterc.’
1321 2609 1353 2618 -
1373 2599 1399 2632 a.

262 2651 311 2698 727
332 2665 363 2698 ex
382 2651 489 2699 Munati
508 2653 648 2700 sententia
666 2649 837 2702 Octavianus
855 2654 993 2719 Augrrstus
1017 2654 1171 2703 nominatus
1195 2658 1245 2702 est.
1281 2652 1316 2701 ci.
1336 2651 1400 2702 Vel-

263 2718 334 2767 leius
353 2717 380 2766 11
397 2717 428 2766 ur
449 2719 615 2768 Censorinus
633 2719 673 2767 21.
695 2721 730 2768 cf.
750 2720 924 2772 Hermannus
942 2720 959 2770 1.
979 2737 1003 2770 a.

348 2781 400 2838 dl*
418 2785 600 2848 Hieronymus
624 2785 666 2835 Ol.
694 2786 754 2842 ltu.
779 2786 803 2838 3.
840 2790 947 2838 Seneca
966 2793 1087 2839 controv.
1113 2789 1139 2838 11
1162 2805 1188 2853 p.
1211 2785 1270 2844 163,
1301 2785 1399 2851 issu:

263 2853 423 2902 ‘Passienus
441 2854 483 2901 uir
501 2853 740 2918 eloquentissimus
759 2862 787 2904 et
799 2857 928 2922 temporis
941 2858 983 2906 sui
1003 2859 1104 2922 primus
1122 2853 1234 2906 orator’.
1257 2857 1281 2905 X
1293 2871 1319 2922 p.
1338 2853 1397 2912 stin,

263 2923 338 2985 terp:
360 2921 502 2970 ‘Passieno
517 2958 544 2970 ..
564 2921 746 2971 declamatori
765 2924 860 2973 subtili
879 2925 926 2974 sed
946 2923 1042 2974 arido’.
1067 2941 1092 2990 p.
1112 2923 1175 2986 333,
1197 2923 1306 2988 ldsqq.:
1327 2927 1399 2972 ‘cirus

263 2989 351 3038 Pollio
371 2989 606 3038 commendaretur
630 3005 646 3038 a
665 2989 786 3040 Caesare
812 2993 946 3042 Passieno
969 3007 1019 3042 nco
1049 2997 1175 3074 curarett
1203 2991 1397 3076 interroganti.

264 3071 347 3132 quare
366 3071 420 3134 non
444 3056 665 3130 cpnplccterotur
687 3060 759 3108 tanti
784 3061 836 3109 uiri
860 3062 992 3125 gratiam,
1016 3059 1122 3126 (dicim
1159 3057 1242 3126 plion
1265 3055 1408 3116 ausonoc'

263 3123 367 3188 λυχνον
385 3137 436 3188 aaz
454 3123 552 3173 catu)
831 3133 835 3146 ’

348 3189 400 3244 33*
418 3191 599 3256 Hieronymus
618 3193 661 3243 Ol.
682 3192 742 3257 189,
766 3195 791 3244 4.
822 3195 920 3246 Cicero
938 3211 986 3262 pro
1005 3197 1101 3247 Caelio
1122 3195 1148 3245 l:
1181 3197 1332 3245 ‘Atratinus
1351 3194 1399 3243 hu·

263 3261 437 3309 manissimus
450 3265 532 3324 atque
545 3262 664 3326 optimus
681 3261 867 3312 adolescens'.
892 3263 1070 3314 ir‘disertus
1084 3262 1269 3316 adolescens'.
1289 3263 1400 3325 Quinti-

262 3327 352 3377 lianus
366 3328 404 3377 XI
424 3328 450 3389 l,
470 3325 516 3378 68:
537 3329 695 3380 ‘utitnrhac
708 3331 895 3381 moderatione
914 3331 1011 3383 Cicero
1029 3348 1077 3397 pro
1096 3332 1193 3382 Caelio
1211 3339 1306 3382 contra
1318 3333 1399 3380 Atra·

262 3397 361 3457 tinum,
385 3401 416 3444 nt
438 3411 498 3445 eum
522 3411 575 3456 non
600 3398 710 3448 inimice
730 3399 867 3464 corripere
886 3400 933 3450 scd
952 3415 1040 3464 paene
1063 3401 1152 3464 patrie
1171 3415 1279 3454 monere
1302 3399 1399 3449 uidea-

262 3469 318 3512 tur:
343 3479 405 3512 nam
425 3469 452 3514 et
475 3463 575 3512 nobilis
599 3471 627 3514 et
651 3465 757 3516 iuuenis
781 3473 810 3516 et
831 3483 885 3516 non
908 3468 1009 3517 iniusto
1032 3468 1125 3518 doloro
1154 3475 1270 3518 uenerat
1298 3466 1333 3516 ad
1352 3481 1399 3516 ac·

263 3529 431 3581 cusandum.‘
455 3531 567 3582 Caelius
581 3535 653 3582 enirn
665 3539 772 3599 patrem
785 3535 844 3584 eius
857 3541 1048 3586 accusaverat.
1072 3537 1220 3586 Suetonius
1237 3535 1270 3585 de
1285 3549 1398 3598 gramm.

263 3605 290 3647 et
309 3599 378 3648 rhet.
397 3597 442 3648 26:
473 3599 557 3650 ‘hunc
577 3601 690 3650 eundem
710 3601 829 3663 (Plotium
848 3603 969 3666 Gallam),
995 3619 1058 3653 nam
1076 3604 1230 3653 diutissime
1253 3604 1335 3664 uixit,
1361 3603 1398 3652 M.

263 3667 374 3716 Caelius
392 3668 420 3716 in
439 3667 579 3730 oratione,
599 3683 679 3733 quam
696 3685 745 3734 pro
758 3685 787 3719 se
806 3671 839 3719 de
858 3672 885 3720 ui
900 3671 1012 3734 habuit,
1031 3672 1172 3736 significat
1184 3672 1305 3722 dictasse
1319 3671 1398 3719 Atra·

261 3736 320 3785 tino
339 3735 495 3784 accusatori
508 3751 556 3786 suo
570 3733 726 3786 actionem‘
757 3737 884 3788 Ceterum
904 3755 929 3788 a.
949 3737 998 3790 733
1017 3741 1047 3790 L.
1062 3741 1237 3805 Sempronius
1254 3739 1399 3789 atratinus

262 3803 284 3851 L
305 3803 351 3852 -Β
372 3827 377 3840 ·
395 3804 417 3852 L
438 3828 444 3840 ·
461 3803 484 3852 N
505 3829 511 3840 ·
528 3805 599 3854 PRO
620 3803 711 3854 -008
731 3821 763 3854 ex
781 3806 878 3856 Africa
896 3807 1088 3874 triumphavit,
1109 3822 1187 3872 quem
1202 3807 1316 3856 eundem
1337 3821 1398 3856 csse

261 3869 387 3934 Scaliger
405 3871 548 3921 iudicavit.
585 3873 625 3921 sic
649 3873 676 3921 in
700 3879 796 3938 aperto
815 3879 858 3924 cst
877 3889 924 3924 cur
949 3891 1009 3925 eum
1028 3875 1079 3926 hoc
1099 3889 1169 3926 anno
1189 3876 1291 3926 clanim
1312 3875 1397 3926 luisse

261 3937 445 4002 Hieronymus
463 3939 576 3990 scribat.

350 4103 360 4152 l
378 4093 529 4154 Munatius
549 4097 576 4150 B
594 4093 752 4154 Murracius
776 4097 877 4170 (Scal.)
892 4091 908 4179 ll
924 4097 1089 4176 Cyceronis
1113 4093 1167 4181 ΒΗ
1182 4097 1347 4177 discipulos
1374 4099 1399 4156 B

264 4172 276 4256 Η
294 4185 311 4236 2
332 4187 477 4238 cornutam
494 4181 520 4236 P
540 4181 616 4238 Scul.
639 4189 816 4238 commotam
833 4185 859 4239 B
881 4177 894 4262 ΙΙ
914 4195 931 4244 4
949 4181 1011 4240 obit
1032 4186 1058 4240 B
1079 4181 1153 4243 obiit
1169 4185 1269 4258 (Suel.)
1286 4177 1299 4265 ll
1315 4195 1331 4245 ὑ
1346 4183 1398 4262 qui

263 4263 478 4340 septemdecim
495 4265 562 4322 Saul
564 4307 727 4322 ........
745 4285 792 4324 em
811 4267 917 4326 decom
941 4271 967 4325 Β
993 4269 1097 4338 (media
1117 4271 1162 4342 sol
1195 4273 1283 4326 lacer.
1299 4273 1396 4342 perie-

262 4355 341 4416 rum)
364 4344 377 4428 ΙΙ
400 4347 534 4406 Caelium
557 4350 632 4406 Scrd.
655 4349 792 4408 Coelium
806 4353 834 4408 P
850 4397 955 4410 ......
975 4373 1002 4410 m
1022 4356 1048 4410 B
1061 4349 1074 4434 ΙΙ
1089 4363 1106 4416 6
1123 4365 1152 4412 ct
1175 4353 1214 4412 ad
1231 4355 1256 4411 P
1271 4356 1346 4412 Saul.
1368 4363 1398 4412 et

262 4451 314 4488 arri.
334 4435 362 4490 B
376 4429 389 4514 ΙΙ
404 4445 422 4494 s
437 4432 599 4513 dereliquit
614 4437 691 4492 Scal.
