3188 5066
596 409 638 452 ns
662 407 801 454 nsrvars
824 409 934 452 nsnvu
1281 394 1340 458 211

280 557 377 622 Luna
396 558 493 622 terris
520 557 661 624 uIcinior
685 567 735 622 est
762 579 859 643 quam
879 557 927 622 sol
951 557 1022 621 siue
1045 577 1142 643 quam
1164 565 1273 620 cetera
1295 546 1457 620 ρι’-134*

194 661 303 724 rantis
322 657 440 726 sidera.
473 657 613 724 undeet
637 659 785 724 breuiore
802 659 881 724 orbe
903 658 1041 724 celerius
1063 659 1192 744 peragit
1214 661 1344 722 cursum

197 783 305 826 suum.
342 781 418 824 nam
436 762 503 826 iter
518 759 605 846 quod
627 760 675 824 sol
690 763 845 826 trecentis
869 771 901 824 et
920 761 1093 845 sexaginta
1112 761 1255 846 quinque
1278 759 1345 824 die-

195 861 256 926 bus
281 871 315 926 et
336 883 397 926 sex
418 861 507 926 boris
528 863 672 947 peragit,
695 860 774 926 luna
794 863 914 946 uiginti
933 871 1058 948 septem
1081 862 1198 926 diebus
1220 869 1253 925 et
1272 871 1344 926 octo

173 963 286 1029 choris
315 964 491 1050 percurrit3
534 961 664 1047 singula
694 985 772 1028 uero
804 965 901 1047 signa
928 961 978 1028 sol
1000 965 1134 1028 tricenis
1167 962 1283 1027 diebus
1313 971 1345 1024 et

196 1063 292 1129 denis
315 1063 404 1128 horis
423 1085 463 1128 ac
482 1065 631 1145 semisse,
655 1063 734 1128 luna
756 1073 863 1128 autem
884 1064 969 1128 binis
987 1063 1102 1128 diebus
1126 1073 1158 1128 et
1178 1064 1265 1128 senis
1288 1063 1343 1128 ho·

194 1165 241 1230 ris
264 1165 362 1230 besse
382 1165 478 1230 unius
494 1163 684 1251 perlabitur.
715 1165 804 1230 uude
823 1165 860 1229 tit
880 1175 915 1230 ut
937 1176 1093 1252 quantum
1112 1167 1211 1252 spatii
1234 1167 1269 1230 in
1291 1187 1343 1230 zo-

194 1266 290 1332 diaco
318 1265 396 1330 luna
423 1265 490 1350 (die
519 1267 599 1348 uno)
621 1269 783 1354 percurrit
811 1277 935 1332 tanturn
966 1267 1012 1332 sol
1043 1267 1197 1332 tredecim
1226 1268 1343 1332 diebus

196 1365 339 1454 expleat.

160 1615 185 1654 ro
281 1587 375 1651 Tunc
398 1585 445 1651 sol
468 1601 628 1652 ucurrsru
655 1590 780 1675 patitur
798 1590 884 1676 quod
905 1589 1023 1653 Latine
1051 1603 1228 1652 cursorio
1258 1588 1338 1652 dici·
1354 1582 1458 1654 135*

195 1697 266 1770 tur,
288 1691 416 1775 quoties
439 1687 517 1754 luna
539 1691 704 1754 tricesima
723 1692 765 1756 ad
787 1692 923 1756 candem
953 1690 1072 1755 lineam
1097 1713 1161 1778 qua
1183 1687 1231 1754 sol
1254 1689 1344 1754 uehi-

194 1798 249 1852 tur
269 1793 420 1876 peruenit
443 1793 537 1876 eique
556 1813 591 1855 sc
612 1793 770 1857 obiiciens
796 1815 868 1858 oum
893 1795 1055 1858 obscurat.
1087 1794 1175 1857 unde
1204 1792 1344 1858 deficere

194 1891 293 1956 nobis
315 1892 462 1975 uidetur,
485 1915 559 1956 cum
582 1894 612 1958 ei
635 1893 724 1958 orbis
745 1894 843 1960 lunae
866 1898 1048 1983 opponitur.

284 2077 354 2134 itt*
366 2081 522 2132 Scholiasta
536 2081 695 2132 Germanici
709 2099 734 2150 p.
748 2083 808 2134 lou:
830 2085 938 2135 ‘Luna
956 2083 1078 2134 terris'
1094 2103 1118 2134 c.
1134 2101 1158 2150 q.
1173 2099 1194 2132 s.
1209 2110 1240 2117 -
1254 2081 1341 2132 Isido-

196 2163 242 2197 rus
255 2148 288 2200 de
302 2154 402 2200 natura
415 2165 504 2200 rerum
514 2151 573 2212 xit,
589 2150 616 2200 l:
636 2151 735 2201 ‘Solem
749 2153 891 2218 sapientes
909 2153 1004 2203 (linunt
1020 2153 1102 2202 ultius
1122 2167 1229 2200 currere
1248 2149 1340 2199 lunam

197 2223 289 2266 autem
304 2219 454 2282 proximam
469 2233 529 2267 esse
543 2217 654 2268 terrae)
678 2219 796 2268 XVIIII:
818 2221 869 2268 ‘Dc
883 2221 964 2270 lunae
978 2236 1067 2270 cursu.
1088 2221 1194 2268 Lunam
1210 2235 1259 2284 per
1272 2218 1342 2266 alios

196 2289 451 2346 causamentum,
472 2287 512 2335 ait
526 2285 661 2350 Regium,
676 2303 792 2336 neccsse
806 2293 848 2338 cst
861 2289 965 2338 moueri
978 2305 1031 2338 uou
1046 2294 1119 2338 staro
1134 2287 1214 2352 idquo
1230 2285 1342 2334 facilius

197 2367 279 2417 quam
293 2353 326 2403 do
340 2353 397 2404 sole
412 2353 478 2402 licet
491 2338 665 2418 Intellegere,
678 2356 816 2420 quiscum
830 2371 846 2404 a
859 2355 917 2405 sole
933 2357 1055 2420 accipiat
1067 2355 1158 2404 lumen
1172 2359 1198 2402 ct
1213 2355 1252 2402 itu
1262 2353 1342 2402 uobis

196 2419 290 2470 lucore
310 2421 446 2483 uideatur,
466 2427 582 2472 nonest
601 2422 712 2472 dubium
732 2439 792 2472 eam
811 2425 915 2472 moueri
934 2425 1024 2488 potius
1044 2439 1125 2488 (pram
1143 2427 1227 2470 stare.
1259 2421 1343 2469 'Ier-

197 2489 244 2536 ris
263 2495 375 2538 autem
393 2489 513 2538 uicina
531 2487 611 2538 luna
629 2489 783 2540 breuiori
797 2491 879 2542 orbe
894 2493 1112 2541 corruerimus
1131 2495 1163 2538 ct
1177 2489 1244 2540 itcr
1258 2489 1342 2553 quod

197 2556 247 2604 sol
266 2559 300 2606 In
318 2555 440 2606 diebus
464 2557 633 2607 CCCLXV
655 2560 807 2623 peragit,
833 2559 903 2608 ista
922 2575 979 2624 pcr
998 2559 1147 2624 triginta
1166 2557 1241 2606 dica
1266 2571 1342 2620 per·-

199 2626 321 2685 currit‚
346 2624 417 2674 uude
437 2629 465 2674 et
484 2626 592 2690 {antiqui
611 2641 718 2676 mensos
738 2628 765 2675 iu
784 2627 863 2688 luna,
890 2643 975 2677 annos
1000 2632 1092 2676 arrtcur
1116 2627 1144 2674 iu
1163 2625 1220 2676 sole
1244 2639 1341 2690 posue-

198 2697 268 2740 ruut.
299 2693 393 2758 itaque
412 2692 477 2742 luus
496 2709 545 2758 per
562 2693 684 2743 tricenos
702 2695 762 2743 dIes
781 2695 914 2744 duodenis
932 2695 1041 2744 uicibus
1060 2709 1137 2744 suum
1155 2707 1263 2742 cursum
1282 2709 1342 2756 pcr-

198 2759 294 2809 ticiens
312 2765 483 2810 consummat
502 2775 602 2810 annum
621 2761 771 2810 secundum
789 2763 934 2812 Hebraeos
950 2762 1088 2827 aliquibus
1103 2761 1200 2810 diebus
1216 2760 1341 2820 adiectis,

197 2827 347 2876 secundum
358 2829 494 2878 Romanos
506 2829 612 2878 blscxto
627 2829 712 2878 semel
724 2830 752 2878 in
765 2831 947 2893 quadriennio
958 2832 1038 2879 unius
1051 2830 1107 2879 dIei
1121 2829 1277 2878 adiectione
1297 2845 1335 2876 ce

198 2895 313 2944 lebrato.
335 2897 412 2946 cuius
425 2897 508 2945 etiam
519 2897 675 2960 augmentis
688 2897 927 2964 decrementisque
939 2898 1137 2963 ruira'quadam
1149 2897 1341 2964 prouidentiae

198 2968 258 3011 arte
270 2978 348 3012 omne
362 2963 431 3028 quod
442 2965 566 3028 gignitur
578 2964 660 3013 ulitur
672 2965 760 3028 adque
773 2967 883 3016 crescit.
908 2982 971 3015 num
985 2971 1012 3016 et
1024 2966 1135 3015 tloiectu
1146 2966 1205 3014 eius
1218 2965 1343 3029 conpatin

198 3035 280 3080 untur
291 3030 423 3082 elimenta
438 3036 466 3080 ct
480 3047 611 3096 processu
627 3033 686 3082 cius
697 3048 767 3096 quae
778 3035 881 3083 sueriut
895 3035 1038 3084 exinanita
1050 3032 1232 3094 cumulantur,
1244 3039 1274 3081 ut
1284 3033 1341 3081 ani-

199 3099 330 3148 mantium
341 3099 482 3148 cerebrum
493 3101 700 3162 maritimorum,
712 3101 845 3164 siquidem
857 3101 971 3152 echirms
981 3107 1145 3166 ostreaeque
1157 3101 1183 3150 in
1195 3105 1342 3166 arrgmruto

197 3165 279 3216 lunae
290 3165 428 3231 pleniores
439 3167 553 3232 reperiri
565 3165 709 3217 seruntur)
729 3169 848 3218 Isidorus
859 3170 947 3236 origg.
955 3169 1042 3218 lusu.
1063 3171 1189 3234 Hyginus
1199 3169 1229 3218 P.
1242 3169 1272 3217 Α.
1285 3167 1340 3218 1111

201 3233 243 3282 ll:
264 3235 380 3283 ‘Lunam
390 3235 447 3285 sole
458 3251 508 3300 per
521 3233 590 3284 ulios
604 3241 715 3285 exortus
730 3241 757 3285 et
769 3253 885 3286 occasus
896 3254 1011 3287 necesse
1026 3243 1068 3286 cst
1081 3237 1184 3286 moueri
1199 3253 1254 3286 uou
1267 3241 1342 3284 stare

198 3301 280 3365 idque
298 3302 410 3352 facilius
428 3319 508 3368 quam
527 3303 559 3352 dc
574 3303 631 3353 solo
645 3305 712 3353 licet
731 3304 905 3370 intellegere.
921 3343 947 3356 ..
964 3305 1055 3354 .lrauc
1070 3310 1161 3353 autem
1176 3320 1236 3353 crim
1254 3319 1270 3352 a
1283 3303 1341 3352 sole

198 3366 290 3419 lumen
303 3371 427 3434 accipiat
441 3376 468 3419 et
481 3369 522 3420 ita
535 3371 614 3420 uobis
628 3370 721 3420 lucere
732 3372 869 3434 uideatur,
884 3389 937 3422 uon
950 3378 992 3422 cst
1001 3373 1153 3422 uerisimile
1164 3371 1196 3420 du
1208 3377 1264 3420 tam
1275 3369 1341 3419 mul-

197 3439 235 3486 tis
253 3437 351 3486 causis
362 3438 453 3502 potius
469 3453 529 3486 eam
547 3443 621 3488 sture
639 3455 719 3504 quam
736 3439 859 3490 moueri.'
896 3439 1210 3499 unrurosiusu.11115‚
1230 3439 1277 3486 ⁸24:
1300 3437 1341 3486 ‘In

199 3521 284 3554 annos
303 3519 409 3571 quoquc
434 3506 554 3556 ordinati
576 3511 639 3556 sunt
662 3507 702 3558 sol
728 3513 755 3556 ct
779 3509 857 3557 luna:
881 3507 947 3557 luua
971 3524 1021 3574 per
1039 3512 1178 3556 trecentos
1197 3507 1257 3554 dics
1276 3506 1340 3554 duo·

198 3572 276 3621 denis
294 3573 403 3622 uicibus
421 3589 498 3623 sirum
511 3589 618 3624 cursum
632 3575 782 3624 conficiens
797 3581 967 3625 consummat
985 3591 1086 3624 annum
1104 3573 1252 3624 secuudum
1265 3573 1341 3622 lieb-

198 3655 278 3690 raeos
306 3639 445 3706 aliquibus
473 3641 570 3692 dicbus
600 3641 732 3702 adiectis,
763 3644 912 3692 secundum
941 3643 1078 3692 Itoruanos
1106 3641 1227 3692 bissexto
1256 3640 1342 3689 scrnol

199 3710 272 3757 iutra
290 3709 504 3774 quinquennium
522 3711 603 3760 unius
623 3711 679 3760 diei
698 3711 856 3762 adiectione
876 3707 1038 3760 celebrato'
1076 3725 1108 3758 cx
1127 3708 1214 3758 Basili
1232 3709 1294 3757 lrcx.
1314 3724 1340 3773 p.

198 3774 273 3824 aas.
310 3793 335 3841 p.
356 3777 396 3826 30.
433 3793 497 3844 pag.
516 3777 549 3826 58
568 3795 591 3826 e.
629 3779 686 3827 IIII
710 3777 735 3839 7,
754 3777 800 3828 29:
826 3779 868 3829 ‘In
888 3795 940 3842 quo
958 3777 1062 3844 grando
1083 3777 1249 3840 mysterium.
1278 3791 1342 3825 nam

200 3849 227 3892 et
245 3843 369 3894 delectui
394 3845 453 3895 eius
478 3847 682 3911 cornpntiuntur
705 3847 843 3896 elementa
867 3851 894 3895 et
919 3861 1049 3912 processu
1069 3845 1128 3894 cius
1148 3859 1217 3908 quae
1238 3844 1342 3892 fuerint

200 3912 343 3962 exinanita
362 3913 544 3974 cumulantur,
564 3919 594 3962 ut
614 3915 794 3964 saturantium
808 3915 951 3964 cerebrum
964 3919 991 3963 et
1005 3913 1202 3962 maritimorum
1220 3911 1341 3973 humida,

198 3979 333 4044 siquidem
352 3979 488 4046 pleniores
507 3985 615 4030 ostreas
635 3983 751 4046 reperiri
770 3983 895 4032 seruntur
918 3981 1058 4046 multaque
1078 3979 1145 4042 aliu,
1165 3995 1224 4028 cum
1244 3978 1342 4046 globus

198 4047 303 4098 lunaris
322 4047 476 4098 adolescit.’
514 4065 547 4099 cx
565 4049 653 4099 Basili
672 4049 734 4099 hex.
754 4067 779 4114 p.
799 4048 832 4100 60
851 4065 874 4100 c.
894 4065 919 4116 p.
939 4048 971 4099 ul
992 4065 1017 4098 a.
1037 4049 1063 4097 b.

286 4111 356 4170 135*
374 4115 533 4167 Scholiasta
556 4115 715 4167 Germanici
740 4133 765 4182 p.
793 4116 854 4166 108:
884 4118 986 4166 ‘Tunc
1004 4121 1103 4166 -autcm
1127 4113 1291 4180 eclipsin'
1317 4131 1340 4164 c.

199 4199 225 4249 q.
244 4201 267 4234 s.
297 4185 398 4252 repetit
415 4185 536 4235 Isidorus
555 4186 641 4250 origg.
662 4185 761 4234 11157.
799 4185 843 4234 Ci.
862 4185 984 4236 Isidorus
1002 4185 1036 4234 de
1055 4189 1154 4232 nature
1173 4199 1262 4232 rerum
1281 4183 1340 4232 XX.

198 4254 332 4319 exscripsi
350 4255 386 4304 sd
403 4255 514 4318 Frugm.
535 4251 611 4304 136*st

284 4435 302 4488 6
316 4427 398 4486 serris
413 4431 535 4500 scripsr':
557 4426 648 4484 semis
668 4426 760 4482 Batia
775 4419 788 4504 ll
803 4433 822 4486 8
838 4423 886 4483 dio
904 4445 963 4484 uno
979 4427 1078 4482 addidi

1078 4523 1112 4582 li
1129 4518 1146 4556 *
