3162 5058
200 458 203 470 ·
282 437 344 500 372
451 451 459 462 “
615 449 840 502 ονΑεετιοκεε
859 449 1085 492 svarourauss

277 628 341 667 rum
358 607 455 666 altera
470 605 672 664 Romanorum
688 603 753 662 ludi
773 601 1020 662 iniusti-abeatur.
1053 619 1181 680 quocum
1197 619 1256 657 nen
1278 599 1417 676 congruit

276 711 355 769 ratio
373 709 461 767 huius
478 705 755 777 commentationis,
777 725 837 784 qua
854 704 994 764 Graecae
1018 701 1105 761 simul
1126 711 1156 760 et
1169 701 1298 758 Latinae
1315 701 1416 778 poesis

276 829 393 888 genera
409 817 440 867 et
458 808 589 885 origines
610 815 845 885 pertractentur.
877 805 908 864 in
924 806 1020 864 omnis
1038 811 1139 861 autern
1153 802 1255 880 poesis
1271 801 1416 876 originem

276 911 408 972 vidimus
418 909 595 970 Suetonium
609 911 717 986 fragm.
731 917 748 968 2
760 909 923 988 inquirere,
935 906 1016 965 unde
1031 905 1130 964 facilis
1146 913 1210 962 erat
1222 903 1366 960 transitus
1379 900 1418 959 ad

278 1012 463 1090 singulorum
476 1031 622 1088 generum
635 1011 730 1070 initia.
746 1008 897 1090 inquibus
911 1007 1043 1069 debebat
1056 1005 1194 1066 Graecae
1208 1003 1347 1082 poeticae
1358 1003 1418 1062 his·

279 1113 385 1174 teriam
399 1113 507 1172 saltem
521 1111 711 1184 adumbrare,
725 1131 815 1190 quam
828 1121 880 1170 aut
891 1113 1020 1170 referret
1033 1117 1086 1167 aut
1100 1106 1235 1166 adonius
1249 1104 1418 1183 exemplum

279 1217 409 1275 formata
435 1224 517 1273 esset
538 1216 604 1274 fere
629 1221 694 1273 tota
714 1212 817 1290 poesis
838 1213 956 1271 Latina.
997 1229 1076 1290 quae
1099 1229 1167 1267 cum
1190 1208 1234 1266 ita
1254 1208 1329 1281 sint,
1359 1227 1419 1265 non

279 1320 340 1376 iam
352 1315 586 1394 confugiendum
599 1315 718 1374 videtur
728 1333 795 1373 curn
808 1313 911 1373 Keilio
920 1314 1015 1393 prael.
1026 1333 1055 1392 p.
1069 1311 1134 1382 LV,
1146 1329 1205 1390 quo
1218 1308 1322 1368 sedem
1338 1309 1419 1385 frag·

281 1417 374 1478 menti
386 1416 607 1490 nanciscamur,
622 1415 661 1476 ad
673 1423 827 1495 pratorum
838 1414 948 1487 libros,
966 1415 1074 1496 quibus
1091 1413 1213 1494 quidem
1225 1417 1257 1467 ut
1269 1409 1307 1468 de
1324 1409 1420 1467 omni-

280 1520 337 1579 bus
355 1517 421 1578 aliis
433 1516 524 1576 rebus
537 1520 580 1576 ita
595 1517 633 1576 de
649 1515 771 1596 poetica
783 1525 904 1595 poterat
921 1519 1041 1596 exponi.
1063 1535 1163 1596 neque
1175 1533 1248 1574 vero
1265 1510 1420 1570 desidera·

281 1632 331 1680 tur
345 1619 490 1679 iudicium
505 1637 565 1698 quo
579 1620 691 1676 certius
704 1617 853 1698 adpareat
865 1639 937 1678 vere
953 1619 1130 1696 indagatum
1145 1635 1213 1676 esse
1226 1624 1256 1673 et
1269 1623 1422 1672 auctorem

283 1730 314 1780 ct
324 1719 443 1790 librum,
456 1718 537 1779 unde
550 1739 605 1777 sua
617 1719 783 1779 Diomedes
794 1720 939 1780 hauserit.
961 1739 1031 1779 uarrr
1042 1721 1073 1778 in
1086 1717 1302 1777 additamentis
1313 1716 1420 1774 Hiero-

282 1820 364 1903 nymi
381 1819 420 1878 ad
438 1819 602 1878 chronicon
617 1819 824 1879 Eusebianmn
840 1821 916 1880 haec
932 1823 1087 1899 leguntur:
1119 1823 1243 1894 Pylades
1259 1819 1333 1876 Cilix
1347 1835 1422 1890 paa-

282 1927 425 1991 tomimas‚
448 1939 513 1979 eum
533 1929 646 1980 ueteres
661 1925 718 1995 ipsi
733 1933 887 1982 cantarent
901 1929 994 1999 adque
1009 1929 1165 1992 saltarent,
1187 1923 1299 1994 primas
1315 1921 1423 1976 Romae

282 2029 401 2085 chorum
417 2033 444 2082 et
458 2026 584 2096 fistulam
600 2009 654 2080 sibi
664 2029 839 2097 praeclarare
850 2027 923 2100 [ecit
939 2028 1058 2104 (fragm.
1071 2023 1130 2102 4²³).
1163 2023 1247 2103 atqui
1260 2021 1423 2082 Suetonius

284 2128 323 2188 de
343 2125 450 2186 eadem
466 2123 576 2183 artium
590 2125 798 2184 scaenicarum
813 2131 1005 2207 separatione
1022 2127 1103 2206 apud
1118 2125 1299 2185 Diomedem
1318 2145 1348 2204 p.
1363 2133 1423 2193 491,

286 2229 339 2308 qui
356 2247 424 2286 eum
439 2227 623 2299 nominavit,
641 2226 784 2305 disputat.
802 2229 1009 2310 Hieronymus
1020 2232 1125 2308 igitur,
1139 2249 1207 2289 cum
1223 2235 1342 2286 constet
1357 2243 1425 2284 eum

284 2329 395 2390 librum
416 2329 454 2388 de
470 2327 544 2386 viris
559 2327 737 2388 inlustribus
759 2330 1007 2392 adhibuissemus
1024 2331 1116 2390 facile
1132 2331 1200 2410 quis
1217 2329 1347 2387 coniciet
1363 2326 1423 2385 his·

285 2433 399 2492 triones
418 2431 448 2488 in
469 2448 625 2487 numerum
645 2428 813 2491 inlustrium
827 2435 960 2494 virerum
982 2435 1093 2494 relatos
1111 2451 1196 2503 esse,
1215 2428 1343 2510 Pyladis
1364 2447 1425 2486 me·

286 2536 411 2593 moriam
426 2551 462 2590 ex
473 2530 665 2609 praefatione
679 2529 748 2590 libri
760 2532 798 2592 de
811 2537 910 2612 poetis
925 2538 1077 2615 recepisse
1090 2531 1270 2594 iudicandus
1284 2538 1338 2590 est.
1362 2529 1426 2589 scio

287 2633 427 2715 equidem
440 2633 658 2692 Momrnsenum
679 2633 696 2690 l.
715 2655 741 2693 c.
754 2655 784 2714 p.
800 2644 852 2699 693
877 2637 948 2696 huie
964 2637 1169 2696 additamento
1188 2633 1293 2694 sedem
1304 2631 1427 2692 dedisse

286 2739 318 2796 in
340 2734 466 2794 historia
487 2733 542 2792 illa
557 2735 761 2793 Romanarum
781 2755 882 2796 rerum
904 2759 995 2817 supra
1011 2746 1253 2796 commemorata.
1288 2733 1427 2792 sedeam

287 2838 378 2896 finem
394 2837 459 2894 eius
475 2843 568 2912 ponat
582 2855 716 2913 pugnam
730 2837 903 2913 Actiacam,
920 2839 996 2898 haec
1015 2838 1052 2896 de
1065 2837 1184 2917 Pylade
1200 2837 1332 2896 narratio
1349 2853 1428 2914 quae

289 2939 327 2999 ol.
341 2947 400 3010 189,
418 2947 435 3000 3
452 2935 606 3014 adscripta
618 2937 658 2994 sit
673 2955 740 2996 emn
753 2941 910 3000 terminum
924 2941 1030 3000 decem
1043 2943 1107 2999 fere
1119 2941 1206 3000 annis
1219 2935 1349 2998 excedit.
1370 2955 1427 2996 nec

288 3048 421 3098 moratur
437 3057 492 3096 nos
514 3036 597 3116 quod
618 3038 698 3116 apud
714 3039 894 3100 Diomedem
913 3042 1040 3122 Pyladis
1056 3043 1168 3102 mentio
1192 3043 1277 3100 facta
1298 3059 1358 3098 non
1379 3038 1428 3098 sit.

288 3162 358 3201 nam
378 3140 436 3198 hoc
452 3138 649 3218 praefationis
666 3139 893 3219 supplemento,
917 3143 999 3223 quod
1015 3161 1086 3202 casu
1103 3150 1256 3202 servatum
1273 3149 1335 3214 est,
1358 3159 1428 3198 con·

289 3243 424 3301 firmatur
443 3249 574 3312 tantum,
598 3239 678 3318 quod
698 3243 808 3322 siquis
829 3245 992 3304 attenderit
1009 3245 1075 3324 ipsa
1092 3243 1249 3303 Diomedis
1266 3241 1428 3320 disputatio

289 3343 403 3424 prodit:
420 3361 530 3421 nempe
543 3351 687 3420 excerpta
699 3355 767 3404 sunt
781 3365 799 3404 a
815 3347 982 3406 miserrimo
994 3345 1190 3423 grammatico
1204 3345 1269 3404 sine
1284 3343 1348 3401 ulla
1364 3352 1429 3402 arte

290 3447 459 3526 conposita.
496 3443 551 3504 sed
574 3455 607 3503 ut
628 3446 688 3504 iam
709 3445 772 3506 diri
794 3449 825 3506 iu
847 3446 992 3526 dispersis
1012 3449 1073 3508 illis
1090 3456 1120 3508 et
1136 3445 1271 3506 disiectis
1288 3443 1429 3504 membris

291 3549 408 3626 egregii
429 3546 645 3626 disputationis
662 3552 797 3626 corporis
813 3551 900 3629 quasi
916 3549 1021 3608 umbra
1036 3556 1137 3627 potest
1153 3545 1278 3626 dislirei5
1300 3565 1377 3626 quas
1393 3546 1429 3604 li·

289 3669 365 3710 neas
388 3651 462 3708 satis
483 3648 644 3707 distinctas
666 3649 692 3707 si
708 3666 883 3730 sequemur,
907 3662 1013 3730 suapte
1029 3659 1135 3730 sponte
1153 3670 1190 3710 ex
1206 3651 1273 3708 istis
1288 3645 1427 3707 sordibus
1494 3718 1498 3727 Ι

292 3771 340 3810 ars
351 3751 473 3829 poetica
490 3749 678 3808 Suetoniana
701 3761 846 3828 emerget.

377 3853 437 3911 Pro
454 3852 553 3930 capito
570 3851 661 3929 igitur
678 3852 891 3932 disputationis
906 3855 1054 3932 poematis
1069 3853 1178 3912 divisio
1194 3855 1225 3911 in
1239 3853 1298 3912 tria
1313 3871 1429 3929 genera

291 3950 436 4010 habenda
449 3960 504 4024 est,
520 3971 599 4030 quae
614 3953 800 4012 discribendi
810 3955 887 4012 ratio
897 3973 963 4012 eum
977 3957 1103 4034 primum
1117 3975 1135 4012 a
1148 3953 1277 4014 Platone
1290 3955 1430 4012 instituta

292 4063 399 4112 esaeta
408 4056 613 4130 grammaticis
624 4051 752 4114 Graecis
761 4064 792 4114 et
802 4055 920 4115 Latinis
932 4055 1182 4135 amplificabatur.
1200 4063 1292 4134 atque
1304 4053 1428 4114 scholiis

293 4153 415 4232 quidem
430 4153 633 4216 bucolicorum
642 4158 799 4217 Theocriti
815 4157 969 4234 etVergili
979 4159 1177 4237 praeponitur
1189 4157 1295 4216 similis
1308 4156 1345 4215 de
1356 4175 1428 4235 poe·

292 4255 381 4313 matis
389 4256 551 4332 generibus
564 4258 884 4318 commentatiuncula:
897 4279 955 4317 uec
965 4259 1216 4318 oblitteratasunt
1226 4259 1297 4317 talis
1305 4258 1429 4334 originis

292 4355 424 4432 vestigia
435 4357 465 4414 in
481 4358 667 4419 Suetoniana
677 4360 895 4440 disputatione,
914 4359 964 4418 ubi
980 4360 1139 4419 dramatici
1150 4360 1272 4438 generis
1289 4358 1431 4436 exempla

294 4473 333 4514 ex
345 4457 459 4534 eclogia
468 4457 584 4536 Vergili
596 4470 783 4540 repetuntur.
802 4459 857 4521 sed
869 4481 947 4540 quae
960 4462 991 4519 in
1004 4461 1126 4520 scholiis
1134 4460 1226 4522 Probi
1238 4469 1432 4540 exponuntur
