3064 5064
541 441 583 484 oa
602 411 691 486 suuo
710 443 913 486 sousueavu
1236 425 1294 488 153

150 587 241 654 bunt.
275 587 417 653 Romani
438 597 546 654 autem
570 612 591 654 a
611 589 720 658 medio
738 591 843 656 noetis
865 590 943 658 oriri
966 589 1053 656 diem
1074 561 1189 658 deluat
1210 595 1293 659 etin

149 695 258 762 medio
279 687 385 762 noctis
407 693 505 760 finiri.
897 697 902 720 ¹

150 943 178 988 st
196 939 245 1004 qui
260 943 308 989 'est
329 943 392 1002 post
410 936 552 988 Kalendas
570 937 630 988 dies
649 943 713 988 ante
737 937 832 988 boram
851 937 911 988 eius
933 937 990 987 diei
1008 942 1121 988 sestam.
1164 938 1293 1003 populum

150 1013 243 1056 autem
262 1007 415 1056 Romanum
434 1007 474 1056 ita
492 1007 533 1056 uti
552 1007 638 1058 Varro
657 1007 727 1056 dixit
749 1007 810 1056 dies
828 1005 951 1072 singulos
970 1006 1149 1056 adnumerare
1169 1021 1185 1054 a
1203 1006 1293 1056 media

149 1079 231 1124 nocte
252 1073 424 1124 admediana
444 1076 609 1140 proximem,
634 1075 727 1125 multis
746 1075 915 1139 argumentis
933 1075 1094 1124 ostenditur.
1131 1089 1213 1123 sacra
1230 1079 1294 1124 sunt

150 1143 275 1192 Romana
300 1144 400 1206 partim
425 1143 523 1192 diurna
542 1142 599 1192 alia
617 1147 765 1204 nocturna;
789 1143 837 1193 sed
861 1158 895 1192 ea
919 1159 988 1207 quae
1007 1143 1081 1192 inter
1098 1147 1207 1192 noctem
1225 1142 1294 1192 liunt

149 1211 249 1259 diebus
274 1211 440 1260 addicuntur
461 1225 514 1260 non
538 1212 678 1272 noctibus;
705 1227 775 1276 quae
799 1212 885 1277 igitur
906 1227 955 1260 sex
977 1211 1177 1276 posterioribus
1204 1211 1293 1260 noetis

149 1277 223 1328 boris
243 1277 325 1335 fiunt,
350 1294 382 1328 eo
406 1279 451 1328 die
469 1277 529 1328 fieri
547 1278 689 1338 dicuntur,
709 1280 755 1344 qui
774 1281 911 1344 proximus
929 1293 990 1328 eam
1008 1285 1117 1328 noctem
1136 1277 1291 1328 inlucescit.

150 1346 250 1396 adhoc
270 1348 338 1397 ritus
357 1361 464 1411 quoque
484 1353 512 1396 et
531 1361 588 1396 mos
607 1348 770 1412 auspicandi
790 1348 904 1397 caudens
924 1363 984 1398 esse
1007 1347 1229 1396 obseruationem
1246 1346 1293 1396 do-

150 1419 211 1464 cet:
231 1429 296 1464 uam
315 1415 503 1481 magistratus,
523 1415 631 1478 quando
648 1431 702 1465 uno
721 1415 765 1464 die
785 1417 825 1466 eis
844 1415 1040 1481 auspicandum
1059 1419 1102 1464 ast
1121 1420 1148 1463 et
1166 1414 1193 1464 id
1212 1429 1294 1479 super

8 1465 10 1488 ⁸
55 1476 60 1486 '
150 1497 202 1548 quo
221 1483 441 1547 arrspieaucruut
459 1481 610 1548 agendum,
636 1489 696 1548 post
714 1483 832 1532 mediam
851 1489 958 1533 noctem
977 1484 1157 1547 auspicantur
1181 1489 1208 1531 et
1231 1486 1294 1547 post

149 1549 292 1600 meridiem
312 1551 369 1600 sole
388 1565 488 1614 magno
507 1555 593 1615 agunt
612 1551 804 1616 aruspicatique
830 1567 891 1602 esse
915 1557 943 1600 et
968 1553 1058 1616 egisse
1078 1551 1173 1601 codem
1191 1551 1236 1600 die
1255 1551 1294 1599 di·
1384 1561 1388 1568 ’

150 1623 258 1668 cuntur.
296 1625 443 1683 praeterea
462 1619 565 1668 tribuni
583 1619 686 1683 plebei,
707 1635 773 1684 quos
786 1619 890 1669 nullum
908 1619 980 1668 diem
1000 1619 1098 1669 abesse
1112 1619 1198 1668 llorna
1216 1617 1291 1680 lieet,

150 1701 210 1734 curn
229 1690 293 1751 post
310 1687 428 1735 mediam
448 1691 555 1736 noctem
574 1687 785 1751 proficiscuntur
804 1693 831 1737 et
849 1693 910 1752 post
923 1689 1037 1752 primurn
1051 1688 1141 1737 facem
1161 1693 1225 1735 ante
1238 1703 1292 1736 me·

149 1753 223 1803 diam
242 1759 404 1818 sequentem
425 1759 607 1818 reuertuntur,
627 1771 680 1804 non
693 1755 821 1805 uidentur
839 1756 944 1806 afuisse
962 1769 1044 1804 unrun
1063 1755 1145 1816 diem,
1165 1755 1293 1818 quoniam

149 1827 214 1872 ante
238 1821 335 1870 horam
359 1823 449 1872 noetis
473 1827 578 1872 sextam
603 1824 722 1888 regressi
746 1829 825 1888 parte
849 1823 943 1888 aliqua
968 1823 1042 1872 illius
1065 1823 1094 1872 in
1116 1822 1184 1872 urbe
1207 1822 1294 1871 Roma

148 1893 221 1938 sunt.
259 1890 292 1950 Q.
312 1905 419 1953 quoque
438 1891 557 1940 Mucium
577 1891 791 1941 iureconsultum
814 1891 908 1941 dicere
931 1891 1041 1941 solitum
1065 1891 1136 1956 legi,
1160 1905 1213 1938 uon
1232 1905 1293 1938 esse

148 1961 310 2022 ustupatam
329 1956 484 2018 mulierem,
511 1973 581 2022 quae
605 1973 666 2008 cum
684 1959 819 2008 Kalendis
837 1959 974 2008 Ianuariis
997 1959 1069 2024 apud
1093 1959 1181 2007 uirum
1200 1957 1293 2006 matri·

148 2025 233 2074 monti
254 2041 341 2076 causa
360 2041 420 2074 esse
440 2025 578 2089 coepisset
602 2031 666 2075 ante
690 2027 762 2075 diem
780 2027 837 2076 llll
855 2027 996 2076 Kalendas
1014 2027 1160 2076 Ianuarias
1178 2039 1293 2089 sequen·

146 2099 189 2142 tes
208 2099 369 2158 usurpatum
388 2095 471 2142 isset:
490 2109 544 2142 non
563 2095 635 2142 enim
653 2109 733 2158 posse
752 2095 859 2160 impleri
878 2096 1049 2154 trinoctium,
1070 2094 1141 2157 quod
1160 2093 1258 2142 abesse
1277 2107 1294 2140 a

147 2161 207 2210 uiro
225 2161 378 2226 usurpandi
392 2175 478 2210 eausa
491 2177 524 2210 ex
537 2161 679 2211 duodecim
694 2162 797 2212 tabulis
809 2163 932 2222 deberet,
946 2163 1075 2226 quoniam
1091 2161 1190 2210 tertiae
1204 2159 1294 2210 noctis

147 2229 312 2294 posterioris
335 2245 383 2278 sex
407 2229 490 2278 horae
514 2229 628 2278 alterius
651 2231 716 2280 anni
736 2235 839 2292 essent,
862 2231 908 2294 qui
933 2231 1068 2294 inciperet
1093 2245 1125 2280 ex
1149 2227 1292 2277 Kalendis.

146 2297 237 2346 istaec
258 2299 351 2345 autem
369 2297 462 2346 omnia
480 2297 513 2346 de
532 2296 637 2347 dierum
657 2297 824 2362 temporibus
848 2303 875 2347 et
899 2297 998 2346 tinibus
1020 2297 1053 2346 ad
1072 2296 1293 2346 obseruationem

147 2363 382 2430 disciplinamque
407 2365 475 2416 iuris
498 2366 605 2430 antiqui
629 2366 798 2430 pertinentia
823 2381 883 2415 curn
902 2366 930 2414 in
948 2365 1027 2414 libris
1045 2369 1168 2413 ueterum
1187 2363 1293 2412 iuueni·

147 2447 247 2490 remus,
269 2447 323 2481 non
342 2431 535 2482 dubitabamus
554 2434 619 2496 quin
634 2432 771 2499 Vergilias
791 2449 896 2498 quoque
916 2431 943 2481 id
956 2433 1044 2497 ipsum
1057 2431 1219 2492 ostenderit,
1239 2444 1293 2479 nou

147 2499 274 2566 exposite
299 2505 382 2563 atque
407 2505 519 2565 aperte,
543 2501 591 2550 sed
613 2507 644 2550 ut
667 2499 801 2550 hominem
825 2501 920 2550 decuit
947 2501 1071 2565 posticas
1095 2513 1140 2548 res
1164 2499 1292 2562 agentein

146 2568 294 2616 recondita
313 2573 341 2616 et
365 2569 444 2631 quasi
463 2571 560 2632 operta
584 2571 686 2618 ueteris
706 2569 774 2618 ritus
792 2569 1009 2632 significatione:
1033 2568 1169 2631 Torquet,
1194 2566 1293 2630 inquit,

146 2635 252 2686 medios
271 2651 325 2684 nox
343 2635 436 2686 umida
455 2645 549 2686 cursus
566 2635 570 2702 Ι
586 2637 622 2686 Et
645 2652 686 2685 me
710 2651 811 2686 saeuus
835 2637 912 2701 equis
937 2638 1028 2686 oriens
1047 2635 1156 2684 at'llauit
1175 2631 1292 2682 anhelis.

144 2703 189 2752 his
209 2703 284 2752 enim
303 2703 429 2753 uersibus
448 2704 558 2768 oblique
578 2705 661 2754 sicuti
679 2705 736 2754 dixi
755 2705 901 2754 admonere
919 2704 1021 2764 uoluit,
1046 2703 1117 2752 diem
1142 2717 1221 2766 quem
1240 2701 1292 2750 llo-

146 2771 222 2820 mani
247 2770 360 2820 ciuilem
380 2771 592 2836 appellauerunt
616 2789 632 2820 a
656 2777 733 2822 serta
752 2773 841 2821 noctis
859 2772 926 2822 bora
949 2770 1033 2820 oriri.’
1070 2769 1216 2834 exscripsit
1234 2769 1294 2817 Ma·

146 2839 259 2888 trebias
283 2845 336 2887 sat.
361 2839 373 2887 l
396 2837 424 2898 3,
448 2839 464 2886 ‘2
488 2853 546 2903 sqq.
571 2839 682 2890 Servius
705 2841 772 2888 Aen.
797 2841 820 2887 V
844 2839 907 2889 738:
943 2839 998 2889 ‘hic
1022 2845 1112 2888 auteur
1137 2837 1196 2886 dics
1220 2835 1294 2900 (etai-

145 2905 194 2968 lis)
213 2905 364 2956 secundum
383 2907 534 2971 Aegyptios
554 2907 665 2956 inchoat
684 2908 718 2956 ab
738 2921 838 2957 occasu
857 2907 937 2968 solis,
961 2907 1109 2956 secundum
1134 2906 1234 2954 Persas
1258 2904 1293 2953 ab

146 2981 209 3024 ortu
228 2973 304 3031 solis.
324 2974 473 3024 secundum
492 2975 606 3024 Vmbros
631 2980 657 3024 et
676 2975 859 3024 Athenienses
884 2991 900 3023 a
919 2981 997 3024 sexta
1016 2973 1082 3024 hera
1101 2973 1170 3034 diei,
1195 2987 1293 3022 secun·

145 3041 210 3091 dum
230 3041 367 3092 Romanos
386 3057 403 3090 a
422 3042 513 3092 media
531 3049 627 3092 noete:
653 3049 681 3092 et
698 3042 747 3092 bos
765 3058 837 3092 nunc
856 3048 966 3093 secutus
986 3043 1037 3092 ait:
1057 3041 1163 3091 Medios
1183 3056 1206 3089 a.
1227 3057 1251 3104 q.
1270 3055 1291 3088 s.

145 3110 218 3160 haee
244 3113 337 3160 sutem
355 3109 437 3174 plene
456 3111 601 3174 exequitur
619 3114 647 3159 et
665 3110 763 3160 Cicero
785 3111 814 3159 in
833 3110 1013 3174 araquralibus
1037 3114 1064 3158 et
1083 3106 1293 3158 Attlusllellius

146 3179 174 3228 in
195 3177 275 3227 libris
293 3179 415 3226 noctium
435 3177 599 3227 Atticarum.
634 3178 686 3228 hoc
704 3177 788 3227 etiarn
808 3177 857 3226 illa
875 3194 919 3227 res
933 3179 999 3227 iuris
1012 3177 1129 3236 indicat,
1149 3176 1293 3240 quodcum

144 3246 287 3295 tribunum
306 3244 396 3310 plebis
416 3245 566 3295 abnoctare
586 3245 620 3295 ab
634 3246 700 3295 urbe
714 3261 768 3294 non
781 3245 888 3305 liceret,
909 3246 1014 3296 licebat
1032 3251 1125 3294 tamen
1145 3245 1218 3292 exire
1233 3247 1293 3306 post

145 3319 257 3362 noctem
276 3313 394 3362 mediam
414 3318 442 3362 et
460 3319 524 3372 ante
542 3313 662 3363 mediam
681 3311 803 3364 reuerti.’
857 3313 969 3363 Servius
988 3313 1054 3361 Aen.
1075 3312 1111 3360 VI
1125 3311 1187 3359 255:
1208 3311 1291 3359 ‘locu-

146 3385 191 3430 tus
216 3387 259 3430 est
282 3380 432 3430 aecrrudum
457 3381 606 3430 Romanum
631 3383 722 3440 ritum,
746 3397 799 3444 quo
822 3381 881 3429 dies
904 3381 1024 3430 arerlitur
1048 3395 1064 3428 a
1087 3378 1177 3428 modio
1203 3378 1293 3427 uectis

145 3447 296 3514 incipere.'
335 3447 500 3498 Censorinus
522 3447 569 3507 23,
594 3447 609 3496 3
633 3465 705 3514 sqq:
742 3449 919 3498 ‘Huiusmodi
943 3446 1044 3510 (mollis)
1069 3447 1128 3496 dies
1152 3446 1187 3494 ab
1207 3450 1292 3494 astro-

147 3515 218 3582 logis
241 3521 272 3566 st
295 3516 457 3566 ciuitatibus
481 3522 608 3580 quattuor
632 3517 719 3566 modis
742 3516 879 3565 (letinitur.
915 3515 1061 3578 Babylonii
1088 3513 1196 3578 quidem
1216 3529 1232 3561 a
1251 3528 1292 3562 so-

145 3583 180 3634 lis
210 3589 307 3634 exortu
334 3583 369 3632 ad
396 3589 517 3634 exortum
543 3585 665 3634 eiusdem
689 3583 756 3633 astri
784 3584 856 3634 diem
879 3587 1048 3643 statuerunt,
1077 3588 1106 3630 at
1129 3582 1157 3630 iu
1181 3581 1294 3630 Vmbria

145 3651 273 3718 plerique
293 3667 309 3700 a
327 3651 441 3702 meridie
461 3652 496 3701 sd
514 3651 664 3713 meridiem,
684 3651 868 3701 Athenienses
888 3657 978 3700 atatem
999 3651 1033 3700 ab
1053 3663 1155 3698 occasu
1172 3649 1239 3698 solis
1258 3648 1293 3696 ad

145 3735 285 3770 occasum.
324 3723 446 3769 ceterum
464 3719 580 3769 Romani
599 3735 615 3769 a
633 3719 725 3770 media
738 3723 818 3768 nocte
839 3719 873 3767 ad
886 3719 1003 3768 mediam
1017 3723 1125 3766 noetenr
1144 3717 1216 3765 diem
1232 3731 1293 3764 esse

146 3787 350 3838 existimarunt
388 3787 491 3836 indicio
515 3791 578 3836 sunt
602 3802 683 3837 sacra
706 3786 820 3852 publica
844 3791 871 3835 et
899 3787 1025 3852 auspicia
1045 3786 1128 3834 etiam
1147 3785 1293 3848 magistra-

146 3861 230 3913 tuum,
252 3869 365 3920 quorum
384 3855 408 3904 si
427 3855 492 3920 quid
511 3861 576 3904 arrte
594 3855 712 3904 medium
730 3855 820 3904 noctis
839 3857 881 3904 ost
894 3860 994 3916 sctum,
1015 3853 1070 3903 diei
1089 3851 1136 3916 qui
1149 3851 1295 3916 praeteriit

147 3923 329 3982 adscribitur,
356 3923 379 3972 si
405 3921 470 3986 quid
489 3928 579 3972 autern
604 3929 664 3987 post
687 3923 804 3972 mediam
823 3927 931 3972 uectem
951 3927 979 3970 et
997 3927 1062 3970 ante
1081 3919 1170 3968 lucem
1190 3920 1293 3968 factum

146 3995 202 4052 est,
231 4007 265 4040 eo
289 3991 334 4040 die
358 3995 465 4053 gestam
489 3991 589 4039 dieitur
613 3991 659 4055 qui
685 4005 744 4040 earn
769 3989 892 4054 sequitur
910 3995 1025 4038 uectem.
1063 3987 1134 4036 idem
1153 3987 1294 4052 significat

146 4057 218 4122 quod
237 4059 286 4124 qui
305 4073 322 4106 a
340 4057 431 4107 media
451 4063 530 4108 nocte
550 4058 585 4107 sd
603 4059 752 4123 proximam
771 4057 888 4106 mediam
902 4063 1011 4106 noctem
1024 4057 1053 4104 in
1071 4054 1114 4104 his
1126 4054 1201 4105 boris
1216 4061 1293 4118 quat·

145 4131 208 4176 tuor
231 4133 260 4174 et
284 4125 385 4190 uiginti
409 4130 560 4175 nascuntur
585 4127 699 4176 eundem
724 4127 796 4175 diem
819 4123 924 4174 habeut
947 4121 1088 4174 natalem.’
1134 4122 1241 4172 Plinius
1261 4123 1292 4174 N.

145 4193 181 4244 ll.
199 4195 228 4244 11
250 4191 310 4242 188:
337 4193 442 4258 ‘Ipsam
467 4193 540 4243 diem
562 4193 612 4244 alii
636 4194 718 4242 aliter
736 4195 928 4244 obseruauere.
966 4191 1113 4256 Babylonii
1138 4191 1209 4240 inter
1227 4190 1293 4240 duos

144 4381 218 4437 lias:
231 4377 354 4438 tradunt
367 4379 479 4436 ABGM
491 4372 504 4458 Η
522 4387 533 4440 Ι
548 4398 567 4436 a
577 4373 694 4460 medio]
705 4375 840 4436 median
855 4373 868 4454 Η
885 4377 1006 4436 orririG
1021 4372 1035 4460 ΙΙ
1051 4377 1101 4438 dic
1119 4373 1158 4436 B¹
1175 4371 1189 4460 ΙΙ
1203 4387 1220 4439 2
1233 4399 1293 4438 me·

147 4461 197 4523 dio
221 4461 513 4522 causasarnedium
530 4465 643 4522 ABGM
660 4457 674 4546 ΙΙ
696 4462 786 4521 leniri
802 4458 839 4520 B¹
858 4461 945 4521 finire
965 4463 999 4520 M
