3190 5098
275 377 338 442 468
607 393 829 445 ovsrsuuosns
854 393 1079 436 svrrournuss

276 539 431 625 iuniperis,
447 536 576 625 γεγονώς
584 535 633 606 ἐπ’
641 535 803 606 Ἀντωνίου
814 541 864 604 nni
872 541 1038 623 Κικέρωνος
1048 539 1103 614 ἕως
1114 531 1291 628 Αὖγούσςου
1303 563 1329 603 e.
1343 563 1372 622 q.
1389 563 1413 602 a
1431 587 1436 599 .

276 669 356 729 quae
384 649 496 728 optime
520 649 573 708 Fr.
599 649 736 708 Ritterus
767 669 797 728 p.
822 659 840 712 3
864 681 905 692 --
931 649 1043 707 frustra
1066 647 1146 707 enim
1171 645 1344 726 obloqui-tur
1369 645 1412 703 Μ.

276 749 461 812 Schmidtius
478 750 515 811 de
530 749 734 812 Chalcentero
749 771 778 830 p.
795 761 847 813 400
861 750 961 810 -sic
977 749 1193 828 interpretatus
1211 756 1271 807 cst:
1300 753 1415 806 Annnr'o

275 853 408 912 Meteone
428 857 601 928 pronificatur
620 862 672 919 esu
693 861 723 912 ut
742 855 882 911 Ciceronis
902 855 1014 911 consilia
1035 857 1205 910 strationem
1227 852 1416 926 capessendae

275 957 456 1029 reipublicae
472 973 525 1014 sec
539 959 616 1014 libers
631 960 755 1031 opitnret.

361 1055 425 1116 Sex
441 1058 533 1134 igitur
553 1056 624 1116 libri
644 1075 719 1137 quos
739 1054 891 1137 Didymus
911 1055 1070 1134 scripsisse
1088 1052 1280 1134 perhibetur,
1296 1053 1322 1112 si
1337 1052 1415 1112 haec

276 1161 420 1218 memoris
436 1177 502 1218 cnm
521 1157 636 1218 Suidne
652 1157 739 1218 titulo
754 1166 952 1236 conparatur,
969 1164 1075 1238 sporta
1092 1156 1229 1216 indicent
1243 1155 1415 1234 grammati·

276 1279 344 1318 cnm
369 1259 454 1320 illum
473 1255 679 1322 doctissimum
700 1261 732 1320 in
754 1278 810 1319 sex
827 1257 984 1320 Ciceronis
1008 1257 1092 1318 dere
1108 1257 1231 1338 publica
1254 1257 1345 1318 libros
1369 1257 1415 1315 in·

277 1371 398 1422 vectum
414 1381 492 1422 esse.
523 1383 602 1445 quae
625 1370 727 1424 nutem
742 1362 837 1422 inerit
851 1360 1030 1442 Didymiani
1052 1359 1121 1420 libri
1136 1369 1245 1420 nature
1266 1368 1298 1420 et
1312 1357 1414 1418 condi·

277 1463 324 1524 cio
335 1483 392 1525 nos
406 1464 548 1542 ignorare
565 1463 725 1524 fatendum
743 1473 803 1538 est,
820 1465 878 1524 nisi
891 1462 973 1543 qnod
988 1463 1164 1524 Ammianus
1177 1483 1244 1522 cnm
1259 1459 1299 1521 ad
1311 1460 1415 1521 docta-

276 1585 342 1626 rum
363 1567 480 1626 aurium
501 1565 646 1626 indicium
670 1574 817 1645 provocet
839 1563 955 1625 indicet
975 1565 1184 1646 eloquentiam
1208 1563 1365 1625 Ciceronis
1382 1564 1414 1622 in

277 1666 339 1726 illis
359 1665 444 1730 libris
471 1669 520 1728 hic
541 1669 605 1728 illic
631 1669 847 1748 perstrinxisse
871 1665 1021 1728 Graecum
1045 1669 1284 1746 grammaticum.
1332 1665 1414 1747 quod

277 1768 303 1828 si
318 1769 511 1850 probaveris,
526 1791 593 1830 cum
602 1769 757 1832 O.Iahnio
773 1767 853 1848 apud
872 1769 1065 1830 Ammianum
1079 1779 1148 1850 post
1161 1773 1329 1845 imperfecte,
1348 1787 1415 1828 cum

268 1889 332 1930 non
353 1891 501 1948 niumpuom
520 1874 680 1948 inperfecte
698 1873 876 1946 reprehendit
896 1872 1049 1932 Ammiani
1070 1870 1273 1950 indignationi
1287 1891 1347 1932 non
1366 1891 1415 1932 se·

276 1973 315 2034 tis
337 1971 640 2048 incintsaddendum
662 1974 719 2032 erit
732 1969 897 2052 locutum*).
933 1975 991 2033 iam
1008 1993 1081 2033 vero
1101 1974 1192 2034 etium
1212 1975 1415 2053 antiquarium

277 2075 406 2155 Didymi
420 2075 531 2136 librum
547 2077 642 2136 fuisse
657 2093 697 2136 ex
718 2073 820 2136 indole
839 2073 1033 2138 ciceroniani
1054 2075 1153 2155 operis
1170 2075 1251 2136 haud
1273 2075 1414 2156 inprobe·

278 2176 380 2238 biliter
395 2177 594 2240 concluditur.
622 2177 705 2258 quod
721 2187 822 2238 cutem
839 2179 1018 2239 Ammianus
1030 2177 1196 2260 Didymum
1212 2178 1416 2256 sillographos

278 2279 426 2339 imitatum
442 2299 508 2341 esse
525 2281 645 2354 scribit,
661 2289 745 2340 recte
761 2261 1009 2341 Wachsmnthius
1023 2279 1061 2340 de
1072 2281 1202 2340 Timone
1217 2299 1246 2359 p.
1263 2289 1298 2343 33
1312 2281 1355 2340 sic
1370 2281 1415 2339 in-

277 2391 460 2460 terpretatus
483 2393 528 2442 est
551 2393 585 2442 ut
608 2383 809 2463 sillographos
822 2383 877 2442 ille
898 2383 1077 2464 simpliciter
1091 2403 1146 2463 pro
1165 2383 1305 2461 exemplo
1322 2382 1415 2441 mele·

278 2483 413 2544 dicorum
428 2485 608 2564 scriptorum
625 2486 768 2565 posuerit.
805 2495 967 2565 praeterea
984 2505 1020 2546 eo
1039 2484 1119 2565 qnod
1133 2483 1285 2567 Didymus
1303 2503 1414 2544 sermo-

278 2605 348 2646 nem
366 2585 525 2648 Ciceronis
553 2587 706 2648 interdum
730 2589 943 2666 exagitaverat
963 2607 1025 2646 non
1051 2587 1183 2646 eflicitur
1211 2606 1280 2647 enm
1304 2569 1415 2646 Latina

278 2689 443 2769 scripsisse.
466 2687 539 2768 quid
554 2689 659 2748 enim?
674 2709 776 2748 nonne
792 2687 873 2750 idem
887 2684 955 2768 cepi
978 2687 1031 2766 τῆς
1051 2677 1132 2768 nupsi
1142 2676 1294 2764 Ῥωμαίοις
1308 2680 1415 2748 cincio-

278 2787 345 2866 γίας
360 2790 469 2850 librum
485 2789 605 2852 Graece
621 2789 765 2871 scripsit?

362 2895 406 2951 De
421 2895 504 2952 rebus
520 2897 608 2952 uariis
621 2893 836 2972 Tranquillum
851 2893 1009 2973 scripsisse
1024 2891 1144 2953 Charisi
1164 2893 1337 2953 testimonio
1356 2893 1413 2953 sci·

278 3011 360 3066 mns,
378 2994 429 3073 qui
444 2992 572 3054 Suetoui
592 2996 776 3056 sententium
792 2994 830 3056 de
853 3015 978 3054 numero
997 2996 1256 3076 praepositionum
1282 2993 1415 3055 Graece·

278 3115 343 3156 rum
360 3105 391 3154 et
404 3094 583 3156 Latinarum
603 3097 648 3156 sic
668 3097 798 3176 profert:
829 3098 913 3156 Gaius
929 3099 1017 3157 Iulius
1033 3099 1176 3156 Romanus
1188 3100 1222 3156 de
1233 3103 1416 3172 praepositio·

278 3199 359 3256 nibus
377 3199 445 3256 libro
464 3186 610 3276 ἀφορμῶν
629 3203 667 3258 ito
688 3201 786 3275 refert.
818 3201 962 3258 Suetonius
981 3202 1157 3275 Tranquillus
1177 3202 1212 3258 de
1232 3201 1314 3258 rebus
1329 3203 1417 3258 scoriis
1528 3207 1533 3218 ’

273 3303 494 3375 praepositiones
507 3306 594 3376 inquit
606 3319 699 3360 omnes
722 3305 830 3362 omnino
842 3311 907 3360 sunt
927 3304 1053 3360 Graecae
1067 3304 1263 3376 duodeuipinn',
1292 3306 1339 3376 qui
1364 3301 1415 3360 nu'·

278 3419 372 3460 merus
386 3405 457 3462 inter
472 3419 566 3462 onnes
580 3407 689 3462 crttnos
706 3409 899 3480 prnmmaticos
912 3405 1042 3479 profecto
1063 3407 1201 3476 conuenit,
1225 3411 1336 3462 nostros
1349 3419 1417 3462 uero

278 3507 417 3563 moedus:
456 3507 491 3562 ob
518 3507 557 3562 nd
579 3515 693 3580 praeter
722 3525 778 3582 pro
799 3523 874 3581 prae
896 3523 988 3580 prope
1014 3510 1043 3563 r'n
1073 3523 1111 3564 eoo
1136 3507 1186 3564 sest
1212 3521 1300 3580 super
1324 3507 1417 3563 subter

281 3603 400 3684 (fragm.
415 3605 496 3684 205).
515 3608 547 3668 in
565 3607 675 3688 quibus
689 3627 770 3668 nunc
786 3607 933 3686 intellego
955 3616 1028 3668 ente
1042 3617 1152 3666 nostros
1169 3607 1221 3668 vel
1239 3615 1309 3688 post
1323 3609 1417 3665 subter

271 3705 472 3770 intercidisse
486 3729 587 3788 pauca
606 3727 664 3770 nec
680 3719 764 3772 recte
783 3731 831 3771 me
845 3709 865 3770 l.
884 3729 910 3770 c.
923 3694 1018 3770 verba
1028 3715 1077 3787 qui
1092 3727 1226 3769 numerus
1236 3713 1307 3769 inter
1324 3725 1418 3768 oenones

281 3851 482 3862 n*—

346 3925 374 3996 *)
388 3929 430 3979 Cf.
445 3929 552 3980 Cellius
564 3929 641 3981 XVII
654 3931 682 3994 l,
698 3929 725 3980 le
749 3937 776 3980 nt
788 3933 888 3998 qnidam
897 3931 1004 3993 suerunt
1019 3935 1133 3981 monstra
1149 3929 1283 3988 uminum,
1301 3931 1369 3996 qnod
1384 3931 1417 3980 de
1564 3977 1565 3980 ,

280 4015 320 4064 dis
330 4014 504 4066 emmennone
514 4017 605 4080 inpios
613 4017 747 4082 [densque
758 4017 890 4082 opiniones
898 4017 1082 4082 prodiderunt,
1093 4017 1132 4066 ite
1143 4017 1255 4067 nonnulli
1264 4021 1315 4066 tnnc
1325 4016 1417 4080 prodi·
1488 4081 1490 4084 Ι

278 4100 345 4161 pinet
355 4105 454 4166 tamque
466 4103 590 4154 semrom
601 4103 756 4166 emitnunt,
773 4104 799 4152 in
817 4103 904 4170 pnibsrs
919 4109 976 4154 sunt
991 4103 1076 4154 dalius
1094 4101 1199 4152 Asterion
1210 4107 1235 4152 et
1247 4101 1360 4168 Lcrpiue
1371 4099 1417 4150 Li·

279 4184 361 4244 ciniis,
378 4185 447 4234 cuius
458 4184 522 4242 liber
533 4191 607 4237 etinnr
615 4188 702 4251 fertur
713 4188 819 4252 infundo
830 4191 901 4238 titulo
916 4189 1110 4246 Cicernrnnstin,
1129 4193 1155 4236 ni
1171 4187 1285 4238 scribere
1297 4189 1353 4238 nai
1366 4186 1420 4236 sint

281 4265 319 4316 M.
335 4265 478 4318 Ciceronem
490 4286 598 4334 porrum
614 4275 740 4337 intepre
754 4279 848 4338 utque
865 4275 1040 4338 inproprie
1059 4279 1155 4339 atquc
1173 4273 1418 4323 inconsiderate

279 4351 420 4401 locntn'm.
445 4354 555 4420 scripsit
568 4361 658 4407 erstem
671 4355 802 4408 Claudius
815 4355 921 4407 Cnesnr
937 4357 996 4423 ipso
1014 4357 1145 4407 Suetonio
1164 4361 1235 4407 tosto
1249 4371 1273 4406 c.
1285 4355 1316 4405 41
1350 4357 1419 4405 Cice·

280 4439 351 4484 ronis
362 4437 531 4499 deservientem
543 4441 666 4492 omnnem
678 4443 754 4492 Asini
765 4443 833 4492 Galli
842 4441 920 4492 libros
931 4445 994 4493 sntrb
1005 4411 1136 4492 cordurum.
