3078 5072
574 417 576 428 .
646 393 687 434 oa
711 393 828 436 rearis
1155 411 1161 418 -
1267 375 1307 438 57

162 559 237 603 rum
259 539 400 603 maxime
423 537 541 604 dilexit
560 541 712 604 Cebetem
732 548 763 604 et
779 539 1021 620 Alexandrum,
1045 565 1139 630 quem
1164 543 1308 610 secunda

162 639 389 706 bucolicorum
408 640 521 727 ecloga
543 641 675 707 Alexim
691 640 848 728 appellat,
868 642 1022 708 donatum
1042 644 1104 709 sibi
1127 643 1169 708 ab
1192 645 1307 710 Asinio

164 741 333 824 Pollione,
355 751 527 829 utrumque
550 766 615 809 nen
635 743 851 826 ineruditum,
884 743 1040 809 Cebetem
1069 766 1147 810 uero
1176 754 1208 809 et
1233 766 1307 831 poe·

164 853 245 908 tam.
280 843 450 930 uulgatum
475 854 525 908 est
543 867 718 910 consuesse
734 867 807 910 eum
829 854 861 910 et
879 867 951 910 cum
967 847 1074 910 Plotia
1093 846 1219 912 Hieria.
1249 846 1308 911 sed

141 947 333 1011 aAscouius
366 944 531 1010 Pedianus
558 946 723 1028 adfirmat,
761 948 866 1034 ipsam
900 957 1013 1034 postea
1040 951 1195 1014 maiorem
1229 958 1306 1012 natu

164 1069 302 1114 narrare
325 1045 470 1129 solitam,
492 1048 666 1112 inuitatum
686 1047 817 1136 quidem
836 1049 970 1114 aVario
988 1048 1030 1113 ad
1050 1052 1307 1115 communionem

165 1151 216 1214 sui
246 1171 362 1214 uerum
390 1150 651 1235 pertinacissime
679 1171 859 1216 recusasse.
913 1160 1022 1216 cetera
1052 1174 1130 1216 sane
1159 1153 1246 1234 uitae
1277 1161 1308 1215 ct

164 1273 223 1316 ore
247 1261 280 1314 ct
306 1253 415 1316 animo
441 1261 508 1315 tam
532 1252 669 1338 probum
700 1261 843 1334 constat,
883 1261 919 1316 ut
947 1251 1085 1340 Neapoli
1112 1252 1307 1318 Parthenias

165 1355 268 1437 uulgo
298 1351 480 1440 appellatus
510 1355 565 1430 sit,
598 1375 635 1424 ac
666 1353 694 1416 si
723 1353 853 1440 quando
882 1353 1018 1435 Romae,
1051 1375 1115 1441 quo
1142 1356 1307 1420 rarissime

130 1474 155 1514 ro
164 1454 387 1536 commeabat,
414 1455 575 1520 uiseretur
595 1456 629 1519 in
643 1453 790 1542 publico,
814 1457 966 1520 sectantis
992 1456 1308 1542 demonstrantisqus

164 1579 201 1620 se
230 1555 411 1640 suffugerat
438 1558 472 1620 in
498 1558 682 1644 proximum
714 1565 846 1621 tectum.
888 1556 973 1622 bona
1001 1566 1110 1622 autem
1138 1557 1305 1622 cuiusdam

165 1655 335 1724 exulantis
373 1657 527 1724 offerente
563 1659 713 1744 Augusto
750 1681 815 1724 nen
846 1659 1004 1732 sustinuit
1031 1659 1189 1745 accipere.
1235 1681 1307 1744 pos-

165 1759 254 1824 sedit
282 1781 382 1847 prope
416 1761 539 1824 centies
567 1761 753 1824 sestertium
781 1782 821 1824 ex
850 1758 1100 1824 liberalitatibus
1130 1763 1307 1826 amicorum

165 1859 349 1948 habuitque
371 1859 501 1926 domurn
524 1862 646 1928 Romae
668 1860 827 1947 Esquiliis
850 1862 943 1926 iuxta
965 1862 1074 1928 hortos
1097 1862 1308 1944 Maecenatis,

133 1982 365 2058 rrqpamquam
395 1985 525 2028 secessu
553 1963 752 2051 Campaniae
781 1961 977 2049 Siciliaeque
1003 1962 1177 2050 plurimum
1205 1971 1308 2031 utere·

165 2075 230 2130 tur.
273 2073 426 2152 parentes
443 2065 509 2128 iam
529 2067 664 2150 grandis
686 2066 811 2145 amisit,
836 2087 878 2128 ex
899 2065 1017 2154 quibus
1032 2075 1158 2153 patrem
1179 2075 1308 2153 captum

254 2204 324 2268 2sq.
342 2203 453 2254 Servius
472 2204 523 2254 ecl.
542 2203 570 2254 11
589 2203 616 2252 l:
635 2203 746 2262 Alexin]
766 2203 855 2268 ‘quern
869 2204 963 2254 dicunt
976 2203 1173 2264 Aleraudrum‚
1187 2203 1240 2252 suit
1253 2219 1308 2252 ser-

166 2287 219 2321 uus
234 2272 324 2322 Asinii
336 2271 483 2328 Pollionis:
503 2287 582 2337 quern
599 2271 731 2338 Virgilius
747 2277 858 2336 rogatus
872 2272 906 2320 ad
919 2271 1063 2337 prandium
1077 2288 1137 2321 uum
1150 2272 1267 2320 uidisset
1281 2272 1308 2320 in

168 2339 326 2389 ministerio
348 2341 467 2389 omnium
490 2339 699 2404 pulcherrimum
723 2339 821 2388 dilexit
845 2355 958 2404 annique
982 2338 1053 2388 dono
1072 2339 1200 2404 aceepit:
1236 2340 1307 2387 Mar-

168 2407 246 2456 tialis
259 2407 326 2456 vlu
338 2406 380 2456 56.
395 2407 473 2472 Apul.
489 2407 602 2472 apolli
621 2406 660 2468 13,
683 2406 704 2456 l.
720 2407 831 2456 Servius
845 2407 895 2456 ecl.
911 2406 937 2455 11
951 2405 995 2454 15:
1009 2407 1075 2456 ‘tres
1087 2407 1190 2456 dicitnr
1201 2418 1307 2455 amasse

169 2475 318 2538 Virgilius:
342 2474 526 2524 Alexandrum
543 2491 622 2539 quern
641 2475 755 2524 donauit
775 2475 800 2524 ei
818 2473 907 2524 Pollio
927 2480 955 2523 et
971 2474 1104 2529 Cebetem
1116 2489 1228 2539 puerum
1248 2489 1308 2522 curn

169 2543 255 2592 Leria
278 2541 385 2608 puella,
409 2557 476 2607 quos
500 2559 517 2591 a
541 2543 708 2594 Maecenate
732 2543 833 2591 dicit-ur
857 2544 1017 2606 accepisse:
1054 2543 1090 2591 cs.
1115 2539 1206 2591 Schol.
1225 2541 1307 2591 Bern.

169 2609 223 2661 ecl.
243 2611 271 2660 11
292 2609 314 2658 l.

257 2677 288 2730 15
316 2677 423 2728 Gellius
451 2679 488 2726 VI
515 2677 562 2742 20,
595 2677 621 2728 l:
658 2677 809 2744 ‘Scriptum
833 2679 861 2726 in
885 2677 1001 2741 quodam
1026 2677 1221 2728 commentario
1249 2692 1309 2743 rep·

168 2747 243 2810 peri,
263 2761 360 2796 versus
384 2747 452 2796 istos
476 2761 493 2794 a
515 2745 640 2811 Vergilio
663 2747 703 2796 ita
726 2745 841 2810 primunr
866 2761 925 2794 esse
949 2746 1081 2794 recitatus
1106 2751 1186 2812 atque
1207 2744 1308 2795 editos:

168 2813 268 2862 Talem
284 2813 362 2862 dives
379 2817 442 2862 arat
456 2815 552 2878 Capua
570 2820 598 2864 et
616 2815 710 2863 tricina
728 2813 836 2863 Veseuo
854 2812 925 2862 Nola
943 2815 1019 2878 iugo;
1043 2819 1140 2878 postea
1159 2813 1309 2878 Vergilium

167 2882 274 2945 petisse
293 2897 310 2930 a
328 2881 451 2943 Nolanis,
472 2896 570 2946 aquarn
588 2883 629 2930 nti
647 2881 761 2932 duceret
780 2882 807 2930 in
826 2882 1004 2946 propinquum
1022 2897 1080 2938 rire.
1100 2881 1222 2930 Nolanos
1239 2881 1309 2946 peti-

168 2957 225 2998 tum
245 2947 409 3000 beneficium
428 2965 481 3000 non
501 2950 611 3010 iecisse,
631 2955 741 3014 poetam
760 2947 892 2999 offensum
910 2965 1009 2998 nomen
1026 2950 1102 3015 rubis
1121 2964 1212 2999 eorum
1232 2950 1310 3013 quasi

168 3033 201 3066 ex
236 3017 376 3066 hominurn
404 3017 535 3066 memoria
569 3018 609 3066 sic
640 3033 673 3066 en
703 3017 824 3067 carmine
856 3032 903 3066 suo
932 3017 1069 3066 derasisse
1103 3032 1231 3081 oramque
1262 3032 1310 3082 pro

166 3083 240 3134 Nola
258 3089 379 3134 mutasse
399 3091 481 3149 atque
500 3086 540 3134 ita
558 3085 717 3150 reliquisse:
738 3088 766 3133 et
783 3085 878 3134 uicina
895 3085 1003 3134 Veseuo
1022 3101 1070 3134 ora
1088 3083 1170 3148 iugo!

168 3217 315 3299 maxime]
336 3221 418 3280 sama
445 3230 493 3280 est
515 3241 582 3280 eum
604 3219 739 3280 libidinis
766 3223 914 3301 pronioris
936 3223 966 3280 in
987 3241 1096 3301 pueros
1120 3222 1222 3281 fuisse.
1253 3221 1308 3280 sed

168 3306 240 3365 boni
254 3307 298 3364 ita
313 3325 381 3365 eum
394 3327 503 3386 pueros
522 3327 641 3366 amasse
656 3315 838 3385 putauerunt
854 3316 887 3365 nt
905 3305 1046 3366 Socrates
1065 3305 1255 3365 Alcibiadem
1279 3315 1310 3364 et

168 3391 259 3453 Plato
282 3411 352 3450 suos
372 3411 492 3472 pueros.
522 3411 628 3450 uerurn
650 3393 728 3450 inter
750 3413 853 3451 ornnes
876 3395 1005 3452 maxime
1030 3387 1104 3472 clla
1127 3391 1237 3467 egloga
1253 3393 1278 3448 R
1294 3385 1307 3468 ll

169 3477 284 3536 Alexin
300 3495 318 3544 ς
336 3473 349 3557 ΙΙ
370 3477 486 3536 dicitR
507 3471 520 3557 ll
542 3486 559 3538 3
576 3476 759 3535 ineruditum
784 3475 896 3535 dimisit
913 3499 930 3546 ς
941 3475 987 3554 lla
1008 3496 1171 3534 consuesse
1190 3479 1215 3533 Il
1240 3496 1309 3533 con·

168 3563 267 3620 snisse
291 3562 525 3620 Beonsueuisse
545 3583 562 3631 ς
581 3556 594 3642 ll
615 3581 764 3619 eumcum
784 3583 801 3631 ς
820 3557 832 3642 ΙΙ
848 3562 955 3619 Hieria
978 3581 1010 3628 ς.·
1027 3560 1133 3620 Gloria
1151 3563 1178 3618 B
1204 3561 1310 3618 Aleria

167 3650 274 3706 Daniel
288 3647 392 3723 egeria
409 3649 435 3704 R
450 3640 464 3725 ΙΙ
480 3658 495 3706 5
511 3647 642 3704 affinnat
659 3667 677 3715 ς
690 3642 703 3726 ll
718 3645 815 3724 ipsum
830 3655 938 3724 postea
954 3643 1117 3704 minoribus
1135 3643 1310 3720 (maioribus

169 3731 335 3804 Fabricius)
358 3739 432 3790 natu
451 3753 468 3800 ς
486 3726 492 3810 Ι
522 3739 539 3793 6
560 3731 681 3789 solitum
703 3725 746 3809 cll
761 3731 883 3810 quidem
899 3751 931 3790 se
952 3726 994 3811 gl}
1011 3731 1091 3790 Varo
1108 3734 1134 3790 R
1150 3725 1163 3812 ll
1179 3749 1308 3788 commu·

169 3819 289 3876 aionem
306 3816 441 3874 mulieris
458 3837 475 3884 ς
502 3811 508 3895 Ι
526 3823 542 3878 7
558 3825 711 3886 caetera5
730 3813 742 3894 ll
763 3819 860 3884 uitag
878 3817 959 3874 uitae
981 3827 1148 3888 corruptum
1170 3820 1280 3875 videtur
1306 3813 1308 3840 r

167 3899 328 3980 &probum
340 3903 388 3970 Βς
406 3899 513 3978 probni
534 3897 623 3980 31¹⁹
645 3902 850 3982 appellaretur
873 3900 965 3978 uulgo
983 3895 1025 3980 ςΙΙ
1044 3911 1076 3960 10
1091 3900 1235 3960 sectantis
1259 3899 1309 3957 de-

168 3987 424 4064 monstrantisque
447 3989 495 4055 Βς
520 3995 674 4046 sectantes
695 3988 999 4066 dernenstrautesque
1021 3989 1047 4043 R
1063 3984 1074 4060 ,Ἰ
1095 3997 1121 4046 ll
1146 3986 1311 4061 snfl'ugeret

168 4076 289 4146 scripsi:
313 4071 466 4148 suffugere
482 4074 537 4130 BR
553 4070 764 4149 subterfugere
786 4071 906 4130 solitum
927 4067 971 4151 cll
986 4081 1089 4130 auteur
1108 4074 1155 4139 Re
1168 4090 1239 4129 uero
1255 4073 1280 4127 B
1298 4065 1310 4146 ll

173 4167 204 4219 13
220 4156 406 4216 sentenciam
417 4157 444 4213 R
459 4150 472 4236 ll
490 4166 520 4218 14
532 4157 647 4215 Romae
662 4177 715 4214 om.
734 4161 759 4214 B
775 4151 787 4238 ll
803 4158 833 4215 in
851 4156 1017 4236 Aesquiliis
1031 4175 1050 4225 ς
1060 4153 1074 4232 ll
1093 4165 1122 4217 15
1139 4175 1311 4234 quanquam

169 4244 217 4310 ae
230 4235 243 4322 ΙΙ
257 4247 403 4300 uteretur.
423 4261 632 4320 quaecumque
646 4239 683 4298 ab
694 4243 829 4319 Auguste
842 4249 969 4318 peteret,
986 4239 1137 4320 repulsam
1149 4259 1311 4319 numquam

99 4371 104 4379 .
169 4325 281 4386 babuit
318 4325 494 4404 parentibus
515 4327 675 4405 quotannis
697 4347 800 4384 arrnnn
817 4325 854 4384 ad
871 4324 1075 4384 abundantem
1093 4325 1197 4385 alitum
1213 4325 1310 4384 mitte-

170 4409 236 4482 bat,
253 4410 406 4492 quostiam
425 4409 549 4488 grandis
570 4404 611 4492 ςΗ
629 4407 760 4490 patrem]
774 4409 879 4469 Palem
897 4413 923 4469 B
939 4417 943 4426 '
