3078 5072
248 371 288 436 52
574 369 584 376 ’
620 391 662 435 nn
685 393 772 436 mors
797 393 1009 435 moveremus
1030 395 1034 400 ’

246 542 447 626 corrigendis
483 540 678 628 quibusdam
706 540 857 604 uersibus
885 541 953 603 suis
989 543 1138 606 exmauit
1173 522 1387 632 epulatuedne

246 642 380 727 largiter
397 641 530 706 brachia
549 641 590 706 ad
608 642 766 706 secandas
786 663 888 706 uenas
908 641 1059 726 praebuit
1074 641 1210 709 medico.
1236 657 1387 732 poemata

246 747 315 810 eius
345 746 442 809 etiam
471 743 615 831 praelegi
638 743 785 825 memini,
821 742 936 808 confici
964 765 1042 813 uero
1063 767 1102 808 ao
1127 750 1263 832 proponi
1286 769 1384 812 uena·

245 845 290 910 lia
310 869 374 913 non
396 855 522 910 tantum
544 867 677 933 operose
700 853 732 908 ot
754 844 931 930 diligenter
952 845 1010 909 sed
1037 855 1068 909 et
1089 848 1198 934 inepte
1221 870 1362 936 quoque.
1452 861 1456 878 '
1505 857 1508 865 '

657 1155 973 1216 SVPPLEMENTA

750 1327 879 1387 XXVa.
948 1367 953 1384 .

551 1450 556 1459 '
622 1443 747 1493 VITA
782 1443 1006 1494 VERGILI

472 1541 516 1582 DE
534 1539 753 1582 susurramus
774 1537 888 1580 Vates!
903 1539 999 1582 Paua!
1015 1539 1154 1582 SVBLATA

327 1644 364 1708 P.
396 1643 562 1728 Vergilius
592 1641 682 1708 Maro
709 1651 805 1706 natus
832 1642 942 1708 idibus
971 1642 1169 1708 Octobribus
1199 1643 1318 1709 Crasso
1348 1653 1404 1708 ets

244 1745 402 1832 Pompeio·
420 1744 608 1810 consulibus
636 1755 738 1808 matre
761 1743 872 1830 Magia
892 1743 984 1808 Polla
1010 1755 1102 1829 patre
1131 1743 1306 1828 [Vergilio]
1330 1765 1382 1808 ru-

244 1848 325 1912 stico
352 1849 414 1933 (in)
440 1847 511 1911 uico
534 1845 701 1926 Andibus,
725 1848 781 1932 qni
803 1844 898 1910 abest
918 1869 937 1910 a
956 1845 1092 1910 Mantua
1114 1844 1206 1932 milia
1226 1867 1381 1933 passuum

242 1947 357 2012 XXX.
388 1949 478 2012 tonui
507 1947 662 2012 facultate
689 1948 840 2012 nutritus.
884 1947 941 2012 sed
971 1969 1043 2012 curn
1072 1949 1136 2012 iam
1159 1947 1293 2012 summis
1315 1945 1381 2011 elo·

243 2105 277 2154 ab
297 2105 426 2154 extremis
445 2103 542 2154 cedere
567 2104 692 2168 spiritum
712 2103 818 2152 feruido
837 2103 925 2153 nillruo
946 2111 974 2154 et
998 2109 1123 2168 compoto
1147 2105 1248 2167 mentis
1267 2108 1380 2168 pectore

241 2173 391 2238 intellegit,
410 2172 570 2222 recordatus
588 2187 699 2221 carmen
718 2186 734 2220 a
752 2187 782 2222 sc
795 2173 983 2237 compositum,
1003 2188 1055 2238 quio
1073 2171 1247 2220 unlneratum
1265 2171 1381 2220 militem

241 2257 290 2307 per
310 2241 443 2290 eiusmodi
461 2241 556 2289 mortis
580 2241 729 2304 imaginem
747 2240 839 2290 obisse
863 2240 1030 2303 tradiderat,
1054 2255 1150 2289 uersus
1175 2241 1249 2304 ipsos
1272 2239 1382 2290 rettulit

241 2325 328 2374 euque
348 2308 389 2358 illi
407 2323 533 2373 supremo
551 2323 604 2357 nox
622 2306 699 2357 fnit*

325 2377 341 2426 2
359 2391 417 2442 sqq.
448 2378 485 2426 ot'.
505 2377 577 2426 sian
595 2375 791 2440 genethliacon
809 2377 916 2426 Lucani
935 2375 1001 2425 Silv.
1020 2377 1047 2426 II
1066 2376 1091 2428 7.
1121 2373 1381 2425 Testimonium

240 2445 375 2510 ‘poeticus
393 2447 477 2494 <iecor
495 2461 529 2494 six
547 2445 657 2493 lloratii
678 2444 788 2510 Virgilii
807 2450 834 2493 ct
859 2445 967 2494 luuouni
990 2445 1113 2493 sacrario
1138 2441 1283 2510 prolatus!
1306 2445 1381 2508 Aper

240 2513 317 2562 dicit.
336 2539 367 2548 -—
384 2513 568 2577 Hieronymus
587 2519 683 2561 contra
702 2511 826 2561 ltnlinnm
846 2519 909 2561 tom.
929 2512 957 2560 11
975 2529 1000 2576 p.
1020 2511 1069 2560 471
1095 2511 1179 2560 Vols:
1217 2514 1290 2576 ‘puto
1310 2511 1381 2574 qrrod

239 2596 310 2645 puer
330 2581 432 2645 legeris
451 2616 457 2630 .
473 2616 501 2631 ..
526 2581 737 2630 oosnnnntarios
831 2580 945 2628 aliorum
969 2581 997 2628 in
1021 2580 1105 2642 alios,
1129 2579 1258 2629 Plautum
1280 2579 1379 2628 uideli-

240 2655 286 2697 oct
303 2685 309 2698 .
324 2684 352 2698 ..
388 2649 511 2699 Persium
531 2653 613 2712 atque
631 2646 796 2712 Lucanum.⁷

325 2715 340 2766 'd
353 2733 410 2782 sqq.
419 2715 557 2765 Martialis
568 2716 650 2764 Xllll
665 2714 724 2765 194:
739 2717 886 2765 ‘Lucanus
900 2719 969 2766 Sunt
981 2716 1091 2781 quidam
1105 2716 1150 2780 qui
1163 2731 1206 2764 me
1218 2715 1314 2764 disant
1326 2730 1381 2764 non

240 2791 438 2850 essepoetan13
458 2783 512 2832 Sed
530 2785 576 2848 qui
594 2799 637 2832 nse
649 2784 745 2832 uendit
758 2783 909 2849 bibliopola
922 2782 1021 2850 putat)
1041 2783 1229 2846 Quintilianus
1247 2783 1271 2832 X
1293 2782 1314 2844 l,
1332 2782 1379 2832 tto:

240 2851 384 2901 ‘Lucanus
408 2851 507 2901 ardens
532 2857 560 2900 et
583 2852 740 2900 concitatus
764 2857 792 2901 et
815 2853 963 2902 sententiis
987 2851 1155 2902 elatissimns
1180 2855 1216 2910 et,
1240 2857 1271 2900 nt
1289 2852 1378 2900 dicam

240 2920 311 2984 qnod
329 2921 433 2981 sentio,
452 2919 541 2984 inagis
554 2920 708 2969 oratoribus
721 2933 801 2983 qnam
815 2921 904 2984 poetis
918 2918 1091 2970 imitandua.’
1111 2920 1147 2969 ol.
1164 2919 1267 2968 Fronto
1279 2935 1306 2984 p.
1324 2918 1378 2968 122¹).

239 2987 350 3036 hert-ius
368 2989 436 3036 hen.
456 2987 468 3036 1
486 2985 549 3036 382:
588 2987 672 3051 ‘quod
690 2995 781 3036 autom
794 2988 925 3050 (teximus,
951 3003 1012 3037 etim
1024 2989 1136 3053 poetica
1150 2993 1209 3036 arte
1228 2987 1379 3052 prohiberi,

238 3071 272 3104 no
292 3061 386 3120 aperte
406 3061 490 3119 ponat
503 3048 654 3117 historiam,
673 3063 777 3105 certum
791 3061 841 3107 cst.
868 3057 996 3106 hircanus
1008 3071 1125 3120 suasisque
1139 3055 1201 3104 ideo
1221 3057 1249 3104 in
1268 3069 1380 3104 nuntero

238 3128 379 3187 poetarum
404 3137 464 3173 esse
488 3137 543 3172 non
565 3123 677 3186 meruit,
708 3123 772 3187 qnia
801 3123 910 3172 uidetur
936 3123 1080 3174 historiam
1110 3125 1295 3188 composuisse
1324 3139 1379 3172 non

256 3191 359 3240 oema.’

236 3207 254 3256 p
322 3260 429 3308 XXVo.
454 3261 489 3308 M.
510 3258 615 3308 Valerii
638 3259 721 3310 Probi
745 3259 773 3308 in
797 3259 913 3324 Vergilii
938 3260 1073 3310 lincolina
1097 3266 1125 3310 ot
1144 3261 1282 3324 Georgica
1306 3275 1378 3308 corii·

236 3329 388 3376 nterrtnrhts
408 3327 449 3376 cd.
469 3327 542 3376 Keil.
562 3344 587 3392 p.
609 3326 620 3374 l
641 3343 679 3391 sq.

320 3397 337 3444 u
350 3411 408 3460 sqq.
423 3395 488 3444 Vita
500 3395 605 3460 Vergili
619 3396 647 3443 in
660 3394 738 3444 codd.
757 3395 942 3445 llornonsibns
958 3395 1005 3444 172
1019 3399 1063 3458 (²²
1075 3396 1124 3458 B),
1142 3393 1187 3444 167
1201 3392 1305 3460 (=B¹)
1319 3411 1340 3443 s.
1354 3395 1379 3445 X

236 3463 399 3538 blonacensi
413 3460 494 3513 isoes
507 3477 529 3513 a.
543 3464 567 3512 X
579 3461 623 3513 vel
636 3463 676 3512 XI
690 3462 733 3507 i:
740 3463 780 3528 ,11)
794 3463 979 3528 otlteginensi
995 3463 1058 3514 isso
1068 3480 1088 3514 s.
1102 3465 1141 3514 xl
1155 3463 1239 3527 (=1t)
1247 3463 1378 3527 (ilemen-

323 3665 332 3716 l
354 3653 391 3712 de
408 3653 593 3731 corrigendis
610 3655 770 3711 Salmasius
789 3647 804 3733 11
826 3655 964 3714 exorauit
981 3657 1006 3710 B
1023 3655 1159 3712 exorauit
1180 3657 1207 3710 P
1228 3652 1378 3714 exoriduit

236 3743 269 3800 M
281 3735 294 3821 11
309 3744 441 3798 lacunam
461 3749 526 3798 aratu
541 3749 683 3818 poemata
696 3742 796 3796 statuit
815 3741 937 3798 Rothias
952 3735 965 3820 11
980 3751 996 3802 3
1017 3737 1124 3817 etium]
1149 3741 1236 3818 “post
1251 3747 1376 3798 mortem

231 3836 304 3900 prato
320 3827 480 3882 excidisso'
500 3827 686 3883 Heinrichius
708 3826 736 3880 iu
759 3843 814 3899 mp.
840 3829 882 3882 ed.
901 3828 1090 3898 Blandusiae,
1107 3843 1192 3898 ortuum
1211 3827 1377 3883 bibliotheca

234 3916 310 3970 cursio.
338 3911 496 3968 Rhenanus
515 3914 641 3983 possidet
661 3907 674 3990 11
696 3907 784 3988 uero]
810 3909 968 3988 ‘exernpla
986 3921 1058 3983 puto
1079 3911 1239 3968 eccidisse’
1260 3913 1377 3968 Heinri-

234 3999 316 4054 ehius
333 4000 351 4052 1.
369 4013 392 4053 c.
410 3989 454 4076 114
470 3995 591 4054 uenalia
607 4015 660 4053 ora.
681 3997 707 4052 B
723 3989 736 4074 11
751 3995 805 4054 sol
822 4004 851 4052 ct
869 3997 928 4052 MP
941 3994 997 4053 sed
1017 3999 1040 4052 B

319 4083 380 4138 XX
387 4082 445 4137 Va.
474 4083 547 4138 P:
555 4081 707 4138 Parisinus
723 4086 808 4139 ouon
826 4089 854 4138 4.
872 4099 894 4138 s.
908 4081 971 4138 XV
991 4081 1061 4138 V:
1076 4083 1230 4140 Vaicanus
1245 4087 1326 4139 2930.
1347 4089 1375 4139 t.

233 4185 255 4224 s.
273 4167 335 4222 XV
347 4169 421 4222 E:
434 4169 517 4223 editio
528 4168 666 4238 princeps
682 4167 743 4223 loo·¹
760 4167 983 4240 Bupt.„Xpnutii
1003 4169 1126 4224 Venetiis
1144 4173 1228 4224 1507.
1251 4168 1291 4240 ef.
1308 4168 1376 4223 Xer·-

233 4255 288 4310 h'us
303 4254 320 4308 1.
339 4269 363 4306 o.
402 4295 408 4308 .
432 4253 482 4309 Vs
523 4297 528 4307 .

232 4347 248 4399 b
270 4337 295 4394 l’
311 4354 363 4394 om.
378 4269 435 4416 11)11
451 4271 567 4395 eidiqbus
590 4331 640 4416 Vll
656 4333 769 4393 octobr.
792 4339 816 4394 V
829 4335 960 4394 octobris
983 4332 1064 4418 11117
1082 4335 1186 4396 Mollia
1201 4331 1251 4418 Ρ11
1269 4337 1376 4414 Vergi-

231 4421 272 4480 lio
289 4423 394 4478 seclusi
408 4414 422 4502 11
437 4422 496 4484 Sin
512 4425 612 4480 addidi

799 4547 821 4580 'l
