3064 5064
302 343 361 408 tta
673 367 715 408 ns
739 367 826 408 vinis
848 365 1060 408 rnnvsrarsvs

217 517 288 580 -27
384 531 416 578 L.
452 527 681 577 vonshclntvs
717 530 850 578 Phorvs
883 515 1024 580 sonnisse
1055 513 1174 579 dicitur
1206 521 1301 598 atque
1334 512 1432 576 ctiam

156 675 158 687 ,
248 616 450 698 (3)ostinrius
473 624 583 680 uetere
611 637 699 680 more
727 617 761 681 in
783 625 897 680 cutem
918 615 1035 699 luisse,
1065 615 1168 680 donee
1194 615 1235 682 ob
1264 614 1433 700 ingenium

298 726 331 781 et
356 716 498 781 studium
529 715 704 780 litteramm
734 719 950 782 manumissus
986 720 1153 784 accusanti
1187 727 1322 804 patrono
1356 714 1432 779 sub-

298 819 438 904 scripsit.
488 817 607 882 deindc
641 817 832 884 rhetoricam
863 819 1029 908 professus
1058 817 1117 884 On.
1143 819 1332 906 Pompeium
1358 815 1434 880 Illa·

297 941 396 1006 gnum
425 919 548 1002 docuit,
581 921 745 1006 patrisqu'o
780 921 850 984 elus
884 943 935 985 res
964 931 1074 1006 gestas
1108 944 1167 986 nec
1188 923 1296 985 minus
1327 918 1458 1004 ipsiuss

297 1019 518 1109 compluribus
547 1019 640 1085 libris
665 1023 832 1108 exposuit3
864 1023 986 1108 primns
1019 1025 1163 1088 emnium
1196 1021 1432 1100 libertinorum,

298 1134 333 1188 ut
352 1121 524 1188 Cornelius
546 1121 655 1210 Nepos
678 1125 844 1210 opinatur,
873 1124 1015 1189 scribere
1033 1125 1201 1191 historiam
1223 1145 1331 1202 orsus,
1354 1141 1434 1185 non·

298 1225 361 1290 uisi
384 1223 425 1288 ab
441 1223 669 1290 honestissimo
692 1247 820 1313 quoque
843 1225 943 1290 scribi
967 1225 1096 1290 solitam
1117 1226 1159 1290 ad
1182 1225 1215 1290 id
1238 1233 1373 1310 tempus.
1443 1287 1452 1307 ,

247 1367 286 1432 28
384 1361 449 1446 (n.)
470 1363 607 1424 srluivs
629 1358 792 1426 calumnia
809 1371 939 1428 notatus
958 1361 1068 1426 ludum
1092 1361 1221 1427 dicendi
1237 1359 1362 1447 speruit
1377 1357 1433 1420 do-

247 1465 428 1551 (4)euitque
462 1463 546 1526 inter
580 1471 704 1526 ceteros
736 1461 781 1525 M.
810 1464 987 1528 Antonium
1016 1474 1048 1529 et
1075 1465 1277 1548 Augustum3
1313 1458 1482 1546 quibusro'

297 1563 459 1650 quondam
476 1563 519 1627 C(
535 1563 732 1640 Cannutius,
752 1563 981 1629 obiicientibus
1003 1563 1065 1629 sibi
1086 1565 1221 1652 quodie
1245 1587 1279 1627 re
1301 1559 1435 1652 publica

297 1663 554 1730 administranda
573 1665 778 1752 potissimum
801 1665 983 1730 consularis
1009 1665 1147 1730 Isaurici
1172 1675 1291 1730 sectam
1319 1683 1433 1748 seque-

296 1778 399 1848 retur,
428 1766 525 1830 malle
547 1767 714 1852 respondit
736 1765 872 1832 Isaurici
901 1787 973 1832 esse
999 1767 1192 1854 discipulum
1215 1788 1311 1853 quam
1333 1763 1435 1850 Epitli

296 1868 548 1933 calumniatoris.
599 1867 650 1932 hic
675 1867 813 1956 Epidius
837 1880 942 1933 ortum
966 1891 1000 1933 sc
1023 1892 1041 1932 a
1065 1869 1102 1933 O.
1128 1868 1246 1956 Epidio
1269 1865 1436 1958 Nucerino

296 1968 520 2056 praedicabat,
550 1991 643 2056 quem
674 1971 783 2035 ferunt
808 1969 884 2036 olim
907 1971 1153 2059 praecipitatum
1175 1971 1207 2032 in
1231 1969 1351 2034 iontem
1374 1965 1433 2029 flu·
1452 1991 1476 2028 rs

295 2073 392 2136 urinis
415 2072 527 2144 Sarni,
555 2070 751 2158 paulopost
778 2095 850 2136 curn
878 2073 1030 2137 cornibus
1056 2073 1177 2137 taureis
1200 2071 1364 2152 extitisse,
1394 2091 1435 2132 ae

140 2249 147 2270 x
245 2171 249 2176 ’
296 2174 404 2238 statim
426 2195 489 2238 non
512 2174 784 2272 comparuissem
808 2195 1005 2262 numeroque
1027 2173 1158 2238 deorum
1182 2171 1338 2238 habitum.

245 2311 285 2376 29
382 2325 457 2372 ssx.
479 2325 646 2391 cennius,
670 2331 687 2372 o
711 2307 839 2390 Sicilia,
860 2307 998 2376 Latinae
1020 2306 1114 2375 simul
1133 2309 1346 2395 Graecaeque
1368 2305 1435 2370 elo-

245 2415 289 2496 (t)
298 2413 450 2497 quentiae
471 2411 635 2498 professor
643 2457 651 2491 ,
676 2409 760 2474 male
786 2407 933 2500 oculatus
956 2420 988 2474 et
1008 2411 1106 2475 dicax
1128 2433 1187 2498 par
1206 2407 1372 2476 oculorum
1401 2408 1435 2470 in

295 2512 439 2576 amicitia
461 2511 504 2577 M.
530 2513 665 2577 Antonii
685 2513 846 2577 triumuiri
870 2514 890 2592 †
911 2513 1049 2577 extriete
1072 2536 1106 2578 sc
1126 2510 1249 2593 aiebst;
1287 2507 1479 2574 ciusdemao

382 2734 471 2800 lsqq.
506 2735 689 2799 Hieronymus
709 2736 751 2785 Ol.
777 2735 831 2796 171,
854 2735 1025 2800 4(a.673):
1063 2735 1236 2786 ‘Voltaeilins
1257 2735 1351 2784 Plotus
1369 2733 1435 2782 lati-

295 2819 345 2852 nus
363 2803 456 2852 rhetor
474 2805 523 2853 Cn.
543 2803 655 2869 Pompei
675 2801 790 2854 libertus
809 2809 837 2854 ot
854 2803 949 2855 doctor
967 2803 1088 2855 scholam
1102 2805 1204 2854 Romae
1218 2799 1344 2868 aperuit'
1370 2801 1435 2851 l'ul·

295 2871 386 2920 tacius
410 2871 434 2920 B
457 2869 629 2920 Vulcacilius
653 2871 676 2920 P
696 2870 863 2922 vultacilius
888 2873 991 2936 (Seni).
1032 2873 1064 2922 In
1090 2889 1123 2924 eo
1148 2877 1222 2922 errat
1239 2871 1434 2932 Hieronymus,

295 2937 366 3002 quod
390 2937 566 2988 Voltaeilium
591 2939 641 2988 Cu.
664 2939 778 3005 Pompei
801 2939 929 2990 libertum
947 2941 1079 2991 nominat.
1120 2939 1266 2990 Suetonius
1289 2947 1434 3004 patronum

295 3006 477 3076 omninonon
497 3007 659 3056 nomInauit.
1076 3045 1083 3085 ι

383 3220 390 3271 1
412 3211 520 3270 Lurius
535 3213 558 3268 I
573 3205 587 3291 Η
602 3209 782 3270 Voltaeilins
798 3213 920 3270 Rothius
934 3231 973 3270 oe:
990 3217 1082 3272 indice
1097 3221 1123 3270 et
1140 3213 1332 3286 Hieronymo:
1349 3209 1437 3270 Olta-

295 3296 382 3355 eilius
396 3299 445 3355 Vo
459 3295 627 3356 Oetacilius
638 3298 709 3355 NGI
718 3295 866 3356 Otacilius
879 3300 902 3355 L
916 3291 930 3379 Η
945 3298 1052 3356 Plutus
1063 3301 1170 3371 scripsi
1185 3315 1223 3354 ex
1241 3299 1439 3370 Hieronymo:

294 3373 415 3442 Pilutus
428 3385 496 3440 iibri
505 3376 521 3476 Η
536 3379 724 3441 theutarius
742 3383 862 3440 VLNGI
872 3376 885 3464 Η
901 3381 1032 3441 cathena
1047 3385 1076 3441 Ν
1087 3379 1100 3464 Η
1116 3391 1180 3444 hac
1197 3384 1295 3442 Nous
1305 3377 1318 3462 Η
1334 3380 1441 3440 studia

295 3463 527 3546 culturarum
550 3469 572 3524 L
591 3460 605 3548 Η
622 3465 759 3524 acusanti
784 3461 832 3548 ΙΗ
853 3479 870 3526 4
890 3467 976 3526 -ON-
997 3469 1048 3528 NG
1076 3467 1116 3527 ·O
1138 3468 1204 3526 ·N·
1223 3471 1243 3526 I
1261 3467 1316 3525 Cn.
1335 3469 1358 3526 0
1375 3465 1439 3524 Gn.

301 3554 325 3610 V
325 3553 347 3610 I
362 3545 376 3632 Η
390 3553 510 3630 epatris
518 3551 646 3631 eiusque
657 3553 676 3609 I
687 3545 701 3632 Η
716 3552 872 3632 eiusomst
887 3545 901 3632 Η
915 3551 1189 3614 tenellulum.
1202 3558 1224 3613 L
1239 3548 1251 3634 Η
1267 3551 1441 3629 hystoriam

293 3639 313 3696 1
330 3629 344 3718 Η
365 3639 486 3699 &rerba
502 3635 540 3694 ad
556 3635 584 3694 id
604 3646 806 3715 tempuscula
826 3639 960 3696 Ruricium
976 3642 1054 3696 initio
1075 3643 1179 3712 cupitis
1200 3645 1245 3696 25.
1268 3639 1443 3710 leprhumur

295 3716 308 3803 Η
324 3729 341 3784 9
359 3723 400 3782 M.
417 3723 526 3780 addidit
544 3723 664 3780 liothius
683 3714 697 3801 Η
716 3719 816 3780 docuit
836 3724 853 3780 1
871 3716 884 3803 Η
907 3733 935 3785 11
955 3721 989 3783 C.
1006 3723 1173 3782 Cannutius
1192 3727 1220 3783 Ν
1239 3723 1273 3782 C.
1290 3721 1443 3782 Oinntins

302 3877 349 3932 Vs
367 3871 511 3933 canutius.
532 3873 615 3932 caius
631 3877 652 3934 0
666 3873 700 3934 C.
719 3873 880 3934 Carnutius
898 3877 945 3934 GL
959 3869 972 3956 Η
988 3896 1063 3955 repn
1085 3879 1184 3954 Vrep.
1200 3879 1222 3935 G
1237 3895 1278 3932 re.
1292 3895 1320 3952 p.
1334 3875 1357 3930 L
1372 3867 1385 3952 Η
1407 3883 1444 3938 13
1521 3881 1522 3896 ’

295 3958 374 4020 male
390 3960 410 4016 1
421 3955 435 4038 Η
450 3957 613 4037 respondet
632 3960 651 4016 1
661 3952 675 4039 Η
690 3959 779 4038 Epidi
798 3963 939 4019 Rethiusr
951 3961 1073 4040 Epidioi
1096 3963 1143 4020 Vo
1158 3959 1279 4039 Epidioi
1294 3961 1317 4016 L
1331 3957 1445 4036 Epidii

295 4046 367 4102 NGI
377 4037 391 4126 Η
408 4055 441 4106 14
469 4045 528 4102 ·A·
549 4043 667 4122 cepidio
686 4049 708 4102 0
725 4045 762 4103 ab
780 4045 890 4124 Epidio
909 4049 990 4121 culpo
1005 4042 1019 4126 Η
1034 4047 1238 4126 Νυοοτίιιοὶθ,
1258 4047 1445 4102 Beroaldus:

296 4129 437 4187 Nunoino
457 4131 534 4187 VNG
549 4129 673 4187 nuntino
691 4132 711 4187 I
721 4131 863 4190 Mancino
882 4133 903 4187 l,
919 4125 932 4211 Η
950 4140 980 4194 16
993 4131 1106 4191 taureis
1126 4133 1157 4190 0.
1175 4133 1311 4188 Iahnius:
1333 4129 1445 4190 aureis

297 4215 347 4273 ΝΟ
362 4233 415 4271 om.
436 4215 527 4272 VLGI
537 4207 551 4295 Η
569 4222 601 4276 18
612 4213 723 4274 Sextus
736 4219 804 4274 libri
823 4209 836 4297 Η
857 4213 977 4292 glodius
993 4209 1036 4296 ΙΗ
1052 4225 1083 4276 et
1097 4215 1203 4276 Sicilia
1221 4210 1263 4296 ΙΗ
1280 4223 1311 4278 19
1330 4213 1447 4274 ocula·
1520 4243 1521 4255 ¹

295 4295 358 4376 tus]
376 4298 533 4358 aculeatus
549 4317 628 4375 susp.
650 4303 682 4359 0.
699 4301 821 4359 Iahnius
835 4303 854 4360 Ι
866 4295 879 4382 Η
894 4309 928 4362 20
945 4301 1084 4360 amicicia
1108 4301 1156 4361 VG
1173 4300 1301 4360 amititia
1321 4301 1341 4359 1
1351 4293 1366 4380 Η
1383 4319 1443 4362 cx·

295 4384 385 4444 trisse
401 4385 510 4442 Statius
