<?xml version="1.0" encoding="UTF-8"?>
<!DOCTYPE html PUBLIC "-//W3C//DTD XHTML 1.0 Transitional//EN"
    "http://www.w3.org/TR/xhtml1/DTD/xhtml1-transitional.dtd">
<html xmlns="http://www.w3.org/1999/xhtml" xml:lang="en" lang="en">
 <head>
  <title>
</title>
<meta http-equiv="Content-Type" content="text/html;charset=utf-8" />
  <meta name='ocr-system' content='tesseract 3.04.00' />
  <meta name='ocr-capabilities' content='ocr_page ocr_carea ocr_par ocr_line ocrx_word'/>
</head>
<body>
  <div class='ocr_page' id='page_1' title='image "./csvetonitranqvi01ritsgoog_0227.png"; bbox 0 0 3072 5064; ppageno 0'>
   <div class='ocr_carea' id='block_1_1' title="bbox 236 405 869 474">
    <p class='ocr_par' dir='ltr' id='par_1_1' title="bbox 236 405 869 474">
     <span class='ocr_line' id='line_1_1' title="bbox 236 405 869 474; baseline -0.009 0"><span class='ocrx_word' id='word_1_1' title='bbox 236 405 296 474; x_wconf 87' lang='grc'>196</span> <span class='ocrx_word' id='word_1_2' title='bbox 736 423 869 471; x_wconf 75' lang='lat' dir='ltr'>aaaron</span> 
     </span>
    </p>
   </div>
   <div class='ocr_carea' id='block_1_2' title="bbox 232 573 1399 1478">
    <p class='ocr_par' dir='ltr' id='par_1_2' title="bbox 233 573 1383 866">
     <span class='ocr_line' id='line_1_2' title="bbox 234 573 1383 662; baseline 0.002 -24"><span class='ocrx_word' id='word_1_3' title='bbox 234 573 408 662; x_wconf 90' lang='lat' dir='ltr'>inquibus</span> <span class='ocrx_word' id='word_1_4' title='bbox 431 574 591 640; x_wconf 91' lang='lat' dir='ltr'>diuiditur</span> <span class='ocrx_word' id='word_1_5' title='bbox 611 573 700 640; x_wconf 89' lang='lat' dir='ltr'>orbis</span> <span class='ocrx_word' id='word_1_6' title='bbox 720 585 835 641; x_wconf 89' lang='lat' dir='ltr'>terrae.</span> <span class='ocrx_word' id='word_1_7' title='bbox 881 575 939 640; x_wconf 88' lang='lat' dir='ltr'>has</span> <span class='ocrx_word' id='word_1_8' title='bbox 961 574 1122 662; x_wconf 85' lang='lat' dir='ltr'>Virgilius</span> <span class='ocrx_word' id='word_1_9' title='bbox 1149 577 1183 641; x_wconf 92' lang='lat' dir='ltr'>in</span> <span class='ocrx_word' id='word_1_10' title='bbox 1210 577 1383 662; x_wconf 86' lang='lat' dir='ltr'>georgicis¹</span> 
     </span>
     <span class='ocr_line' id='line_1_3' title="bbox 233 677 524 743; baseline -0.003 -1"><span class='ocrx_word' id='word_1_11' title='bbox 233 677 376 743; x_wconf 86' lang='lat' dir='ltr'>ostendit</span> <span class='ocrx_word' id='word_1_12' title='bbox 398 677 524 742; x_wconf 87' lang='lat' dir='ltr'>diceus:</span> 
     </span>
     <span class='ocr_line' id='line_1_4' title="bbox 524 779 1078 866; baseline 0.002 -23"><span class='ocrx_word' id='word_1_13' title='bbox 524 781 666 866; x_wconf 85' lang='lat' dir='ltr'>quinque</span> <span class='ocrx_word' id='word_1_14' title='bbox 689 787 801 844; x_wconf 88' lang='lat' dir='ltr'>tenent</span> <span class='ocrx_word' id='word_1_15' title='bbox 822 779 946 845; x_wconf 90' lang='lat' dir='ltr'>caelum</span> <span class='ocrx_word' id='word_1_16' title='bbox 968 803 1078 846; x_wconf 82' lang='lat' dir='ltr'>nonae.</span> 
     </span>
    </p>

    <p class='ocr_par' dir='ltr' id='par_1_3' title="bbox 234 865 1373 970">
     <span class='ocr_line' id='line_1_5' title="bbox 234 865 1373 970; baseline 0.001 -26"><span class='ocrx_word' id='word_1_17' title='bbox 234 881 292 946; x_wconf 89' lang='lat' dir='ltr'>sod</span> <span class='ocrx_word' id='word_1_18' title='bbox 314 879 475 968; x_wconf 87' lang='lat' dir='ltr'>fingamus</span> <span class='ocrx_word' id='word_1_19' title='bbox 499 902 554 945; x_wconf 88' lang='lat' dir='ltr'>eas</span> <span class='ocrx_word' id='word_1_20' title='bbox 576 883 610 945; x_wconf 94' lang='lat' dir='ltr'>in</span> <span class='ocrx_word' id='word_1_21' title='bbox 633 881 764 946; x_wconf 90' lang='lat' dir='ltr'>modum</span> <span class='ocrx_word' id='word_1_22' title='bbox 787 881 942 946; x_wconf 81' lang='lat' dir='ltr'><strong>dexterae</strong></span> <span class='ocrx_word' id='word_1_23' title='bbox 963 865 1112 966; x_wconf 78' lang='lat' dir='ltr'>nosti-ae,</span> <span class='ocrx_word' id='word_1_24' title='bbox 1140 891 1178 946; x_wconf 90' lang='lat' dir='ltr'>ut</span> <span class='ocrx_word' id='word_1_25' title='bbox 1197 881 1307 970; x_wconf 85' lang='lat' dir='ltr'>pollex</span> <span class='ocrx_word' id='word_1_26' title='bbox 1330 882 1373 946; x_wconf 90' lang='lat' dir='ltr'>sit</span> 
     </span>
    </p>

    <p class='ocr_par' dir='ltr' id='par_1_4' title="bbox 234 975 1399 1171">
     <span class='ocr_line' id='line_1_6' title="bbox 234 975 1399 1070; baseline 0 -24"><span class='ocrx_word' id='word_1_27' title='bbox 234 983 375 1052; x_wconf 86' lang='lat' dir='ltr'>circulus</span> <span class='ocrx_word' id='word_1_28' title='bbox 404 975 559 1066; x_wconf 71' lang='lat' dir='ltr'>descende</span> <span class='ocrx_word' id='word_1_29' title='bbox 587 983 708 1068; x_wconf 84' lang='lat' dir='ltr'>frigore</span> <span class='ocrx_word' id='word_1_30' title='bbox 741 983 982 1067; x_wconf 88' lang='lat' dir='ltr'>inhabitabilis,</span> <span class='ocrx_word' id='word_1_31' title='bbox 1021 983 1183 1048; x_wconf 89' lang='lat' dir='ltr'>secundus</span> <span class='ocrx_word' id='word_1_32' title='bbox 1218 983 1399 1070; x_wconf 81' lang='lat' dir='ltr'>(digitus)s</span> 
     </span>
     <span class='ocr_line' id='line_1_7' title="bbox 234 1075 1372 1171; baseline 0 -23"><span class='ocrx_word' id='word_1_33' title='bbox 234 1085 375 1150; x_wconf 85' lang='lat' dir='ltr'>circulus</span> <span class='ocrx_word' id='word_1_34' title='bbox 413 1075 551 1168; x_wconf 76' lang='grc' dir='ltr'><strong><em>θερινὸς</em></strong></span> <span class='ocrx_word' id='word_1_35' title='bbox 591 1095 791 1171; x_wconf 88' lang='lat' dir='ltr'>temperatus</span> <span class='ocrx_word' id='word_1_36' title='bbox 825 1084 1032 1166; x_wconf 87' lang='lat' dir='ltr'>habitabilis,</span> <span class='ocrx_word' id='word_1_37' title='bbox 1069 1085 1196 1151; x_wconf 88' lang='lat' dir='ltr'>modius</span> <span class='ocrx_word' id='word_1_38' title='bbox 1231 1084 1372 1150; x_wconf 87' lang='lat' dir='ltr'>circulus</span> 
     </span>
    </p>

    <p class='ocr_par' dir='ltr' id='par_1_5' title="bbox 234 1179 1373 1275">
     <span class='ocr_line' id='line_1_8' title="bbox 234 1179 1373 1275; baseline -0.002 -23"><span class='ocrx_word' id='word_1_39' title='bbox 234 1180 424 1271; x_wconf 77' lang='lat' dir='ltr'>loppspwde</span> <span class='ocrx_word' id='word_1_40' title='bbox 445 1186 588 1252; x_wconf 83' lang='lat' dir='ltr'>torridus</span> <span class='ocrx_word' id='word_1_41' title='bbox 607 1186 848 1269; x_wconf 88' lang='lat' dir='ltr'>inhabitabilis,</span> <span class='ocrx_word' id='word_1_42' title='bbox 871 1196 1005 1275; x_wconf 89' lang='lat' dir='ltr'>quartus</span> <span class='ocrx_word' id='word_1_43' title='bbox 1028 1187 1169 1252; x_wconf 87' lang='lat' dir='ltr'>circulus</span> <span class='ocrx_word' id='word_1_44' title='bbox 1189 1179 1373 1271; x_wconf 78' lang='grc' dir='ltr'><strong><em>χειμερινὸς</em></strong></span> 
     </span>
    </p>

    <p class='ocr_par' dir='ltr' id='par_1_6' title="bbox 232 1281 1371 1377">
     <span class='ocr_line' id='line_1_9' title="bbox 232 1281 1371 1377; baseline -0.002 -24"><span class='ocrx_word' id='word_1_45' title='bbox 232 1299 431 1377; x_wconf 86' lang='lat' dir='ltr'>temperatus</span> <span class='ocrx_word' id='word_1_46' title='bbox 452 1287 660 1372; x_wconf 88' lang='lat' dir='ltr'>habitabilis,</span> <span class='ocrx_word' id='word_1_47' title='bbox 689 1289 840 1353; x_wconf 92' lang='lat' dir='ltr'>minimus</span> <span class='ocrx_word' id='word_1_48' title='bbox 867 1288 1009 1355; x_wconf 87' lang='lat' dir='ltr'>circulus</span> <span class='ocrx_word' id='word_1_49' title='bbox 1037 1281 1255 1374; x_wconf 72' lang='lat' dir='ltr'>daunenstade</span> <span class='ocrx_word' id='word_1_50' title='bbox 1280 1289 1371 1374; x_wconf 86' lang='lat' dir='ltr'>frigi-</span> 
     </span>
    </p>

    <p class='ocr_par' dir='ltr' id='par_1_7' title="bbox 234 1388 1371 1478">
     <span class='ocr_line' id='line_1_10' title="bbox 234 1388 1371 1478; baseline -0.002 -22"><span class='ocrx_word' id='word_1_51' title='bbox 234 1391 295 1457; x_wconf 90' lang='lat' dir='ltr'>dus</span> <span class='ocrx_word' id='word_1_52' title='bbox 318 1388 555 1456; x_wconf 88' lang='lat' dir='ltr'>inhabitabilis.</span> <span class='ocrx_word' id='word_1_53' title='bbox 599 1390 712 1456; x_wconf 90' lang='lat' dir='ltr'>horum</span> <span class='ocrx_word' id='word_1_54' title='bbox 735 1392 858 1478; x_wconf 89' lang='lat' dir='ltr'>primus</span> <span class='ocrx_word' id='word_1_55' title='bbox 881 1407 1207 1456; x_wconf 74' lang='lat' dir='ltr'>sarruuuamaams</span> <span class='ocrx_word' id='word_1_56' title='bbox 1230 1400 1292 1472; x_wconf 89' lang='lat' dir='ltr'>est,</span> <span class='ocrx_word' id='word_1_57' title='bbox 1322 1412 1371 1455; x_wconf 89' lang='lat' dir='ltr'>se-</span> 
     </span>
    </p>
   </div>
   <div class='ocr_carea' id='block_1_3' title="bbox 233 1615 1374 2702">
    <p class='ocr_par' dir='ltr' id='par_1_8' title="bbox 233 1615 1374 2702">
     <span class='ocr_line' id='line_1_11' title="bbox 233 1615 1371 1684; baseline 0 -20"><span class='ocrx_word' id='word_1_58' title='bbox 233 1619 289 1678; x_wconf 87' lang='lat' dir='ltr'>tes,</span> <span class='ocrx_word' id='word_1_59' title='bbox 307 1615 389 1665; x_wconf 88' lang='lat' dir='ltr'>iidem</span> <span class='ocrx_word' id='word_1_60' title='bbox 406 1615 518 1680; x_wconf 81' lang='lat' dir='ltr'>tropici,</span> <span class='ocrx_word' id='word_1_61' title='bbox 537 1615 618 1665; x_wconf 86' lang='lat' dir='ltr'>iidem</span> <span class='ocrx_word' id='word_1_62' title='bbox 631 1615 805 1678; x_wconf 84' lang='lat' dir='ltr'>solstitiales;</span> <span class='ocrx_word' id='word_1_63' title='bbox 825 1617 895 1668; x_wconf 85' lang='lat' dir='ltr'>alter</span> <span class='ocrx_word' id='word_1_64' title='bbox 911 1617 1055 1680; x_wconf 87' lang='lat' dir='ltr'>hibernus,</span> <span class='ocrx_word' id='word_1_65' title='bbox 1074 1633 1122 1684; x_wconf 88' lang='lat' dir='ltr'>per</span> <span class='ocrx_word' id='word_1_66' title='bbox 1137 1633 1216 1683; x_wconf 87' lang='lat' dir='ltr'>quem</span> <span class='ocrx_word' id='word_1_67' title='bbox 1229 1615 1270 1666; x_wconf 89' lang='lat' dir='ltr'>sol</span> <span class='ocrx_word' id='word_1_68' title='bbox 1283 1621 1371 1665; x_wconf 87' lang='lat' dir='ltr'>trans·</span> 
     </span>
     <span class='ocr_line' id='line_1_12' title="bbox 233 1683 1372 1750; baseline -0.001 -18"><span class='ocrx_word' id='word_1_69' title='bbox 233 1684 293 1733; x_wconf 88' lang='lat' dir='ltr'>iens</span> <span class='ocrx_word' id='word_1_70' title='bbox 312 1689 340 1733; x_wconf 91' lang='lat' dir='ltr'>et</span> <span class='ocrx_word' id='word_1_71' title='bbox 357 1691 454 1732; x_wconf 86' lang='lat' dir='ltr'>terrens</span> <span class='ocrx_word' id='word_1_72' title='bbox 468 1689 595 1734; x_wconf 88' lang='lat' dir='ltr'>octauam</span> <span class='ocrx_word' id='word_1_73' title='bbox 608 1690 713 1749; x_wconf 87' lang='lat' dir='ltr'>partem</span> <span class='ocrx_word' id='word_1_74' title='bbox 732 1687 887 1750; x_wconf 82' lang='lat' dir='ltr'>capricorni</span> <span class='ocrx_word' id='word_1_75' title='bbox 898 1685 1043 1736; x_wconf 82' lang='lat' dir='ltr'>solstitium</span> <span class='ocrx_word' id='word_1_76' title='bbox 1054 1686 1195 1735; x_wconf 83' lang='lat' dir='ltr'>hibernum</span> <span class='ocrx_word' id='word_1_77' title='bbox 1206 1686 1286 1744; x_wconf 58' lang='lat' dir='ltr'>facin</span> <span class='ocrx_word' id='word_1_78' title='bbox 1301 1683 1372 1733; x_wconf 89' lang='lat' dir='ltr'>altor</span> 
     </span>
     <span class='ocr_line' id='line_1_13' title="bbox 234 1749 1370 1819; baseline -0.001 -19"><span class='ocrx_word' id='word_1_79' title='bbox 234 1752 364 1814; x_wconf 86' lang='lat' dir='ltr'>aestiuus,</span> <span class='ocrx_word' id='word_1_80' title='bbox 382 1767 521 1816; x_wconf 90' lang='lat' dir='ltr'>perquem</span> <span class='ocrx_word' id='word_1_81' title='bbox 535 1753 576 1801; x_wconf 90' lang='lat' dir='ltr'>sol</span> <span class='ocrx_word' id='word_1_82' title='bbox 589 1749 689 1802; x_wconf 82' lang='lat' dir='ltr'>oeta&#39;ua</span> <span class='ocrx_word' id='word_1_83' title='bbox 702 1761 779 1819; x_wconf 74' lang='lat' dir='ltr'>pane</span> <span class='ocrx_word' id='word_1_84' title='bbox 794 1755 887 1804; x_wconf 86' lang='lat' dir='ltr'>cancri</span> <span class='ocrx_word' id='word_1_85' title='bbox 900 1753 1045 1804; x_wconf 84' lang='lat' dir='ltr'>solstitium</span> <span class='ocrx_word' id='word_1_86' title='bbox 1064 1755 1197 1804; x_wconf 88' lang='lat' dir='ltr'>aestiuum</span> <span class='ocrx_word' id='word_1_87' title='bbox 1215 1753 1297 1802; x_wconf 77' lang='lat' dir='ltr'>lacit.</span> <span class='ocrx_word' id='word_1_88' title='bbox 1316 1767 1370 1800; x_wconf 84' lang='lat' dir='ltr'>ure-</span> 
     </span>
     <span class='ocr_line' id='line_1_14' title="bbox 233 1819 1371 1887; baseline 0 -19"><span class='ocrx_word' id='word_1_89' title='bbox 233 1819 293 1868; x_wconf 88' lang='lat' dir='ltr'>dius</span> <span class='ocrx_word' id='word_1_90' title='bbox 312 1825 354 1868; x_wconf 87' lang='lat' dir='ltr'>est</span> <span class='ocrx_word' id='word_1_91' title='bbox 372 1819 595 1884; x_wconf 89' lang='lat' dir='ltr'>aequinoctialis,</span> <span class='ocrx_word' id='word_1_92' title='bbox 619 1821 664 1884; x_wconf 93' lang='lat' dir='ltr'>qui</span> <span class='ocrx_word' id='word_1_93' title='bbox 687 1828 786 1871; x_wconf 88' lang='lat' dir='ltr'>octaua</span> <span class='ocrx_word' id='word_1_94' title='bbox 807 1829 890 1887; x_wconf 66' lang='lat' dir='ltr'>parte,</span> <span class='ocrx_word' id='word_1_95' title='bbox 909 1822 1003 1872; x_wconf 88' lang='lat' dir='ltr'>arietis</span> <span class='ocrx_word' id='word_1_96' title='bbox 1026 1821 1226 1886; x_wconf 82' lang='lat' dir='ltr'>aequinoctium</span> <span class='ocrx_word' id='word_1_97' title='bbox 1249 1835 1371 1878; x_wconf 85' lang='lat' dir='ltr'>uernum,</span> 
     </span>
     <span class='ocr_line' id='line_1_15' title="bbox 233 1887 1371 1950; baseline -0.001 -14"><span class='ocrx_word' id='word_1_98' title='bbox 233 1892 334 1936; x_wconf 89' lang='lat' dir='ltr'>octaua</span> <span class='ocrx_word' id='word_1_99' title='bbox 346 1887 432 1936; x_wconf 85' lang='lat' dir='ltr'>librae</span> <span class='ocrx_word' id='word_1_100' title='bbox 447 1887 603 1946; x_wconf 82' lang='lat' dir='ltr'>autumnale</span> <span class='ocrx_word' id='word_1_101' title='bbox 617 1890 765 1938; x_wconf 87' lang='lat' dir='ltr'>coustituit.</span> <span class='ocrx_word' id='word_1_102' title='bbox 797 1895 827 1939; x_wconf 94' lang='lat' dir='ltr'>ut</span> <span class='ocrx_word' id='word_1_103' title='bbox 840 1889 936 1940; x_wconf 86' lang='lat' dir='ltr'>circuli</span> <span class='ocrx_word' id='word_1_104' title='bbox 947 1889 975 1940; x_wconf 90' lang='lat' dir='ltr'>in</span> <span class='ocrx_word' id='word_1_105' title='bbox 988 1889 1077 1950; x_wconf 87' lang='lat' dir='ltr'>caelo,</span> <span class='ocrx_word' id='word_1_106' title='bbox 1090 1891 1130 1939; x_wconf 89' lang='lat' dir='ltr'>ita</span> <span class='ocrx_word' id='word_1_107' title='bbox 1143 1891 1170 1940; x_wconf 90' lang='lat' dir='ltr'>in</span> <span class='ocrx_word' id='word_1_108' title='bbox 1183 1895 1269 1938; x_wconf 86' lang='lat' dir='ltr'>terra:</span> <span class='ocrx_word' id='word_1_109' title='bbox 1284 1903 1371 1936; x_wconf 84' lang='lat' dir='ltr'>zonae</span> 
     </span>
     <span class='ocr_line' id='line_1_16' title="bbox 233 1954 1372 2024; baseline 0.001 -21"><span class='ocrx_word' id='word_1_110' title='bbox 233 1961 374 2004; x_wconf 88' lang='lat' dir='ltr'>uocantur.</span> <span class='ocrx_word' id='word_1_111' title='bbox 399 1954 596 2005; x_wconf 87' lang='lat' dir='ltr'>inhabitabiles</span> <span class='ocrx_word' id='word_1_112' title='bbox 616 1957 689 2006; x_wconf 83' lang='lat' dir='ltr'>inira</span> <span class='ocrx_word' id='word_1_113' title='bbox 712 1957 826 2022; x_wconf 76' lang='lat' dir='ltr'>frigidos</span> <span class='ocrx_word' id='word_1_114' title='bbox 845 1959 963 2007; x_wconf 86' lang='lat' dir='ltr'>circulos</span> <span class='ocrx_word' id='word_1_115' title='bbox 980 1957 1013 2008; x_wconf 94' lang='lat' dir='ltr'>ob</span> <span class='ocrx_word' id='word_1_116' title='bbox 1032 1959 1162 2024; x_wconf 79' lang='lat' dir='ltr'>rigorem,</span> <span class='ocrx_word' id='word_1_117' title='bbox 1187 1956 1256 2022; x_wconf 91' lang='lat' dir='ltr'>quod</span> <span class='ocrx_word' id='word_1_118' title='bbox 1276 1956 1372 2005; x_wconf 86' lang='lat' dir='ltr'>abhis</span> 
     </span>
     <span class='ocr_line' id='line_1_17' title="bbox 233 2022 1372 2090; baseline 0 -18"><span class='ocrx_word' id='word_1_119' title='bbox 233 2023 391 2088; x_wconf 83' lang='lat' dir='ltr'>longissime</span> <span class='ocrx_word' id='word_1_120' title='bbox 405 2022 445 2072; x_wconf 89' lang='lat' dir='ltr'>sol</span> <span class='ocrx_word' id='word_1_121' title='bbox 463 2023 556 2084; x_wconf 87' lang='lat' dir='ltr'>obest,</span> <span class='ocrx_word' id='word_1_122' title='bbox 575 2025 639 2072; x_wconf 90' lang='lat' dir='ltr'>item</span> <span class='ocrx_word' id='word_1_123' title='bbox 658 2025 762 2074; x_wconf 88' lang='lat' dir='ltr'>medius</span> <span class='ocrx_word' id='word_1_124' title='bbox 781 2025 1004 2090; x_wconf 89' lang='lat' dir='ltr'>aequino&#39;etialis,</span> <span class='ocrx_word' id='word_1_125' title='bbox 1028 2027 1097 2090; x_wconf 90' lang='lat' dir='ltr'>qnod</span> <span class='ocrx_word' id='word_1_126' title='bbox 1115 2026 1164 2076; x_wconf 89' lang='lat' dir='ltr'>sub</span> <span class='ocrx_word' id='word_1_127' title='bbox 1182 2026 1286 2074; x_wconf 83' lang='lat' dir='ltr'>uertice</span> <span class='ocrx_word' id='word_1_128' title='bbox 1304 2023 1372 2073; x_wconf 85' lang='lat' dir='ltr'>solis</span> 
     </span>
     <span class='ocr_line' id='line_1_18' title="bbox 234 2091 1372 2160; baseline 0 -20"><span class='ocrx_word' id='word_1_129' title='bbox 234 2097 284 2152; x_wconf 89' lang='lat' dir='ltr'>est,</span> <span class='ocrx_word' id='word_1_130' title='bbox 298 2091 347 2140; x_wconf 89' lang='lat' dir='ltr'>sub</span> <span class='ocrx_word' id='word_1_131' title='bbox 361 2106 413 2155; x_wconf 92' lang='lat' dir='ltr'>quo</span> <span class='ocrx_word' id='word_1_132' title='bbox 431 2091 539 2155; x_wconf 91' lang='lat' dir='ltr'>quidam</span> <span class='ocrx_word' id='word_1_133' title='bbox 557 2091 679 2142; x_wconf 87' lang='lat' dir='ltr'>habitari</span> <span class='ocrx_word' id='word_1_134' title='bbox 695 2093 788 2142; x_wconf 89' lang='lat' dir='ltr'>dicunt</span> <span class='ocrx_word' id='word_1_135' title='bbox 806 2095 824 2155; x_wconf 92' lang='lat'><strong>†</strong></span> <span class='ocrx_word' id='word_1_136' title='bbox 840 2094 987 2159; x_wconf 69' lang='lat' dir='ltr'>cydropiae</span> <span class='ocrx_word' id='word_1_137' title='bbox 1006 2099 1033 2142; x_wconf 86' lang='lat' dir='ltr'>et</span> <span class='ocrx_word' id='word_1_138' title='bbox 1046 2093 1209 2160; x_wconf 82' lang='lat' dir='ltr'>Aethiopiae</span> <span class='ocrx_word' id='word_1_139' title='bbox 1225 2092 1372 2142; x_wconf 88' lang='lat' dir='ltr'>maximam</span> 
     </span>
     <span class='ocr_line' id='line_1_19' title="bbox 233 2158 1372 2226; baseline -0.001 -18"><span class='ocrx_word' id='word_1_140' title='bbox 233 2165 347 2224; x_wconf 83' lang='lat' dir='ltr'>partem.</span> <span class='ocrx_word' id='word_1_141' title='bbox 362 2161 427 2208; x_wconf 87' lang='lat' dir='ltr'>item</span> <span class='ocrx_word' id='word_1_142' title='bbox 440 2158 570 2224; x_wconf 87' lang='lat' dir='ltr'>plurimas</span> <span class='ocrx_word' id='word_1_143' title='bbox 582 2160 687 2210; x_wconf 89' lang='lat' dir='ltr'>insulas</span> <span class='ocrx_word' id='word_1_144' title='bbox 700 2162 783 2211; x_wconf 87' lang='lat' dir='ltr'>maris</span> <span class='ocrx_word' id='word_1_145' title='bbox 796 2162 869 2210; x_wconf 78' lang='lat' dir='ltr'>raltri</span> <span class='ocrx_word' id='word_1_146' title='bbox 884 2161 1007 2226; x_wconf 87' lang='lat' dir='ltr'>aliosque</span> <span class='ocrx_word' id='word_1_147' title='bbox 1021 2162 1139 2211; x_wconf 85' lang='lat' dir='ltr'>uertices</span> <span class='ocrx_word' id='word_1_148' title='bbox 1153 2161 1372 2223; x_wconf 74' lang='lat' dir='ltr'>eratinentiasquo</span> 
     </span>
     <span class='ocr_line' id='line_1_20' title="bbox 233 2227 1373 2296; baseline 0.002 -22"><span class='ocrx_word' id='word_1_149' title='bbox 233 2235 366 2276; x_wconf 87' lang='lat' dir='ltr'>terrarum</span> <span class='ocrx_word' id='word_1_150' title='bbox 379 2227 478 2276; x_wconf 88' lang='lat' dir='ltr'>uostris</span> <span class='ocrx_word' id='word_1_151' title='bbox 491 2228 645 2292; x_wconf 90' lang='lat' dir='ltr'>ampliores.</span> <span class='ocrx_word' id='word_1_152' title='bbox 670 2229 719 2278; x_wconf 89' lang='lat' dir='ltr'>suh</span> <span class='ocrx_word' id='word_1_153' title='bbox 733 2230 845 2296; x_wconf 82' lang='lat' dir='ltr'>tropicis</span> <span class='ocrx_word' id='word_1_154' title='bbox 857 2229 978 2279; x_wconf 90' lang='lat' dir='ltr'>habitari</span> <span class='ocrx_word' id='word_1_155' title='bbox 991 2229 1058 2280; x_wconf 85' lang='lat' dir='ltr'>nihil</span> <span class='ocrx_word' id='word_1_156' title='bbox 1071 2229 1180 2279; x_wconf 88' lang='lat' dir='ltr'>dubium</span> <span class='ocrx_word' id='word_1_157' title='bbox 1200 2235 1249 2278; x_wconf 89' lang='lat' dir='ltr'>est.</span> <span class='ocrx_word' id='word_1_158' title='bbox 1278 2235 1373 2276; x_wconf 84' lang='lat' dir='ltr'>noster</span> 
     </span>
     <span class='ocr_line' id='line_1_21' title="bbox 233 2294 1370 2362; baseline -0.001 -18"><span class='ocrx_word' id='word_1_159' title='bbox 233 2294 386 2344; x_wconf 87' lang='lat' dir='ltr'>solstitialis</span> <span class='ocrx_word' id='word_1_160' title='bbox 406 2296 527 2344; x_wconf 85' lang='lat' dir='ltr'>aestiuus</span> <span class='ocrx_word' id='word_1_161' title='bbox 546 2301 587 2345; x_wconf 89' lang='lat' dir='ltr'>est</span> <span class='ocrx_word' id='word_1_162' title='bbox 601 2296 726 2346; x_wconf 83' lang='lat' dir='ltr'>excelsus</span> <span class='ocrx_word' id='word_1_163' title='bbox 744 2303 826 2362; x_wconf 90' lang='lat' dir='ltr'>atque</span> <span class='ocrx_word' id='word_1_164' title='bbox 841 2298 947 2347; x_wconf 87' lang='lat' dir='ltr'>arduus.</span> <span class='ocrx_word' id='word_1_165' title='bbox 973 2297 1052 2358; x_wconf 79' lang='lat' dir='ltr'>‹lipisi</span> <span class='ocrx_word' id='word_1_166' title='bbox 1071 2315 1087 2347; x_wconf 88' lang='lat' dir='ltr'>a</span> <span class='ocrx_word' id='word_1_167' title='bbox 1104 2297 1183 2348; x_wconf 88' lang='lat' dir='ltr'>nobis</span> <span class='ocrx_word' id='word_1_168' title='bbox 1202 2296 1305 2346; x_wconf 85' lang='lat' dir='ltr'>circulo</span> <span class='ocrx_word' id='word_1_169' title='bbox 1323 2311 1370 2344; x_wconf 86' lang='lat' dir='ltr'>ac-</span> 
     </span>
     <span class='ocr_line' id='line_1_22' title="bbox 233 2363 1370 2428; baseline 0 -18"><span class='ocrx_word' id='word_1_170' title='bbox 233 2363 392 2428; x_wconf 87' lang='lat' dir='ltr'>quinoctiali</span> <span class='ocrx_word' id='word_1_171' title='bbox 406 2363 606 2425; x_wconf 69' lang='lat' dir='ltr'>antichthonum,</span> <span class='ocrx_word' id='word_1_172' title='bbox 620 2365 702 2414; x_wconf 87' lang='lat' dir='ltr'>iidem</span> <span class='ocrx_word' id='word_1_173' title='bbox 721 2365 908 2415; x_wconf 86' lang='lat' dir='ltr'>antistoeohoe</span> <span class='ocrx_word' id='word_1_174' title='bbox 928 2371 955 2414; x_wconf 90' lang='lat' dir='ltr'>et</span> <span class='ocrx_word' id='word_1_175' title='bbox 972 2366 1105 2416; x_wconf 87' lang='lat' dir='ltr'>antiscioe</span> <span class='ocrx_word' id='word_1_176' title='bbox 1123 2365 1305 2416; x_wconf 82' lang='lat' dir='ltr'>nominantur.</span> <span class='ocrx_word' id='word_1_177' title='bbox 1331 2364 1370 2411; x_wconf 89' lang='lat' dir='ltr'>ui-</span> 
     </span>
     <span class='ocr_line' id='line_1_23' title="bbox 233 2430 1373 2499; baseline 0.002 -21"><span class='ocrx_word' id='word_1_178' title='bbox 233 2433 331 2480; x_wconf 85' lang='lat' dir='ltr'>dentur</span> <span class='ocrx_word' id='word_1_179' title='bbox 348 2430 465 2480; x_wconf 78' lang='lat' dir='ltr'>humiles</span> <span class='ocrx_word' id='word_1_180' title='bbox 486 2437 567 2496; x_wconf 87' lang='lat' dir='ltr'>atque</span> <span class='ocrx_word' id='word_1_181' title='bbox 589 2433 712 2497; x_wconf 76' lang='lat' dir='ltr'>depressi</span> <span class='ocrx_word' id='word_1_182' title='bbox 731 2433 880 2498; x_wconf 81' lang='lat' dir='ltr'>‹prilrusque</span> <span class='ocrx_word' id='word_1_183' title='bbox 899 2434 1043 2499; x_wconf 88' lang='lat' dir='ltr'>antipodes</span> <span class='ocrx_word' id='word_1_184' title='bbox 1061 2433 1228 2484; x_wconf 78' lang='lat' dir='ltr'>irritasunt:</span> <span class='ocrx_word' id='word_1_185' title='bbox 1253 2432 1323 2496; x_wconf 89' lang='lat' dir='ltr'>quod</span> <span class='ocrx_word' id='word_1_186' title='bbox 1341 2437 1373 2480; x_wconf 91' lang='lat' dir='ltr'>ut</span> 
     </span>
     <span class='ocr_line' id='line_1_24' title="bbox 233 2499 1374 2566; baseline 0.002 -20"><span class='ocrx_word' id='word_1_187' title='bbox 233 2513 313 2564; x_wconf 87' lang='lat' dir='ltr'>posse</span> <span class='ocrx_word' id='word_1_188' title='bbox 326 2499 466 2561; x_wconf 88' lang='lat' dir='ltr'>uideatur,</span> <span class='ocrx_word' id='word_1_189' title='bbox 482 2499 605 2549; x_wconf 80' lang='lat' dir='ltr'>efficiunt</span> <span class='ocrx_word' id='word_1_190' title='bbox 623 2501 707 2550; x_wconf 86' lang='lat' dir='ltr'>tlexus</span> <span class='ocrx_word' id='word_1_191' title='bbox 725 2501 955 2566; x_wconf 80' lang='lat' dir='ltr'>obliquitatesque</span> <span class='ocrx_word' id='word_1_192' title='bbox 974 2507 1114 2551; x_wconf 82' lang='lat' dir='ltr'>terrarum.</span> <span class='ocrx_word' id='word_1_193' title='bbox 1140 2501 1238 2566; x_wconf 86' lang='lat' dir='ltr'>incipit</span> <span class='ocrx_word' id='word_1_194' title='bbox 1254 2499 1374 2565; x_wconf 80' lang='lat' dir='ltr'>signiter</span> 
     </span>
     <span class='ocr_line' id='line_1_25' title="bbox 233 2566 1372 2635; baseline 0 -19"><span class='ocrx_word' id='word_1_195' title='bbox 233 2583 287 2616; x_wconf 90' lang='lat' dir='ltr'>uon</span> <span class='ocrx_word' id='word_1_196' title='bbox 301 2566 335 2616; x_wconf 89' lang='lat' dir='ltr'>ab</span> <span class='ocrx_word' id='word_1_197' title='bbox 349 2573 469 2616; x_wconf 82' lang='lat' dir='ltr'>extremo</span> <span class='ocrx_word' id='word_1_198' title='bbox 483 2567 586 2618; x_wconf 82' lang='lat' dir='ltr'>circulo</span> <span class='ocrx_word' id='word_1_199' title='bbox 603 2584 655 2618; x_wconf 89' lang='lat' dir='ltr'>nec</span> <span class='ocrx_word' id='word_1_200' title='bbox 674 2569 708 2618; x_wconf 87' lang='lat' dir='ltr'>ad</span> <span class='ocrx_word' id='word_1_201' title='bbox 726 2575 874 2620; x_wconf 80' lang='lat' dir='ltr'>extromum</span> <span class='ocrx_word' id='word_1_202' title='bbox 892 2571 1074 2635; x_wconf 88' lang='lat' dir='ltr'>portenditur,</span> <span class='ocrx_word' id='word_1_203' title='bbox 1088 2570 1136 2620; x_wconf 87' lang='lat' dir='ltr'>sed</span> <span class='ocrx_word' id='word_1_204' title='bbox 1150 2570 1184 2619; x_wconf 90' lang='lat' dir='ltr'>ab</span> <span class='ocrx_word' id='word_1_205' title='bbox 1198 2571 1251 2618; x_wconf 90' lang='lat' dir='ltr'>imo</span> <span class='ocrx_word' id='word_1_206' title='bbox 1264 2567 1372 2632; x_wconf 85' lang='lat' dir='ltr'>tropico</span> 
     </span>
     <span class='ocr_line' id='line_1_26' title="bbox 233 2633 1370 2702; baseline 0 -18"><span class='ocrx_word' id='word_1_207' title='bbox 233 2633 349 2684; x_wconf 74' lang='lat' dir='ltr'>strrstroli</span> <span class='ocrx_word' id='word_1_208' title='bbox 366 2634 534 2699; x_wconf 89' lang='lat' dir='ltr'>brumalique</span> <span class='ocrx_word' id='word_1_209' title='bbox 553 2635 647 2684; x_wconf 88' lang='lat' dir='ltr'>eodem</span> <span class='ocrx_word' id='word_1_210' title='bbox 667 2653 715 2700; x_wconf 91' lang='lat' dir='ltr'>per</span> <span class='ocrx_word' id='word_1_211' title='bbox 738 2637 969 2702; x_wconf 85' lang='lat' dir='ltr'>aequinoctialem</span> <span class='ocrx_word' id='word_1_212' title='bbox 993 2637 1026 2687; x_wconf 87' lang='lat' dir='ltr'>ad</span> <span class='ocrx_word' id='word_1_213' title='bbox 1048 2653 1178 2688; x_wconf 88' lang='lat' dir='ltr'>summum</span> <span class='ocrx_word' id='word_1_214' title='bbox 1196 2633 1370 2686; x_wconf 77' lang='lat' dir='ltr'>solstitialem</span> 
     </span>
    </p>
   </div>
   <div class='ocr_carea' id='block_1_4' title="bbox 131 2699 1371 2770">
    <p class='ocr_par' dir='ltr' id='par_1_9' title="bbox 131 2699 1371 2770">
     <span class='ocr_line' id='line_1_27' title="bbox 131 2699 1371 2770; baseline 0.002 -21"><span class='ocrx_word' id='word_1_215' title='bbox 131 2699 142 2720; x_wconf 87' lang='lat'>&#39;</span> <span class='ocrx_word' id='word_1_216' title='bbox 234 2702 402 2766; x_wconf 79' lang='lat' dir='ltr'>‹rurulemque</span> <span class='ocrx_word' id='word_1_217' title='bbox 426 2703 586 2752; x_wconf 82' lang='lat' dir='ltr'>aestiualear</span> <span class='ocrx_word' id='word_1_218' title='bbox 605 2720 654 2768; x_wconf 89' lang='lat' dir='ltr'>per</span> <span class='ocrx_word' id='word_1_219' title='bbox 671 2705 787 2754; x_wconf 89' lang='lat' dir='ltr'>medium</span> <span class='ocrx_word' id='word_1_220' title='bbox 805 2706 982 2770; x_wconf 70' lang='lat' dir='ltr'>longitudinis</span> <span class='ocrx_word' id='word_1_221' title='bbox 1004 2705 1210 2770; x_wconf 86' lang='lat' dir='ltr'>latitudinisque</span> <span class='ocrx_word' id='word_1_222' title='bbox 1228 2710 1371 2770; x_wconf 83' lang='lat' dir='ltr'>porrectus</span> 
     </span>
    </p>
   </div>
   <div class='ocr_carea' id='block_1_5' title="bbox 182 2768 1371 3383">
    <p class='ocr_par' dir='ltr' id='par_1_10' title="bbox 182 2768 1371 3383">
     <span class='ocr_line' id='line_1_28' title="bbox 182 2768 1370 2838; baseline 0.003 -22"><span class='ocrx_word' id='word_1_223' title='bbox 182 2781 192 2800; x_wconf 91' lang='lat'><strong>·</strong></span> <span class='ocrx_word' id='word_1_224' title='bbox 232 2768 389 2834; x_wconf 83' lang='lat' dir='ltr'>obliquum’</span> <span class='ocrx_word' id='word_1_225' title='bbox 415 2771 510 2819; x_wconf 85' lang='lat' dir='ltr'>eadem</span> <span class='ocrx_word' id='word_1_226' title='bbox 528 2771 618 2820; x_wconf 72' lang='lat' dir='ltr'>Seirai.</span> <span class='ocrx_word' id='word_1_227' title='bbox 638 2773 796 2822; x_wconf 84' lang='lat' dir='ltr'>Germanioi</span> <span class='ocrx_word' id='word_1_228' title='bbox 813 2790 839 2838; x_wconf 87' lang='lat' dir='ltr'>p.</span> <span class='ocrx_word' id='word_1_229' title='bbox 859 2772 891 2824; x_wconf 81' lang='lat'>33</span> <span class='ocrx_word' id='word_1_230' title='bbox 912 2789 952 2838; x_wconf 85' lang='lat' dir='ltr'>sq.</span> <span class='ocrx_word' id='word_1_231' title='bbox 987 2774 1144 2824; x_wconf 81' lang='lat' dir='ltr'>illareianus</span> <span class='ocrx_word' id='word_1_232' title='bbox 1168 2773 1284 2837; x_wconf 80' lang='lat' dir='ltr'>Capella</span> <span class='ocrx_word' id='word_1_233' title='bbox 1302 2771 1370 2820; x_wconf 86' lang='lat' dir='ltr'>v111</span> 
     </span>
     <span class='ocr_line' id='line_1_29' title="bbox 232 2837 1370 2906; baseline 0.001 -21"><span class='ocrx_word' id='word_1_234' title='bbox 232 2837 280 2886; x_wconf 75' lang='lat'>817</span> <span class='ocrx_word' id='word_1_235' title='bbox 304 2853 376 2902; x_wconf 83' lang='lat' dir='ltr'>sqq:</span> <span class='ocrx_word' id='word_1_236' title='bbox 401 2837 510 2886; x_wconf 86' lang='lat' dir='ltr'>‘decem</span> <span class='ocrx_word' id='word_1_237' title='bbox 531 2838 585 2887; x_wconf 91' lang='lat' dir='ltr'>diei</span> <span class='ocrx_word' id='word_1_238' title='bbox 609 2841 701 2888; x_wconf 82' lang='lat' dir='ltr'>tuundi</span> <span class='ocrx_word' id='word_1_239' title='bbox 723 2841 839 2894; x_wconf 86' lang='lat' dir='ltr'>circulos</span> <span class='ocrx_word' id='word_1_240' title='bbox 862 2857 1004 2902; x_wconf 86' lang='lat' dir='ltr'>asseucro;</span> <span class='ocrx_word' id='word_1_241' title='bbox 1027 2857 1138 2906; x_wconf 88' lang='lat' dir='ltr'>quoram</span> <span class='ocrx_word' id='word_1_242' title='bbox 1162 2841 1210 2890; x_wconf 89' lang='lat' dir='ltr'>alii</span> <span class='ocrx_word' id='word_1_243' title='bbox 1232 2839 1370 2906; x_wconf 85' lang='lat' dir='ltr'>paralleli,</span> 
     </span>
     <span class='ocr_line' id='line_1_30' title="bbox 233 2905 1369 2974; baseline 0.002 -22"><span class='ocrx_word' id='word_1_244' title='bbox 233 2919 300 2968; x_wconf 71' lang='lat' dir='ltr'>equos</span> <span class='ocrx_word' id='word_1_245' title='bbox 318 2905 536 2968; x_wconf 86' lang='lat' dir='ltr'>aequidistantas</span> <span class='ocrx_word' id='word_1_246' title='bbox 553 2907 652 2956; x_wconf 63' lang='lat' dir='ltr'>lratiuo</span> <span class='ocrx_word' id='word_1_247' title='bbox 677 2923 818 2972; x_wconf 86' lang='lat' dir='ltr'>possumus</span> <span class='ocrx_word' id='word_1_248' title='bbox 836 2925 1000 2972; x_wconf 84' lang='lat' dir='ltr'>memorare,</span> <span class='ocrx_word' id='word_1_249' title='bbox 1025 2910 1134 2960; x_wconf 88' lang='lat' dir='ltr'>eosdem</span> <span class='ocrx_word' id='word_1_250' title='bbox 1157 2909 1234 2974; x_wconf 89' lang='lat' dir='ltr'>polos</span> <span class='ocrx_word' id='word_1_251' title='bbox 1256 2907 1369 2967; x_wconf 89' lang='lat' dir='ltr'>habent,</span> 
     </span>
     <span class='ocr_line' id='line_1_31' title="bbox 232 2971 1369 3041; baseline 0.002 -21"><span class='ocrx_word' id='word_1_252' title='bbox 232 2988 298 3036; x_wconf 86' lang='lat' dir='ltr'>quos</span> <span class='ocrx_word' id='word_1_253' title='bbox 311 2971 370 3038; x_wconf 88' lang='lat' dir='ltr'>ipsc</span> <span class='ocrx_word' id='word_1_254' title='bbox 383 2973 505 3022; x_wconf 78' lang='lat' dir='ltr'>rutundus.</span> <span class='ocrx_word' id='word_1_255' title='bbox 530 2974 585 3038; x_wconf 94' lang='lat' dir='ltr'>poli</span> <span class='ocrx_word' id='word_1_256' title='bbox 599 2975 669 3024; x_wconf 84' lang='lat' dir='ltr'>enim</span> <span class='ocrx_word' id='word_1_257' title='bbox 682 2981 753 3035; x_wconf 78' lang='lat' dir='ltr'>srrrrt,</span> <span class='ocrx_word' id='word_1_258' title='bbox 767 2978 812 3040; x_wconf 92' lang='lat' dir='ltr'>qui</span> <span class='ocrx_word' id='word_1_259' title='bbox 824 2993 841 3026; x_wconf 86' lang='lat' dir='ltr'>a</span> <span class='ocrx_word' id='word_1_260' title='bbox 854 2982 948 3026; x_wconf 86' lang='lat' dir='ltr'>centro</span> <span class='ocrx_word' id='word_1_261' title='bbox 967 2977 1062 3027; x_wconf 84' lang='lat' dir='ltr'>circuli</span> <span class='ocrx_word' id='word_1_262' title='bbox 1076 2977 1150 3027; x_wconf 90' lang='lat' dir='ltr'>linea</span> <span class='ocrx_word' id='word_1_263' title='bbox 1168 2991 1252 3041; x_wconf 89' lang='lat' dir='ltr'>usque</span> <span class='ocrx_word' id='word_1_264' title='bbox 1270 2976 1297 3024; x_wconf 88' lang='lat' dir='ltr'>in</span> <span class='ocrx_word' id='word_1_265' title='bbox 1316 2975 1369 3023; x_wconf 77' lang='lat' dir='ltr'>cir·</span> 
     </span>
     <span class='ocr_line' id='line_1_32' title="bbox 233 3040 1368 3109; baseline 0.001 -20"><span class='ocrx_word' id='word_1_266' title='bbox 233 3040 429 3090; x_wconf 83' lang='lat' dir='ltr'>curnierontias</span> <span class='ocrx_word' id='word_1_267' title='bbox 446 3041 529 3090; x_wconf 87' lang='lat' dir='ltr'>‹lucta</span> <span class='ocrx_word' id='word_1_268' title='bbox 546 3042 702 3091; x_wconf 84' lang='lat' dir='ltr'>medietatis</span> <span class='ocrx_word' id='word_1_269' title='bbox 719 3051 813 3093; x_wconf 85' lang='lat' dir='ltr'>sectae</span> <span class='ocrx_word' id='word_1_270' title='bbox 831 3060 985 3095; x_wconf 85' lang='lat' dir='ltr'>mensuram</span> <span class='ocrx_word' id='word_1_271' title='bbox 1004 3061 1093 3109; x_wconf 89' lang='lat' dir='ltr'>aequa</span> <span class='ocrx_word' id='word_1_272' title='bbox 1111 3043 1216 3094; x_wconf 90' lang='lat' dir='ltr'>ratione</span> <span class='ocrx_word' id='word_1_273' title='bbox 1235 3041 1368 3094; x_wconf 89' lang='lat' dir='ltr'>discrimi-</span> 
     </span>
     <span class='ocr_line' id='line_1_33' title="bbox 231 3108 1369 3178; baseline 0.002 -22"><span class='ocrx_word' id='word_1_274' title='bbox 231 3113 306 3158; x_wconf 89' lang='lat' dir='ltr'>nant.</span> <span class='ocrx_word' id='word_1_275' title='bbox 333 3122 426 3158; x_wconf 89' lang='lat' dir='ltr'>uerum</span> <span class='ocrx_word' id='word_1_276' title='bbox 446 3125 479 3158; x_wconf 86' lang='lat' dir='ltr'>ex</span> <span class='ocrx_word' id='word_1_277' title='bbox 496 3108 639 3175; x_wconf 82' lang='lat' dir='ltr'>parallelis</span> <span class='ocrx_word' id='word_1_278' title='bbox 656 3111 757 3175; x_wconf 88' lang='lat' dir='ltr'>primus</span> <span class='ocrx_word' id='word_1_279' title='bbox 776 3111 799 3161; x_wconf 88' lang='lat' dir='ltr'>is</span> <span class='ocrx_word' id='word_1_280' title='bbox 818 3118 872 3174; x_wconf 87' lang='lat' dir='ltr'>est,</span> <span class='ocrx_word' id='word_1_281' title='bbox 891 3114 936 3178; x_wconf 88' lang='lat' dir='ltr'>qai</span> <span class='ocrx_word' id='word_1_282' title='bbox 955 3119 983 3162; x_wconf 88' lang='lat' dir='ltr'>ct</span> <span class='ocrx_word' id='word_1_283' title='bbox 995 3129 1103 3178; x_wconf 87' lang='lat' dir='ltr'>semper</span> <span class='ocrx_word' id='word_1_284' title='bbox 1115 3127 1251 3178; x_wconf 87' lang='lat' dir='ltr'>apparens</span> <span class='ocrx_word' id='word_1_285' title='bbox 1265 3115 1292 3160; x_wconf 90' lang='lat' dir='ltr'>ot</span> <span class='ocrx_word' id='word_1_286' title='bbox 1305 3125 1369 3160; x_wconf 87' lang='lat' dir='ltr'>eon·</span> 
     </span>
     <span class='ocr_line' id='line_1_34' title="bbox 231 3175 1371 3246; baseline 0.002 -22"><span class='ocrx_word' id='word_1_287' title='bbox 231 3176 341 3240; x_wconf 80' lang='lat' dir='ltr'>tingens</span> <span class='ocrx_word' id='word_1_288' title='bbox 360 3175 479 3225; x_wconf 85' lang='lat' dir='ltr'>confinia</span> <span class='ocrx_word' id='word_1_289' title='bbox 497 3175 611 3226; x_wconf 85' lang='lat' dir='ltr'>tinitoris</span> <span class='ocrx_word' id='word_1_290' title='bbox 628 3192 773 3242; x_wconf 91' lang='lat' dir='ltr'>numquam</span> <span class='ocrx_word' id='word_1_291' title='bbox 793 3196 898 3246; x_wconf 81' lang='lat' dir='ltr'>rnersup</span> <span class='ocrx_word' id='word_1_292' title='bbox 916 3183 1047 3246; x_wconf 71' lang='lat' dir='ltr'>assurgit,</span> <span class='ocrx_word' id='word_1_293' title='bbox 1071 3181 1115 3246; x_wconf 89' lang='lat' dir='ltr'>qui</span> <span class='ocrx_word' id='word_1_294' title='bbox 1137 3178 1371 3245; x_wconf 85' lang='lat' dir='ltr'>septemtrionalis</span> 
     </span>
     <span class='ocr_line' id='line_1_35' title="bbox 232 3243 1369 3314; baseline 0.001 -22"><span class='ocrx_word' id='word_1_295' title='bbox 232 3244 351 3294; x_wconf 85' lang='lat' dir='ltr'>circulus</span> <span class='ocrx_word' id='word_1_296' title='bbox 364 3243 522 3308; x_wconf 80' lang='lat' dir='ltr'>perhibetur</span> <span class='ocrx_word' id='word_1_297' title='bbox 535 3261 567 3294; x_wconf 82' lang='lat' dir='ltr'>ex</span> <span class='ocrx_word' id='word_1_298' title='bbox 581 3261 621 3308; x_wconf 84' lang='lat' dir='ltr'>eo,</span> <span class='ocrx_word' id='word_1_299' title='bbox 641 3247 711 3310; x_wconf 95' lang='lat' dir='ltr'>quod</span> <span class='ocrx_word' id='word_1_300' title='bbox 725 3263 784 3296; x_wconf 89' lang='lat' dir='ltr'>oum</span> <span class='ocrx_word' id='word_1_301' title='bbox 798 3249 899 3298; x_wconf 88' lang='lat' dir='ltr'>ceteris</span> <span class='ocrx_word' id='word_1_302' title='bbox 912 3264 981 3314; x_wconf 89' lang='lat' dir='ltr'>quae</span> <span class='ocrx_word' id='word_1_303' title='bbox 995 3257 1151 3314; x_wconf 86' lang='lat' dir='ltr'>promentur</span> <span class='ocrx_word' id='word_1_304' title='bbox 1164 3250 1247 3298; x_wconf 90' lang='lat' dir='ltr'>etiam</span> <span class='ocrx_word' id='word_1_305' title='bbox 1257 3247 1369 3314; x_wconf 79' lang='lat' dir='ltr'>gemina</span> 
     </span>
     <span class='ocr_line' id='line_1_36' title="bbox 232 3312 1369 3383; baseline 0.001 -22"><span class='ocrx_word' id='word_1_306' title='bbox 232 3312 324 3362; x_wconf 89' lang='lat' dir='ltr'>sidera</span> <span class='ocrx_word' id='word_1_307' title='bbox 337 3313 541 3377; x_wconf 87' lang='lat' dir='ltr'>septemtrionis</span> <span class='ocrx_word' id='word_1_308' title='bbox 553 3314 675 3363; x_wconf 89' lang='lat' dir='ltr'>includit.</span> <span class='ocrx_word' id='word_1_309' title='bbox 701 3317 837 3366; x_wconf 86' lang='lat' dir='ltr'>secundus</span> <span class='ocrx_word' id='word_1_310' title='bbox 850 3323 940 3366; x_wconf 88' lang='lat' dir='ltr'>autem</span> <span class='ocrx_word' id='word_1_311' title='bbox 960 3333 993 3366; x_wconf 87' lang='lat' dir='ltr'>ex</span> <span class='ocrx_word' id='word_1_312' title='bbox 1006 3317 1148 3383; x_wconf 81' lang='lat' dir='ltr'>parallelis</span> <span class='ocrx_word' id='word_1_313' title='bbox 1165 3317 1297 3366; x_wconf 87' lang='lat' dir='ltr'>maximus</span> <span class='ocrx_word' id='word_1_314' title='bbox 1314 3313 1369 3363; x_wconf 88' lang='lat' dir='ltr'>sol—</span> 
     </span>
    </p>
   </div>
   <div class='ocr_carea' id='block_1_6' title="bbox 152 3379 1368 3449">
    <p class='ocr_par' dir='ltr' id='par_1_11' title="bbox 152 3379 1368 3449">
     <span class='ocr_line' id='line_1_37' title="bbox 152 3379 1368 3449; baseline 0.002 -21"><span class='ocrx_word' id='word_1_315' title='bbox 152 3383 156 3394; x_wconf 85' lang='grc'><strong>“</strong></span> <span class='ocrx_word' id='word_1_316' title='bbox 232 3379 344 3430; x_wconf 88' lang='lat' dir='ltr'>stitialis</span> <span class='ocrx_word' id='word_1_317' title='bbox 357 3385 406 3442; x_wconf 88' lang='lat' dir='ltr'>est,</span> <span class='ocrx_word' id='word_1_318' title='bbox 422 3381 455 3429; x_wconf 90' lang='lat' dir='ltr'>ad</span> <span class='ocrx_word' id='word_1_319' title='bbox 469 3396 548 3445; x_wconf 90' lang='lat' dir='ltr'>quem</span> <span class='ocrx_word' id='word_1_320' title='bbox 560 3382 601 3430; x_wconf 92' lang='lat' dir='ltr'>sol</span> <span class='ocrx_word' id='word_1_321' title='bbox 615 3383 735 3432; x_wconf 87' lang='lat' dir='ltr'>aestiuus</span> <span class='ocrx_word' id='word_1_322' title='bbox 748 3385 885 3434; x_wconf 85' lang='lat' dir='ltr'>accedens</span> <span class='ocrx_word' id='word_1_323' title='bbox 897 3385 1007 3434; x_wconf 88' lang='lat' dir='ltr'>solstitii</span> <span class='ocrx_word' id='word_1_324' title='bbox 1024 3385 1078 3434; x_wconf 89' lang='lat' dir='ltr'>tine</span> <span class='ocrx_word' id='word_1_325' title='bbox 1096 3383 1220 3449; x_wconf 83' lang='lat' dir='ltr'>repulsus</span> <span class='ocrx_word' id='word_1_326' title='bbox 1234 3381 1368 3433; x_wconf 87' lang='lat' dir='ltr'>abscedit.</span> 
     </span>
    </p>
   </div>
   <div class='ocr_carea' id='block_1_7' title="bbox 231 3448 1369 3926">
    <p class='ocr_par' dir='ltr' id='par_1_12' title="bbox 231 3448 1369 3926">
     <span class='ocr_line' id='line_1_38' title="bbox 231 3448 1369 3518; baseline 0.001 -21"><span class='ocrx_word' id='word_1_327' title='bbox 231 3449 328 3498; x_wconf 76' lang='lat' dir='ltr'>tertiata</span> <span class='ocrx_word' id='word_1_328' title='bbox 350 3448 559 3512; x_wconf 83' lang='lat' dir='ltr'>aequinoctialis</span> <span class='ocrx_word' id='word_1_329' title='bbox 582 3451 685 3500; x_wconf 87' lang='lat' dir='ltr'>medius</span> <span class='ocrx_word' id='word_1_330' title='bbox 706 3453 892 3516; x_wconf 85' lang='lat' dir='ltr'>ruaximusque</span> <span class='ocrx_word' id='word_1_331' title='bbox 915 3459 1086 3514; x_wconf 90' lang='lat' dir='ltr'>cunctorum,</span> <span class='ocrx_word' id='word_1_332' title='bbox 1105 3468 1153 3518; x_wconf 92' lang='lat' dir='ltr'>per</span> <span class='ocrx_word' id='word_1_333' title='bbox 1171 3467 1250 3516; x_wconf 87' lang='lat' dir='ltr'>quem</span> <span class='ocrx_word' id='word_1_334' title='bbox 1267 3451 1308 3500; x_wconf 91' lang='lat' dir='ltr'>sol</span> <span class='ocrx_word' id='word_1_335' title='bbox 1325 3465 1369 3498; x_wconf 87' lang='lat' dir='ltr'>se-</span> 
     </span>
     <span class='ocr_line' id='line_1_39' title="bbox 233 3516 1369 3586; baseline 0 -20"><span class='ocrx_word' id='word_1_336' title='bbox 233 3517 329 3578; x_wconf 88' lang='lat' dir='ltr'>cundo,</span> <span class='ocrx_word' id='word_1_337' title='bbox 343 3516 388 3566; x_wconf 86' lang='lat' dir='ltr'>uel</span> <span class='ocrx_word' id='word_1_338' title='bbox 405 3531 465 3565; x_wconf 89' lang='lat' dir='ltr'>eum</span> <span class='ocrx_word' id='word_1_339' title='bbox 479 3517 506 3566; x_wconf 89' lang='lat' dir='ltr'>iu</span> <span class='ocrx_word' id='word_1_340' title='bbox 520 3518 652 3567; x_wconf 88' lang='lat' dir='ltr'>aestiuam</span> <span class='ocrx_word' id='word_1_341' title='bbox 666 3519 840 3584; x_wconf 82' lang='lat' dir='ltr'>flagrantiam</span> <span class='ocrx_word' id='word_1_342' title='bbox 852 3521 939 3586; x_wconf 81' lang='lat' dir='ltr'>surgit</span> <span class='ocrx_word' id='word_1_343' title='bbox 951 3521 995 3570; x_wconf 92' lang='lat' dir='ltr'>uel</span> <span class='ocrx_word' id='word_1_344' title='bbox 1014 3537 1073 3570; x_wconf 82' lang='lat' dir='ltr'>euru</span> <span class='ocrx_word' id='word_1_345' title='bbox 1087 3521 1114 3570; x_wconf 90' lang='lat' dir='ltr'>in</span> <span class='ocrx_word' id='word_1_346' title='bbox 1126 3519 1242 3570; x_wconf 88' lang='lat' dir='ltr'>hiberna</span> <span class='ocrx_word' id='word_1_347' title='bbox 1254 3519 1369 3568; x_wconf 87' lang='lat' dir='ltr'>deseen-</span> 
     </span>
     <span class='ocr_line' id='line_1_40' title="bbox 232 3583 1369 3652; baseline 0.004 -22"><span class='ocrx_word' id='word_1_348' title='bbox 232 3585 280 3644; x_wconf 90' lang='lat' dir='ltr'>dit,</span> <span class='ocrx_word' id='word_1_349' title='bbox 299 3583 416 3648; x_wconf 90' lang='lat' dir='ltr'>quadam</span> <span class='ocrx_word' id='word_1_350' title='bbox 430 3585 521 3634; x_wconf 87' lang='lat' dir='ltr'>mundi</span> <span class='ocrx_word' id='word_1_351' title='bbox 534 3585 682 3636; x_wconf 87' lang='lat' dir='ltr'>medietate</span> <span class='ocrx_word' id='word_1_352' title='bbox 696 3593 841 3652; x_wconf 86' lang='lat' dir='ltr'>peruectus</span> <span class='ocrx_word' id='word_1_353' title='bbox 854 3603 1009 3638; x_wconf 82' lang='lat' dir='ltr'>mensurant</span> <span class='ocrx_word' id='word_1_354' title='bbox 1022 3589 1110 3638; x_wconf 86' lang='lat' dir='ltr'>noetis</span> <span class='ocrx_word' id='word_1_355' title='bbox 1119 3588 1188 3638; x_wconf 88' lang='lat' dir='ltr'>lueis</span> <span class='ocrx_word' id='word_1_356' title='bbox 1199 3587 1369 3652; x_wconf 84' lang='lat' dir='ltr'>aequalitate</span> 
     </span>
     <span class='ocr_line' id='line_1_41' title="bbox 233 3651 1369 3720; baseline 0 -19"><span class='ocrx_word' id='word_1_357' title='bbox 233 3657 401 3718; x_wconf 86' lang='lat' dir='ltr'>compensat.</span> <span class='ocrx_word' id='word_1_358' title='bbox 432 3651 496 3702; x_wconf 87' lang='lat' dir='ltr'>huic</span> <span class='ocrx_word' id='word_1_359' title='bbox 513 3654 678 3718; x_wconf 88' lang='lat' dir='ltr'>propinquus</span> <span class='ocrx_word' id='word_1_360' title='bbox 697 3656 839 3717; x_wconf 86' lang='lat' dir='ltr'>brumalis,</span> <span class='ocrx_word' id='word_1_361' title='bbox 858 3657 886 3706; x_wconf 90' lang='lat' dir='ltr'>in</span> <span class='ocrx_word' id='word_1_362' title='bbox 904 3671 982 3720; x_wconf 81' lang='lat' dir='ltr'>quent</span> <span class='ocrx_word' id='word_1_363' title='bbox 1000 3656 1113 3706; x_wconf 83' lang='lat' dir='ltr'>hiemali</span> <span class='ocrx_word' id='word_1_364' title='bbox 1131 3656 1184 3705; x_wconf 89' lang='lat' dir='ltr'>line</span> <span class='ocrx_word' id='word_1_365' title='bbox 1202 3655 1369 3720; x_wconf 85' lang='lat' dir='ltr'>perueniens</span> 
     </span>
     <span class='ocr_line' id='line_1_42' title="bbox 232 3720 1369 3788; baseline 0.002 -20"><span class='ocrx_word' id='word_1_366' title='bbox 232 3721 261 3768; x_wconf 92' lang='lat' dir='ltr'>in</span> <span class='ocrx_word' id='word_1_367' title='bbox 280 3720 435 3785; x_wconf 89' lang='lat' dir='ltr'>aquilonem</span> <span class='ocrx_word' id='word_1_368' title='bbox 453 3721 541 3772; x_wconf 88' lang='lat' dir='ltr'>denuo</span> <span class='ocrx_word' id='word_1_369' title='bbox 564 3723 688 3788; x_wconf 87' lang='lat' dir='ltr'>repulsus</span> <span class='ocrx_word' id='word_1_370' title='bbox 706 3725 833 3788; x_wconf 74' lang='lat' dir='ltr'>assurgit.</span> <span class='ocrx_word' id='word_1_371' title='bbox 864 3725 972 3788; x_wconf 86' lang='lat' dir='ltr'>quintus</span> <span class='ocrx_word' id='word_1_372' title='bbox 995 3731 1086 3774; x_wconf 88' lang='lat' dir='ltr'>autem</span> <span class='ocrx_word' id='word_1_373' title='bbox 1109 3724 1234 3788; x_wconf 86' lang='lat' dir='ltr'>idemque</span> <span class='ocrx_word' id='word_1_374' title='bbox 1258 3721 1369 3772; x_wconf 83' lang='lat' dir='ltr'>ultimus</span> 
     </span>
     <span class='ocr_line' id='line_1_43' title="bbox 232 3788 1369 3856; baseline 0.001 -20"><span class='ocrx_word' id='word_1_375' title='bbox 232 3789 361 3838; x_wconf 86' lang='lat' dir='ltr'>australis</span> <span class='ocrx_word' id='word_1_376' title='bbox 375 3788 472 3852; x_wconf 87' lang='lat' dir='ltr'>quique</span> <span class='ocrx_word' id='word_1_377' title='bbox 486 3791 655 3839; x_wconf 86' lang='lat' dir='ltr'>antarcticus</span> <span class='ocrx_word' id='word_1_378' title='bbox 673 3791 845 3856; x_wconf 84' lang='lat' dir='ltr'>perhibetur;</span> <span class='ocrx_word' id='word_1_379' title='bbox 863 3791 908 3841; x_wconf 89' lang='lat' dir='ltr'>hic</span> <span class='ocrx_word' id='word_1_380' title='bbox 921 3807 1025 3843; x_wconf 82' lang='lat' dir='ltr'>arersus</span> <span class='ocrx_word' id='word_1_381' title='bbox 1039 3809 1071 3842; x_wconf 86' lang='lat' dir='ltr'>ao</span> <span class='ocrx_word' id='word_1_382' title='bbox 1090 3793 1135 3842; x_wconf 82' lang='lat' dir='ltr'>uix</span> <span class='ocrx_word' id='word_1_383' title='bbox 1154 3791 1251 3841; x_wconf 87' lang='lat' dir='ltr'>altiore</span> <span class='ocrx_word' id='word_1_384' title='bbox 1271 3789 1369 3840; x_wconf 88' lang='lat' dir='ltr'>circuli</span> 
     </span>
     <span class='ocr_line' id='line_1_44' title="bbox 232 3855 1368 3926; baseline 0.002 -21"><span class='ocrx_word' id='word_1_385' title='bbox 232 3857 405 3906; x_wconf 83' lang='lat' dir='ltr'>extremitate</span> <span class='ocrx_word' id='word_1_386' title='bbox 417 3855 566 3910; x_wconf 72' lang='lat' dir='ltr'>nouzontis</span> <span class='ocrx_word' id='word_1_387' title='bbox 579 3859 668 3909; x_wconf 90' lang='lat' dir='ltr'>delixa</span> <span class='ocrx_word' id='word_1_388' title='bbox 682 3860 844 3924; x_wconf 75' lang='lat' dir='ltr'>contingens</span> <span class='ocrx_word' id='word_1_389' title='bbox 855 3859 925 3910; x_wconf 89' lang='lat' dir='ltr'>tanti</span> <span class='ocrx_word' id='word_1_390' title='bbox 938 3867 1030 3911; x_wconf 88' lang='lat' dir='ltr'>tamea</span> <span class='ocrx_word' id='word_1_391' title='bbox 1042 3861 1125 3926; x_wconf 84' lang='lat' dir='ltr'>apat-ii</span> <span class='ocrx_word' id='word_1_392' title='bbox 1143 3861 1238 3925; x_wconf 90' lang='lat' dir='ltr'>quanti</span> <span class='ocrx_word' id='word_1_393' title='bbox 1250 3862 1368 3924; x_wconf 88' lang='lat' dir='ltr'>septem-</span> 
     </span>
    </p>
   </div>
   <div class='ocr_carea' id='block_1_8' title="bbox 230 4023 1369 4369">
    <p class='ocr_par' dir='ltr' id='par_1_13' title="bbox 230 4023 1369 4369">
     <span class='ocr_line' id='line_1_45' title="bbox 318 4023 1369 4112; baseline 0.003 -25"><span class='ocrx_word' id='word_1_394' title='bbox 318 4036 326 4087; x_wconf 92' lang='grc' dir='ltr'>Ι</span> <span class='ocrx_word' id='word_1_395' title='bbox 346 4046 379 4086; x_wconf 89' lang='lat' dir='ltr'>as</span> <span class='ocrx_word' id='word_1_396' title='bbox 396 4024 433 4084; x_wconf 89' lang='lat' dir='ltr'>B¹</span> <span class='ocrx_word' id='word_1_397' title='bbox 451 4023 464 4110; x_wconf 72' lang='lat' dir='ltr'>ll</span> <span class='ocrx_word' id='word_1_398' title='bbox 479 4028 610 4106; x_wconf 84' lang='lat' dir='ltr'>gergiois</span> <span class='ocrx_word' id='word_1_399' title='bbox 622 4025 661 4087; x_wconf 74' lang='grc' dir='ltr'>Βι</span> <span class='ocrx_word' id='word_1_400' title='bbox 677 4025 691 4112; x_wconf 87' lang='grc' dir='ltr'>ΙΙ</span> <span class='ocrx_word' id='word_1_401' title='bbox 714 4031 796 4105; x_wconf 76' lang='lat' dir='ltr'>Verp.</span> <span class='ocrx_word' id='word_1_402' title='bbox 813 4049 908 4106; x_wconf 75' lang='lat' dir='ltr'>peorp.</span> <span class='ocrx_word' id='word_1_403' title='bbox 925 4033 944 4089; x_wconf 87' lang='lat'><em>1</em></span> <span class='ocrx_word' id='word_1_404' title='bbox 955 4037 1013 4091; x_wconf 78' lang='lat'>322</span> <span class='ocrx_word' id='word_1_405' title='bbox 1028 4029 1041 4112; x_wconf 74' lang='lat' dir='ltr'>ll</span> <span class='ocrx_word' id='word_1_406' title='bbox 1054 4043 1072 4095; x_wconf 81' lang='lat'><strong>3</strong></span> <span class='ocrx_word' id='word_1_407' title='bbox 1083 4051 1159 4092; x_wconf 87' lang='lat' dir='ltr'>asne</span> <span class='ocrx_word' id='word_1_408' title='bbox 1171 4025 1209 4088; x_wconf 79' lang='grc' dir='ltr'>Βι</span> <span class='ocrx_word' id='word_1_409' title='bbox 1225 4025 1239 4111; x_wconf 82' lang='grc' dir='ltr'>ΙΙ</span> <span class='ocrx_word' id='word_1_410' title='bbox 1253 4029 1369 4092; x_wconf 80' lang='lat' dir='ltr'>tmodo</span> 
     </span>
     <span class='ocr_line' id='line_1_46' title="bbox 231 4107 1367 4196; baseline 0.004 -25"><span class='ocrx_word' id='word_1_411' title='bbox 231 4107 270 4171; x_wconf 87' lang='lat' dir='ltr'>B¹</span> <span class='ocrx_word' id='word_1_412' title='bbox 286 4107 301 4194; x_wconf 78' lang='lat' dir='ltr'>ll</span> <span class='ocrx_word' id='word_1_413' title='bbox 316 4109 441 4172; x_wconf 87' lang='lat' dir='ltr'>dextrae</span> <span class='ocrx_word' id='word_1_414' title='bbox 458 4111 496 4171; x_wconf 82' lang='grc' dir='ltr'>Β1</span> <span class='ocrx_word' id='word_1_415' title='bbox 519 4109 532 4195; x_wconf 89' lang='grc' dir='ltr'>ΙΙ</span> <span class='ocrx_word' id='word_1_416' title='bbox 551 4127 567 4176; x_wconf 80' lang='lat'>5</span> <span class='ocrx_word' id='word_1_417' title='bbox 584 4115 669 4173; x_wconf 88' lang='lat' dir='ltr'>culus</span> <span class='ocrx_word' id='word_1_418' title='bbox 685 4111 720 4173; x_wconf 66' lang='grc' dir='ltr'>ΑΙ</span> <span class='ocrx_word' id='word_1_419' title='bbox 741 4117 854 4194; x_wconf 86' lang='lat' dir='ltr'>primus</span> <span class='ocrx_word' id='word_1_420' title='bbox 879 4117 1009 4176; x_wconf 88' lang='lat' dir='ltr'>circulus</span> <span class='ocrx_word' id='word_1_421' title='bbox 1029 4118 1112 4176; x_wconf 84' lang='lat' dir='ltr'>culus</span> <span class='ocrx_word' id='word_1_422' title='bbox 1128 4113 1165 4175; x_wconf 61' lang='lat'>11²</span> <span class='ocrx_word' id='word_1_423' title='bbox 1181 4117 1294 4196; x_wconf 88' lang='lat' dir='ltr'>primus</span> <span class='ocrx_word' id='word_1_424' title='bbox 1310 4118 1367 4174; x_wconf 90' lang='lat' dir='ltr'>eir·</span> 
     </span>
     <span class='ocr_line' id='line_1_47' title="bbox 230 4193 1367 4283; baseline 0.004 -27"><span class='ocrx_word' id='word_1_425' title='bbox 230 4197 316 4256; x_wconf 88' lang='lat' dir='ltr'>culus</span> <span class='ocrx_word' id='word_1_426' title='bbox 337 4199 361 4254; x_wconf 87' lang='grc' dir='ltr'><strong>Β</strong></span> <span class='ocrx_word' id='word_1_427' title='bbox 377 4193 390 4278; x_wconf 79' lang='grc' dir='ltr'>ΙΙ</span> <span class='ocrx_word' id='word_1_428' title='bbox 406 4200 516 4258; x_wconf 85' lang='lat' dir='ltr'>artieos</span> <span class='ocrx_word' id='word_1_429' title='bbox 533 4206 557 4256; x_wconf 82' lang='grc' dir='ltr'><em>Α</em></span> <span class='ocrx_word' id='word_1_430' title='bbox 577 4201 689 4258; x_wconf 84' lang='lat' dir='ltr'>articus</span> <span class='ocrx_word' id='word_1_431' title='bbox 710 4203 737 4258; x_wconf 88' lang='lat' dir='ltr'><em>B</em></span> <span class='ocrx_word' id='word_1_432' title='bbox 752 4195 764 4282; x_wconf 75' lang='lat' dir='ltr'>ll</span> <span class='ocrx_word' id='word_1_433' title='bbox 780 4201 930 4261; x_wconf 75' lang='lat' dir='ltr'>sectandus</span> <span class='ocrx_word' id='word_1_434' title='bbox 943 4235 981 4244; x_wconf 91' lang='lat'><em>-</em></span> <span class='ocrx_word' id='word_1_435' title='bbox 995 4201 1171 4262; x_wconf 88' lang='lat' dir='ltr'>habitabilis</span> <span class='ocrx_word' id='word_1_436' title='bbox 1184 4221 1237 4260; x_wconf 88' lang='lat' dir='ltr'>om.</span> <span class='ocrx_word' id='word_1_437' title='bbox 1254 4198 1305 4283; x_wconf 76' lang='grc' dir='ltr'>ΑΗ</span> <span class='ocrx_word' id='word_1_438' title='bbox 1322 4201 1367 4260; x_wconf 89' lang='lat' dir='ltr'>di-</span> 
     </span>
     <span class='ocr_line' id='line_1_48' title="bbox 230 4279 1367 4369; baseline 0.004 -29"><span class='ocrx_word' id='word_1_439' title='bbox 230 4283 310 4360; x_wconf 83' lang='lat' dir='ltr'>gitus</span> <span class='ocrx_word' id='word_1_440' title='bbox 329 4285 427 4340; x_wconf 84' lang='lat' dir='ltr'>addidi</span> <span class='ocrx_word' id='word_1_441' title='bbox 439 4279 452 4365; x_wconf 76' lang='lat' dir='ltr'>ll</span> <span class='ocrx_word' id='word_1_442' title='bbox 468 4293 485 4346; x_wconf 83' lang='grc'>6</span> <span class='ocrx_word' id='word_1_443' title='bbox 503 4284 617 4342; x_wconf 87' lang='lat' dir='ltr'>teriuus</span> <span class='ocrx_word' id='word_1_444' title='bbox 636 4288 664 4343; x_wconf 87' lang='lat' dir='ltr'><em>B</em></span> <span class='ocrx_word' id='word_1_445' title='bbox 678 4280 722 4368; x_wconf 74' lang='lat' dir='ltr'>lli</span> <span class='ocrx_word' id='word_1_446' title='bbox 739 4285 938 4345; x_wconf 88' lang='lat' dir='ltr'>hisemerinus</span> <span class='ocrx_word' id='word_1_447' title='bbox 955 4291 1007 4344; x_wconf 80' lang='lat' dir='ltr'>AB</span> <span class='ocrx_word' id='word_1_448' title='bbox 1022 4283 1035 4369; x_wconf 72' lang='lat' dir='ltr'>ll</span> <span class='ocrx_word' id='word_1_449' title='bbox 1051 4289 1240 4347; x_wconf 81' lang='lat' dir='ltr'>exemerimus</span> <span class='ocrx_word' id='word_1_450' title='bbox 1259 4293 1284 4346; x_wconf 81' lang='lat' dir='ltr'><em>A</em></span> <span class='ocrx_word' id='word_1_451' title='bbox 1304 4288 1367 4346; x_wconf 87' lang='lat' dir='ltr'>exi-</span> 
     </span>
    </p>
   </div>
   <div class='ocr_carea' id='block_1_9' title="bbox 228 4363 1367 4532">
    <p class='ocr_par' dir='ltr' id='par_1_14' title="bbox 228 4363 1367 4532">
     <span class='ocr_line' id='line_1_49' title="bbox 230 4363 1367 4458; baseline 0.004 -32"><span class='ocrx_word' id='word_1_452' title='bbox 230 4367 362 4426; x_wconf 83' lang='lat' dir='ltr'>merinus</span> <span class='ocrx_word' id='word_1_453' title='bbox 371 4369 398 4424; x_wconf 90' lang='lat' dir='ltr'><em>B</em></span> <span class='ocrx_word' id='word_1_454' title='bbox 412 4363 457 4450; x_wconf 78' lang='grc'>118</span> <span class='ocrx_word' id='word_1_455' title='bbox 471 4367 624 4448; x_wconf 88' lang='lat' dir='ltr'>minimus]</span> <span class='ocrx_word' id='word_1_456' title='bbox 639 4373 761 4450; x_wconf 86' lang='lat' dir='ltr'>quintus</span> <span class='ocrx_word' id='word_1_457' title='bbox 774 4375 855 4446; x_wconf 76' lang='lat' dir='ltr'>vrrlyo</span> <span class='ocrx_word' id='word_1_458' title='bbox 865 4383 967 4430; x_wconf 74' lang='lat' dir='ltr'>caretro</span> <span class='ocrx_word' id='word_1_459' title='bbox 977 4375 1063 4432; x_wconf 80' lang='lat' dir='ltr'>libros</span> <span class='ocrx_word' id='word_1_460' title='bbox 1078 4369 1093 4458; x_wconf 73' lang='lat' dir='ltr'>[l</span> <span class='ocrx_word' id='word_1_461' title='bbox 1107 4375 1272 4433; x_wconf 87' lang='lat' dir='ltr'>antarticus</span> <span class='ocrx_word' id='word_1_462' title='bbox 1286 4376 1339 4432; x_wconf 81' lang='grc' dir='ltr'>ΑΒ</span> <span class='ocrx_word' id='word_1_463' title='bbox 1352 4371 1367 4456; x_wconf 82' lang='grc' dir='ltr'>ΙΙ</span> 
     </span>
     <span class='ocr_line' id='line_1_50' title="bbox 228 4453 544 4532; baseline -0.016 -16"><span class='ocrx_word' id='word_1_464' title='bbox 228 4453 502 4532; x_wconf 83' lang='lat' dir='ltr'>9septentrionalis</span> <span class='ocrx_word' id='word_1_465' title='bbox 519 4459 544 4511; x_wconf 85' lang='lat' dir='ltr'><em>A</em></span> 
     </span>
    </p>
   </div>
   <div class='ocr_carea' id='block_1_10' title="bbox 0 0 1540 5064">
    <p class='ocr_par' dir='ltr' id='par_1_15' title="bbox 0 0 1540 5064">
     <span class='ocr_line' id='line_1_51' title="bbox 0 0 1540 5064; baseline 0 1"><span class='ocrx_word' id='word_1_466' title='bbox 0 0 1540 5064; x_wconf 95' lang='lat' dir='ltr'> </span> 
     </span>
    </p>
   </div>
  </div>
 </body>
</html>
