3078 5072
157 861 233 936 30*

155 1067 230 1142 31*

621 388 663 427 Dr:
684 385 770 426 VIRIS
795 383 1007 426 INLVS'I'RIBVS

371 544 403 598 et
425 533 534 598 omnia
555 545 632 596 ωηο
654 532 702 596 ira
725 532 746 610 †
768 539 847 594 ωηο
868 529 1016 594 desolute
1067 530 1072 540 '

448 635 593 711 lomois
614 653 700 698 noue
722 653 824 717 regna
850 632 870 710 †
895 631 975 698 duas
998 635 1173 719 accipiunt.

766 771 865 832 XXII

334 874 517 959 {Aegyptus
545 871 581 950 fit
608 891 742 936 romana
764 871 932 956 prouIneia
961 877 999 948 (a.
1032 873 1115 954 7240]
1140 891 1235 958 quarn
1258 871 1382 958 primus

246 977 351 1040 tenuit
372 991 401 1038 c.
426 991 620 1039 corruemvs
647 987 799 1052 eurtum,
823 971 863 1036 de
885 993 947 1058 quo
977 973 1141 1056 Vergilius
1163 973 1286 1038 scribit.

329 1075 500 1141 Cornelius
536 1075 652 1140 Gallus
687 1073 920 1138 Foroiuliensis
955 1085 1064 1160 pocta,
1096 1097 1116 1138 a
1146 1097 1209 1161 quo
1243 1075 1404 1162 primnms

245 1161 432 1266 Aegyptum
462 1187 582 1243 rectem
605 1197 703 1264 supra
730 1175 889 1258 diximus,
913 1173 1030 1240 XLIII
1058 1165 1173 1241 aetatis
1197 1197 1274 1240 suae
1296 1197 1383 1244 anno

243 1271 378 1370 ¹propriu
401 1303 435 1346 se
458 1301 558 1344 manu
579 1278 743 1342 interfecit
767 1283 804 1354 (o.
831 1287 886 1340 727
903 1291 953 1340 nect
973 1286 1052 1355 72t).

244 1488 368 1553 Vergilio
392 1489 478 1536 erant.
521 1485 622 1535 Sensus
646 1489 700 1534 est:
736 1484 781 1534 hie
800 1485 845 1549 qui
869 1485 985 1534 Bauium
1003 1485 1150 1550 pessimum
1168 1489 1278 1550 poetam
1297 1491 1382 1544 emat,

245 1559 329 1606 etiam
352 1556 490 1605 Alsequm
514 1555 635 1619 peiorem
659 1559 689 1602 ut
707 1552 815 1618 duplum
839 1553 943 1603 lrabeat
977 1553 1088 1603 malum.
1113 1554 1204 1603 clrron.
1230 1553 1311 1603 dicit:
1336 1556 1384 1615 (sic

245 1641 306 1674 cnm
325 1623 393 1673 dicit
410 1629 528 1679 corruet,
549 1621 730 1684 Hieronymus
748 1621 816 1670 dicit
838 1621 977 1685 Scioppius)
1001 1621 1036 1671 M.
1056 1621 1159 1671 Barrius
1182 1628 1279 1686 poeta,
1303 1636 1383 1685 quem

246 1691 385 1756 Vergilius
404 1691 432 1740 in
451 1689 587 1739 burrrlicis
605 1694 697 1749 notat,
717 1690 745 1737 in
764 1688 942 1753 Cappadocia
960 1687 1092 1738 moritur.'
1116 1689 1212 1738 ultima
1232 1707 1265 1738 ex
1283 1690 1382 1740 Hiero-

246 1777 325 1824 nymo
348 1758 488 1822 descripta
511 1763 582 1806 strat.
607 1759 719 1806 Servius
743 1755 794 1806 ecl.
819 1756 861 1806 111
884 1755 931 1806 tte:
956 1758 1145 1818 uuiltoniam
1164 1773 1217 1806 ηοη
1237 1755 1302 1822 odit]
1325 1759 1383 1822 ‘pro

246 1843 335 1893 poena
354 1827 379 1874 ei
399 1825 557 1890 contingat,
577 1829 607 1873 nt
625 1825 725 1888 diligat
741 1825 878 1873 Maeuium
897 1826 1019 1890 peiorem
1036 1831 1154 1890 poetam.
1175 1841 1237 1874 nem
1256 1825 1383 1875 eruentus

200 1917 205 1934 ·
246 1895 397 1950 etdlauins
415 1893 528 1958 pessimi
548 1893 657 1941 suerunt
675 1896 786 1956 poetae,
808 1893 914 1942 inimici
933 1898 989 1941 tam
1008 1891 1125 1942 Horatio
1150 1907 1229 1957 quam
1247 1893 1381 1956 Vergilio.

245 1963 316 2014 nude
330 1961 475 2011 Horatius:
506 1959 582 2010 Mala
594 1960 685 2010 solnta
703 1961 782 2008 nauis
796 1961 852 2008 exit
872 1960 939 2010 alite
955 1958 959 2025 Ι
976 1961 1068 2010 ferens
1087 1960 1204 2010 olentem
1218 1959 1382 2010 Maeuium.’

329 2027 382 2084 30*
400 2029 582 2092 Hieronymus
602 2027 643 2076 01.
661 2025 720 2084 187,
740 2026 764 2076 3.
793 2025 821 2080 31
833 2029 848 2060 *
867 2028 1049 2091 Hieronymus
1063 2028 1106 2076 Ol.
1123 2026 1183 2090 188,
1197 2029 1221 2077 2.
1236 2028 1383 2078 Suetonius

245 2100 312 2162 Aug.
336 2096 382 2148 ut:
402 2099 503 2161 ‘neque
522 2098 593 2146 euim
617 2101 719 2146 temere
738 2097 861 2146 exomni
880 2111 991 2145 numero
1010 2097 1038 2144 in
1057 2096 1182 2146 amicitis
1201 2097 1260 2146 elus
1283 2096 1383 2146 affluet

245 2166 418 2231 reperientur
441 2170 552 2229 praeter
576 2163 762 2214 Saluidienum
787 2165 885 2213 ltufnm
909 2179 988 2228 quem
1006 2165 1041 2214 sd
1059 2165 1231 2214 consulatum
1249 2179 1335 2228 usque
1355 2169 1384 2216 et

245 2235 401 2285 I'ornelium
420 2232 529 2283 Gallum
548 2231 686 2298 quemad
707 2231 911 2296 praefecturam
935 2233 1054 2298 Aegypti
1073 2249 1105 2280 ex
1123 2231 1217 2282 infisus
1239 2237 1383 2297 utrumque

246 2303 355 2354 fortuna
373 2306 545 2366 prouexerat.
570 2314 681 2364 quorum
704 2299 819 2350 sltemm
843 2316 887 2350 res
910 2315 995 2350 nouus
1019 2300 1176 2350 molientem
1199 2300 1384 2350 damnandum

245 2372 355 2421 senatui
373 2370 500 2430 tradidit,
520 2368 602 2418 elteri
620 2368 654 2416 ob
673 2367 810 2432 ingratum
829 2373 856 2418 et
874 2366 1031 2417 maliuolum
1046 2369 1164 2417 animum
1178 2369 1257 2418 domo
1276 2373 1304 2418 et
1321 2385 1382 2434 pro·

245 2439 346 2488 uinciis
370 2439 426 2487 suis
450 2437 600 2486 interdixit.
638 2435 686 2485 sed
705 2435 784 2485 Gallo
807 2452 912 2500 quoque
937 2443 964 2485 et
988 2445 1178 2486 accusatorum
1197 2435 1384 2486 slerrnntintio·

245 2507 324 2558 nibus
344 2512 371 2556 et
390 2511 502 2556 senatus
521 2503 653 2556 consultis
672 2503 705 2554 ad
718 2519 814 2554 necem
834 2503 963 2569 conpulso
982 2504 1107 2553 laudauit
1123 2503 1230 2568 quidem
1249 2505 1383 2568 pietatem

244 2579 390 2640 tantopere
408 2589 456 2639 pro
475 2589 504 2622 se
524 2572 738 2636 indignantium,
763 2579 883 2621 ceterum
902 2577 930 2621 ct
948 2572 1134 2622 iulacrimenit
1152 2577 1179 2622 et
1199 2572 1288 2622 ulcem
1305 2587 1383 2622 suam

245 2649 409 2707 conquestus
428 2648 485 2702 est,
504 2641 574 2703 quod
593 2641 646 2688 sisi
659 2639 710 2688 soli
728 2655 782 2688 uon
795 2639 893 2688 lieerot
911 2640 1008 2688 amicis
1027 2645 1162 2704 quatenus
1175 2639 1259 2690 uellet
1277 2639 1382 2690 irasci!

246 2711 281 2759 ef.
302 2709 415 2760 Cassius
437 2709 502 2757 Dio·
514 2707 580 2756 LIII
598 2705 631 2756 23
649 2707 694 2772 qui
713 2723 736 2756 a.
756 2706 806 2754 728
823 2707 924 2756 obiisse
944 2707 1050 2756 (sallom
1070 2713 1201 2768 testetur,
1224 2708 1384 2758 Anuninnus

245 2776 369 2832 llarcell.
392 2776 504 2824 xvlrt
526 2774 542 2822 5
561 2775 707 2839 EutropIus
728 2774 779 2824 Vll
805 2775 827 2823 7.
855 2776 966 2824 Servius
985 2775 1035 2824 cul.
1055 2777 1080 2824 X
1101 2775 1111 2824 I
1133 2773 1237 2840 Gallus]
1263 2775 1321 2824 ‘lrie
1341 2781 1384 2824 ost

246 2845 332 2893 (laius
351 2840 481 2908 [Asinius]
502 2841 597 2892 Gallus
621 2839 722 2906 [erutor
744 2843 833 2892 Asinii
856 2843 989 2892 Pollionis
1012 2841 1108 2908 lilius]‚
1132 2845 1177 2908 qui
1201 2849 1264 2892 ante
1289 2859 1384 2894 omnes

245 2913 348 2978 primus
370 2911 490 2976 Aegypti
513 2910 672 2976 praefectus
691 2911 756 2968 suit,
782 2912 895 2960 eximius
918 2917 1013 2976 poeta:
1044 2927 1107 2962 uam
1131 2917 1159 2961 et
1182 2911 1383 2976 Euphorionem

246 3005 276 3014 -
296 2983 326 3028 ut
344 2995 426 3044 supra
444 2979 560 3026 diximus
579 3003 609 3012 -
628 2978 769 3027 transtulit
786 2979 815 3028 in
838 2977 952 3028 latinum
971 2995 1122 3030 sermonem
1142 2985 1170 3028 et
1188 2995 1307 3028 amorum
1322 2995 1383 3028 suo-

245 3061 302 3096 rum
321 3045 354 3096 de
374 3045 521 3108 Cytheride
533 3043 617 3094 libros
634 3046 746 3110 scripsit
764 3051 898 3113 quattuor.
929 3047 973 3097 tue
987 3049 1102 3112 primum
1115 3049 1143 3096 in
1156 3047 1254 3096 amicis
1266 3044 1384 3112 Augusti

246 3115 375 3164 Caesaris
390 3115 454 3163 suit:
474 3119 571 3178 postea
585 3129 643 3162 cnm
659 3114 781 3163 irruisset
794 3115 822 3164 in
835 3115 1032 3179 suspicionem,
1053 3114 1122 3180 quod
1137 3123 1232 3164 contre
1246 3129 1305 3164 cum
1319 3130 1383 3164 con-

245 3182 362 3239 iurarct,
388 3181 496 3231 occisus
515 3187 564 3230 est.
593 3181 645 3230 suit
664 3186 755 3232 nutem
775 3183 878 3232 amicus
896 3183 1011 3245 Vergilii
1031 3183 1100 3232 udco
1120 3191 1148 3231 ut
1168 3189 1280 3248 qrrartus
1298 3181 1382 3232 Geor·

244 3251 367 3314 gicorum
381 3266 397 3298 a
410 3249 499 3299 medio
517 3264 599 3314 usque
614 3249 648 3298 nd
666 3249 746 3300 tinem
760 3245 821 3300 eius
832 3250 927 3300 laudes
941 3255 1060 3311 teneret,
1080 3266 1147 3314 quas
1160 3257 1257 3315 postes
1271 3249 1383 3299 iubente

244 3319 368 3382 Augusto
386 3319 414 3367 iu
433 3318 554 3366 Aristaei
571 3316 693 3366 sabulum
707 3319 893 3368 commutauit.
924 3317 968 3367 hic
989 3323 1078 3368 autem
1093 3317 1188 3367 Gallus
1207 3319 1311 3368 arnuuit
1328 3335 1382 3368 me·

245 3385 372 3436 retricem
391 3385 518 3436 libertam
535 3384 685 3446 voluminis,
704 3402 772 3450 quac
786 3402 818 3436 eo
835 3391 927 3449 spreto
946 3391 1055 3436 euntem
1067 3385 1213 3436 Antonium
1228 3385 1261 3434 ad
1276 3385 1383 3436 Gallias

246 3459 289 3503 est
311 3457 422 3503 scente:
445 3459 556 3518 proptor
579 3453 648 3520 quod
671 3455 791 3504 dolorem
816 3452 890 3504 Galli
908 3469 981 3504 nunc
999 3453 1108 3504 uidetur
1126 3452 1263 3503 consolnri
1287 3453 1371 3518 Vergi

245 3520 318 3570 lius.‘
339 3537 362 3571 ο.
383 3537 407 3586 q.
426 3536 448 3570 s.
468 3522 504 3571 cl.
523 3521 599 3572 Serv.
619 3539 712 3600 georg.
731 3523 769 3572 IV
790 3521 801 3570 I
822 3522 872 3573 eel.
893 3521 988 3571 V172.

267 3737 269 3742 “
332 3737 345 3788 l
364 3727 464 3786 omnis
479 3735 550 3786 tune
565 3727 643 3786 iree:
664 3736 734 3786 tune
748 3725 1101 3798 dissoluuntur-amores,
1122 3725 1126 3800 Ι
1147 3733 1176 3784 et
1190 3743 1271 3783 noua
1289 3745 1385 3802 regua

247 3811 322 3871 duos
336 3813 489 3891 accipiunt
500 3811 636 3870 dominos
652 3815 805 3870 Dubnerus
820 3811 928 3870 ardent
939 3821 1010 3870 tunc
1023 3812 1083 3869 ira:
1100 3820 1190 3890 atque
1208 3810 1383 3868 animocou-

247 3895 338 3956 corde
354 3895 452 3956 soluto
473 3895 478 3972 Ι
498 3897 650 3975 accipiunt
663 3897 799 3956 dominos
816 3906 887 3956 tunc
903 3895 961 3954 duo
980 3915 1074 3971 regnu
1090 3913 1160 3954 suos
1176 3897 1215 3952 M.
1237 3897 1385 3952 Fredcrus

247 3978 445 4060 [irascuntur]
463 3990 492 4040 et
510 3981 609 4040 omnin
621 3991 692 4040 tuno
710 3983 754 4040 ire
767 3982 916 4052 resolute,
938 3977 942 4061 l
963 3981 1062 4038 omnia
1077 3989 1176 4038 mente
1192 3999 1272 4038 nouo
1289 3999 1385 4057 regne

246 4065 305 4124 dtro
318 4067 471 4145 accipiunt
484 4069 645 4140 Souppius:
658 4076 688 4126 et
698 4067 868 4124 eommunia
877 4075 947 4124 tnnc
959 4067 1004 4124 ira
1015 4075 1154 4142 turgente
1168 4063 1269 4122 soluta
1282 4060 1286 4141 l
1300 4073 1383 4139 suut;

247 4149 358 4208 domini
373 4170 453 4210 nous
466 4153 526 4210 iam
541 4171 636 4228 regua
651 4151 711 4210 duo
730 4151 882 4230 accipiunt
902 4151 1072 4208 ursmarus
1089 4159 1120 4209 et
1135 4150 1234 4207 omnia
1249 4159 1321 4208 tnnc
1340 4149 1386 4208 irs

246 4244 318 4294 tunc
345 4235 484 4294 desoluto
509 4237 609 4294 omnis
634 4255 715 4294 noua
736 4256 831 4313 regna
860 4236 935 4295 duas
956 4236 1110 4314 accipiunt
1131 4239 1192 4292 cod.
1218 4236 1312 4292 Poris.
1335 4229 1386 4315 113

245 4319 407 4398 Aegyptus
419 4353 461 4362 -
495 4321 630 4380 rouineis
645 4330 676 4379 ut
690 4325 855 4378 Eusebiouu
875 4325 980 4379 seclusi
994 4316 1006 4400 ll
1022 4329 1038 4380 t
1054 4319 1087 4378 (l.
1110 4335 1163 4378 em.
1184 4319 1258 4377 Seul.
1281 4312 1295 4400 ll
1316 4319 1384 4378 Vir·

244 4402 333 4482 gilius
352 4406 452 4481 (Soet.)
469 4341 513 4487 lli>
534 4405 637 4465 Sellus
652 4409 679 4463 P
696 4400 709 4486 ll
725 4413 742 4468 6
761 4405 993 4483 quadragesimo
1011 4406 1087 4463 Scal.
