3138 5100
499 397 527 438 s.
543 395 722 438 arsenarum
738 395 978 438 consecramus
1248 377 1310 440 tao

169 548 216 628 les
231 548 264 608 in
280 555 387 608 vetere
403 547 545 607 Parisino
568 555 705 621 exstant,
730 567 768 607 cx
789 547 920 608 adverso
943 548 1047 627 posui,
1065 547 1153 607 simul
1174 546 1311 608 subiecta

171 649 341 729 scripturae
357 650 567 729 discrepantia
582 649 768 708 notabiliore
784 650 974 710 noviciorum
990 648 1142 709 librorum.

433 788 465 847 p.
481 775 517 830 28
976 787 1007 847 p·
1023 775 1058 832 33

222 871 311 928 nichil
324 871 356 927 P.
375 874 466 944 scipio
480 875 507 927 ci
519 871 633 944 profuit
644 873 716 928 nihil
803 873 892 944 scipio
906 873 994 928 nichil
1005 870 1122 943 profuit
1135 871 1223 928 aiclsil

222 975 265 1029 illi
277 975 359 1030 lelius
373 975 445 1030 nihil
457 976 629 1032 simiaistros
639 989 697 1046 per
804 977 904 1031 Icilius.
932 973 1033 1046 siccitas
1048 981 1107 1029 trec
1121 989 1177 1044 pcr

222 1077 294 1132 idem
310 1083 420 1148 tempas
438 1079 489 1150 qui
506 1078 652 1150 opitabaal
748 1087 766 1141 3
804 1078 877 1132 idem
897 1083 1007 1148 tempas
1025 1078 1076 1148 qui
1092 1078 1239 1149 apiloiaat

224 1179 329 1234 arabiles
340 1179 489 1252 facillime.
511 1195 608 1235 eoram
624 1179 671 1235 illc
806 1179 912 1236 nobiles
923 1178 1072 1250 facillime.
1092 1194 1188 1234 coram
1207 1180 1252 1235 illc

224 1295 313 1352 opera
328 1297 364 1338 ac
378 1283 490 1338 domam
505 1283 618 1354 quidem
805 1297 895 1352 opera
911 1295 947 1335 ne
962 1281 1073 1336 domam
1089 1283 1201 1354 quidem

222 1384 250 1438 ci
262 1384 340 1440 abuit
357 1386 568 1440 condacciciam
582 1385 682 1438 s'allcm
748 1391 765 1446 6
807 1384 905 1439 acciat
926 1385 1132 1438 coatlucliriam
1148 1385 1246 1440 sallem

224 1472 342 1540 adesset
359 1503 414 1557 quo
431 1485 559 1558 referret
574 1487 677 1541 obitam
806 1491 837 1540 al
852 1490 926 1540 essct
943 1503 998 1556 quo
1015 1484 1143 1557 referret
1157 1488 1260 1542 obitam

223 1588 330 1643 domiai
344 1589 468 1644 scraalo.
808 1571 914 1642 sicinini
927 1591 1070 1644 seruulus.

165 1698 170 1707 ’
227 1717 284 1768 lP.
298 1717 344 1769 voi
357 1737 385 1784 p.
404 1718 448 1770 vcl
467 1719 569 1769 Publius
587 1719 678 1785 (aeg.)
809 1719 822 1768 l
851 1722 932 1783 scipio
962 1715 1048 1786 nictit]
1079 1721 1141 1770 niti!
1164 1721 1263 1786 publius

225 1802 270 1852 vel
299 1803 387 1854 Publio
416 1803 503 1868 (vro.)
530 1805 575 1854 vel
604 1806 628 1854 ci
651 1823 680 1870 p.
807 1807 887 1869 eripio
906 1807 941 1853 all
960 1805 1025 1870 Reg.
1121 1805 1155 1853 ·2
1173 1807 1262 1855 ledias.

161 1943 165 1948 ,
227 1887 335 1953 (Neap.)
419 1890 500 1954 scipio
510 1890 609 1954 prosilit
620 1891 680 1939 sinc
804 1887 901 1955 fumus]
915 1891 1262 1955 eileliacnililllitrias(aine
1298 1919 1301 1926 .

226 1975 252 2023 ei
352 1971 433 2040 tiles]
458 1977 484 2024 ci
587 1977 680 2025 mmini-
807 1976 832 2024 ei
848 1975 911 2024 Par.
932 1975 988 2036 alt,
1008 1975 1086 2040 Reg.)

225 2055 306 2125 atros]
328 2059 414 2123 sarias
437 2065 491 2110 tres
626 2059 683 2110 [lsi

228 2141 308 2210 abuit]
329 2144 414 2194 halaa
532 2142 549 2192 8
565 2147 679 2194 scraalas

177 2283 220 2342 Et
239 2283 357 2342 initium
379 2281 503 2362 quidem
524 2280 631 2340 horum
652 2301 793 2340 versuum
814 2281 907 2360 longo
937 2301 976 2340 ex
1001 2291 1138 2360 tempore
1164 2285 1226 2344 tale
1248 2285 1313 2344 vul·

178 2393 266 2462 gatar
290 2385 358 2444 loco
384 2383 501 2462 priore:
540 2386 582 2441 aii
602 2385 720 2442 Psiblius
746 2377 759 2465 ΙΙ
788 2383 884 2456 Scipio
907 2385 1038 2458 profuit,
1068 2387 1111 2440 nil
1138 2390 1166 2442 ei
1188 2389 1312 2456 Loe'liue,

177 2491 219 2544 nil
238 2489 362 2544 Sirius:
386 2505 404 2542 a
420 2504 481 2564 qna
496 2485 600 2564 specie
621 2486 664 2543 ita
678 2493 796 2544 tantum
811 2485 996 2544 Rothianum
1019 2486 1190 2564 exemplum
1212 2487 1314 2546 differt

177 2597 211 2648 ut
226 2593 267 2648 illi
286 2607 341 2668 pro
357 2591 385 2645 ci
401 2585 591 2646 substituerit
607 2586 684 2646 duce
699 2588 859 2658 Parisino,
881 2587 913 2646 id
935 2587 1015 2666 quod
1040 2588 1100 2646 iam
1122 2585 1313 2648 commenda-

178 2699 266 2750 verat
281 2690 430 2772 Guyetns.
475 2689 561 2748 Talis
582 2697 684 2748 tamen
701 2689 885 2748 constructio
901 2709 963 2746 noa
980 2691 1078 2748 minus
1094 2689 1132 2748 ab
1147 2711 1202 2750 asu
1225 2711 1314 2770 quam

179 2792 217 2852 ab
247 2793 403 2870 elegantia
428 2791 604 2850 reiectanea
631 2799 693 2850 est:
726 2811 784 2868 nec
807 2791 888 2848 enim
906 2791 972 2848 fiori
995 2800 1097 2869 potest
1121 2800 1154 2852 ut
1182 2792 1314 2852 otribns

179 2893 320 2954 membris
336 2893 483 2952 orationis
500 2893 606 2972 eisquc
623 2891 758 2952 eiusdem
779 2895 820 2950 nil
835 2893 918 2952 vocis
935 2894 1093 2972 anaphora
1114 2893 1315 2973 aequabiliter

179 2996 316 3054 formatis
332 2994 452 3054 dativus
468 2994 564 3054 solum
579 2993 713 3056 medium
728 3003 874 3074 occupet,
901 2995 953 3073 qui
975 3007 1026 3054 aut
1047 2996 1103 3054 soli
1124 2997 1222 3074 primo
1243 3017 1314 3055 con·

178 3097 311 3156 veniens
328 3105 393 3156 erat
408 3097 466 3156 hoc
480 3105 586 3176 pacto:
602 3100 644 3155 ail
661 3101 689 3154 ci
704 3095 768 3174 (vel
788 3095 842 3174 illi)
871 3099 967 3170 Scipio
984 3099 1112 3171 profuit,
1136 3102 1178 3154 ail
1191 3101 1313 3166 Laelius,

147 3187 157 3200 ⁸
180 3202 220 3256 nil
238 3201 362 3269 Furius,
383 3207 435 3257 aut
458 3207 488 3256 et
510 3198 607 3277 primo
629 3207 659 3255 et
680 3197 826 3256 secundo.
872 3199 941 3276 Quo
957 3207 1059 3257 tamon
1081 3219 1143 3256 non
1171 3200 1215 3258 ita
1229 3207 1314 3258 utare

179 3309 213 3360 ut
233 3300 323 3360 simul
345 3309 375 3358 et
396 3304 422 3358 ci
448 3307 478 3357 et
502 3303 544 3356 illi
563 3300 745 3376 pronomine
767 3309 909 3380 suscepto
935 3321 951 3358 e
974 3301 1115 3358 Parisino
1138 3301 1195 3358 hoc
1218 3321 1314 3376 genus

180 3402 308 3480 probes:
329 3407 370 3460 nil
383 3405 502 3459 Pridlias
522 3395 535 3479 {i
557 3401 652 3474 Scipio
672 3405 700 3458 ci
713 3403 844 3475 profuit,
866 3405 908 3458 nil
928 3405 969 3458 illi
983 3401 1113 3471 Lollius,
1134 3406 1175 3458 ail
1190 3405 1314 3460 Sirius:

181 3503 305 3584 quando
321 3504 467 3564 absonum
484 3512 530 3562 ost
546 3501 674 3562 diversis
690 3503 920 3582 pronominibus
937 3502 1068 3562 candem
1083 3523 1246 3581 personam
1263 3503 1315 3562 dc·

181 3606 300 3666 ciaruri.
345 3607 403 3664 His
420 3614 520 3664 antem
535 3603 734 3664 incommodis
751 3606 802 3684 qui
825 3625 881 3664 nos
898 3604 1111 3684 expediamus,
1135 3605 1184 3662 via
1208 3615 1315 3684 parata

182 3717 228 3768 est
247 3709 423 3798 certissima.
468 3706 544 3784 Quis
568 3707 664 3780 enim,
693 3708 745 3786 qui
767 3707 901 3787 aliquem
924 3727 1046 3766 sensum
1068 3708 1241 3783 elegantiae
1261 3707 1314 3766 ha-

180 3809 266 3884 beat,
294 3811 449 3890 patienter
472 3809 550 3868 ferat
579 3807 705 3869 duorum
725 3829 866 3868 versuum
889 3810 1027 3868 confiniis
1055 3809 1175 3867 divolsa
1195 3811 1316 3868 Publius
1419 3889 1422 3896 Δ

182 3913 277 3985 Scipio
298 3911 446 3972 nomina?
467 3911 509 3970 Et
522 3920 556 3970 ut
571 3911 650 3969 ultra
665 3911 847 3989 progrediar
861 3910 1089 3983 ratiocinando,
1107 3912 1173 3990 quis
1190 3912 1314 3970 omnino

182 4012 318 4073 additum
334 4015 452 4072 Publius
470 4031 658 4091 praenomen
675 4011 799 4091 probet,
822 4033 888 4072 cum
909 4013 949 4071 dc
969 4013 1029 4072 alio
1051 4012 1111 4070 nisi
1126 4012 1235 4072 Publio
1252 4012 1315 4070 Sci-

182 4115 275 4194 pione
291 4115 416 4176 omnino
432 4114 558 4192 cogitari
574 4114 734 4194 nequeat?
763 4115 833 4174 Vno
849 4113 944 4172 verbo
962 4113 1035 4192 quid
1051 4115 1095 4173 rei
1109 4115 1148 4174 sit
1163 4115 1314 4194 aperiam:

181 4237 245 4276 non
262 4225 309 4277 est
322 4219 356 4276 P.
377 4218 429 4276 vel
445 4226 568 4290 puoto
583 4217 702 4275 Publius
724 4215 970 4295 interpretanda,
992 4213 1047 4274 sed
1063 4218 1177 4283 Public,
1198 4217 1255 4276 sic:
1276 4221 1318 4276 nil

181 4321 282 4378 Publio
302 4313 316 4400 ΙΙ
338 4321 432 4392 Scipio
445 4319 571 4392 profuit,
589 4321 631 4376 nil
644 4322 688 4376 illi
699 4321 828 4384 Laelius,
846 4321 886 4374 nil
897 4321 1018 4381 Satrius,
1041 4317 1070 4376 h.
1088 4339 1114 4378 e.
1130 4316 1238 4376 Publio
1255 4319 1314 4377 Te-

182 4421 292 4480 rentio.
343 4419 435 4498 Quod
462 4419 585 4499 quidem
615 4418 736 4498 pridem
761 4415 994 4500 perspexeram,
1025 4439 1090 4480 cum
1116 4421 1214 4498 ipsum
1239 4419 1314 4480 illud
