3162 5058
1244 276 1275 332 J
1377 344 1383 356 ι

574 433 578 444 '
685 463 789 505 caevr
813 464 824 503 1
1259 447 1316 508 371

181 624 241 674 tem
254 613 382 672 accedat
401 621 560 692 conparet:
586 635 647 694 qua
661 633 694 672 rc
710 633 747 672 ex
765 615 850 674 Keili
866 613 1080 674 observatione
1095 615 1193 693 praef.
1214 636 1244 694 p.
1260 616 1320 675 LII

182 716 260 775 satis
270 715 431 794 probatur,
447 723 541 774 totam
560 698 843 774 commentationem
863 735 901 775 en
919 713 1065 776 Suetonio
1083 718 1223 778 haustam
1241 737 1319 779 esse.

182 817 292 878 deinde
305 817 385 897 quod
395 816 510 876 satirici
521 825 632 895 poetae
648 825 709 876 tres
722 817 858 876 Lucilius
870 818 1017 879 Horatius
1029 819 1154 878 Persius
1165 820 1320 878 nominen-

181 927 241 990 tur,
269 919 415 978 omittitur
435 919 610 990 luvenalis,
645 937 680 976 eo
706 925 811 976 auctor
831 918 998 996 iudicatur,
1020 920 1072 1000 qui
1092 928 1162 999 post
1182 922 1321 980 Persium

179 1019 301 1101 quidem
319 1021 394 1079 vixit
412 1019 466 1080 sed
480 1029 532 1080 sut
548 1019 705 1080 Iuvenalis
723 1029 854 1079 aetatem
871 1041 930 1080 uon
947 1023 1048 1099 attigit
1061 1031 1114 1082 aut
1131 1023 1195 1082 eius
1207 1042 1319 1103 aequa-

179 1120 216 1180 lis
241 1121 306 1180 init.
344 1141 402 1202 quo
428 1121 554 1196 indicio,
577 1129 610 1180 ut
631 1122 729 1183 dicam
749 1121 832 1202 quod
848 1123 963 1194 sentio,
982 1131 1082 1202 potest
1095 1123 1161 1182 lieri
1175 1133 1208 1181 ut
1222 1124 1320 1182 Tran-

179 1221 291 1302 quillus
308 1222 500 1300 indigitetur,
525 1224 581 1284 sed
600 1223 706 1284 eodem
723 1225 824 1303 possis
843 1234 894 1283 tuo
914 1225 978 1284 iure
1000 1227 1057 1300 uti,
1074 1236 1107 1285 ut
1122 1225 1200 1284 haec
1220 1227 1320 1284 omnia

179 1343 198 1382 a
212 1323 363 1384 Diomede
391 1343 428 1384 en
451 1325 580 1385 diversis
605 1327 647 1386 M.
664 1326 770 1386 Valeri
790 1325 883 1386 Probi
907 1325 1151 1407 hypomnematis
1175 1337 1320 1406 excerpta

179 1445 247 1485 esse
263 1426 429 1504 suspicere.
455 1447 555 1508 neque
570 1429 673 1506 inepte
685 1428 753 1507 ipsa
768 1425 941 1487 inordinata
957 1427 1110 1500 conlusio,
1125 1449 1185 1508 qua
1200 1429 1320 1506 singula

177 1538 348 1606 poematum
364 1547 479 1604 genera
498 1538 726 1602 enumerantur,
753 1549 772 1588 a
786 1549 847 1609 qus
862 1547 1047 1608 magnopere
1063 1531 1093 1588 in
1107 1531 1235 1608 singulis
1252 1550 1318 1590 eru·

178 1627 252 1688 ditio
269 1628 376 1702 distat,
396 1628 591 1702 adhibeatur,
612 1651 671 1709 quo
687 1631 764 1690 haec
776 1629 957 1690 Diomedem
971 1651 1032 1688 non
1047 1649 1084 1690 ex
1100 1650 1160 1690 una
1176 1632 1320 1692 continua

179 1728 382 1807 disputatione
398 1732 570 1810 recepisse,
588 1731 642 1792 sed
662 1753 699 1792 ex
718 1731 847 1792 diversis
865 1731 903 1790 de
920 1730 1049 1791 diversis
1061 1733 1210 1810 poematis
1225 1751 1318 1810 gene-

177 1830 259 1890 ribus
285 1833 461 1892 commentis
487 1834 637 1894 conflasse
658 1834 811 1914 probetur.
849 1833 940 1893 Probi
959 1842 1059 1892 autem
1075 1834 1318 1913 hypomnematis

177 1931 331 1992 Persiauis
350 1933 548 2011 probabiliter
562 1938 705 1996 restituas
721 1955 800 2016 quae
818 1933 855 1994 de
872 1943 975 1994 satura
991 1933 1146 2014 disputate
1161 1945 1245 2014 sunt,
1269 1939 1318 1996 cui

177 2033 309 2111 opinioni
330 2034 492 2096 admodum
512 2039 611 2112 favet,
637 2037 718 2118 quod
740 2036 845 2096 eadem
872 2039 936 2096 fere
961 2037 992 2095 in
1009 2035 1094 2096 libris
1109 2039 1197 2096 Persi
1214 2036 1269 2114 (cl.
1286 2059 1316 2118 p.

175 2144 220 2208 lo,
232 2145 250 2198 3
260 2133 377 2212 adnot.)
396 2137 505 2198 Horati
515 2139 672 2199 Iuvenalis
689 2171 727 2180 —
742 2157 781 2196 ne
796 2139 826 2196 in
840 2137 888 2196 his
902 2137 1024 2216 quidem
1036 2137 1192 2197 Iuvenalis
1207 2160 1317 2198 nomeu

176 2245 255 2296 teste
267 2237 375 2296 Iabnio
386 2239 507 2299 additur
518 2274 556 2284 —
570 2249 685 2300 extant.
705 2261 764 2298 nec
775 2241 873 2298 miuus
886 2259 964 2318 quse
980 2237 1017 2296 de
1030 2238 1145 2316 origine
1157 2237 1317 2299 bucolicae

149 2380 152 2386 ·
176 2329 357 2412 traduntur,
372 2361 439 2400 cum
464 2344 507 2402 eis
530 2341 594 2400 iere
616 2343 824 2415 consentiant,
851 2338 1055 2420 quoeeadern
1073 2339 1160 2400 dere
1179 2340 1207 2398 in
1222 2340 1315 2400 Probi

176 2443 401 2501 commentariis
416 2443 456 2502 ad
469 2443 585 2520 Vergili
597 2441 737 2501 bucolica
756 2449 940 2521 supersunt,
956 2440 1084 2500 eundem
1098 2449 1253 2501 auctorem
1269 2444 1313 2502 iu·

175 2541 287 2602 dicant.
324 2553 387 2604 tum
407 2563 486 2624 quae
508 2543 546 2602 de
569 2543 745 2604 comoediae
759 2553 869 2604 natura
888 2552 919 2603 et
934 2543 1050 2620 origine
1066 2543 1239 2602 referuntur
1253 2564 1313 2604 uon

175 2643 334 2704 dissimilia
352 2655 423 2704 sunt
443 2646 487 2704 eis
510 2665 588 2724 quae
614 2647 767 2706 aDonato
782 2646 910 2706 Terenti
926 2644 1091 2723 interprete
1108 2655 1314 2724 exponuntur3

174 2745 254 2805 bunc
280 2755 382 2806 autem
404 2743 495 2806 Probi
517 2747 710 2807 'l‘erentisnis
742 2747 964 2808 commentariis
986 2766 1073 2806 usum
1100 2766 1168 2807 esse
1194 2749 1315 2808 scimus.

174 2846 229 2906 sed
245 2847 403 2926 quominus
418 2847 498 2906 hanc
517 2851 651 2928 speciem
667 2851 807 2910 veritatis
823 2849 952 2910 calidius
969 2848 1202 2928 amplectamur,
1219 2849 1314 2928 impe·

174 2949 309 3009 dimento
326 2948 360 3022 jd
381 2949 479 3028 ipsum
498 2949 641 3030 estquod
659 2953 870 3010 auctoritatem
888 2951 1014 3012 Suetoni
1030 2969 1048 3009 a
1064 2950 1213 3012 Diomede
1228 2951 1314 3011 adlri·

173 3050 239 3111 beri
256 3051 455 3110 meminimus.
492 3049 603 3111 deinde
625 3053 649 3112 ai
666 3053 733 3130 quis
748 3053 917 3112 accuratius
931 3053 963 3110 in
977 3051 1046 3110 illas
1067 3050 1171 3112 turbas
1189 3054 1313 3132 inquisi-

174 3153 271 3225 verit,
288 3151 429 3230 dispiciet
445 3161 560 3236 certum
575 3155 664 3212 unius
680 3153 892 3232 disputationis
909 3153 1084 3224 consilium,
1106 3153 1222 3233 quoda
1239 3155 1314 3214 Dio-

174 3253 262 3313 mede
287 3252 408 3312 demum
427 3273 574 3332 perversa
598 3253 784 3332 excerpendi
802 3256 919 3314 ratione
939 3253 1133 3314 obscuratum
1156 3255 1204 3316 sit.
1233 3275 1313 3336 quse

174 3356 327 3416 sententia
344 3355 454 3433 optime
471 3357 577 3434 opinor
592 3357 660 3434 ipsa
675 3373 766 3433 quam
781 3355 861 3414 infra
877 3357 1030 3415 instituam
1045 3356 1313 3414 reconcinnatione

174 3455 360 3538 probabitur.
399 3458 459 3516 ism
481 3477 554 3517 vero
577 3477 643 3516 curn
661 3453 778 3515 Probus
802 3455 840 3514 de
857 3467 922 3516 arte
936 3458 1056 3536 poetica
1074 3456 1233 3534 scripsisse
1252 3475 1312 3515 non

173 3559 315 3620 videatur
339 3558 395 3618 sed
423 3558 508 3616 initio
530 3558 798 3638 hypomnemutum
822 3578 904 3617 more
930 3557 1116 3618 Graecorum
1140 3555 1177 3615 de
1199 3577 1312 3634 genere

176 3659 255 3740 quod
271 3660 404 3722 excoluit
420 3660 445 3718 is
460 3661 545 3718 euius
560 3662 709 3740 interpres
727 3669 792 3718 erat
807 3659 991 3739 disputaret,
1007 3679 1066 3720 non
1084 3657 1175 3716 facile
1190 3667 1313 3738 praeter

174 3763 352 3821 Suetonium
366 3764 609 3840 grammaticum,
628 3761 680 3842 qui
697 3770 727 3820 et
742 3762 834 3822 Probi
851 3760 946 3840 copiis
963 3781 1036 3820 usus
1052 3761 1091 3819 sit
1107 3779 1164 3819 nec
1181 3758 1312 3819 Iuvena-

175 3864 234 3923 lem
251 3872 352 3925 aetate
371 3865 577 3943 superaverit,
595 3864 744 3924 invenies.

260 3963 378 4043 Quodsi
395 3965 574 4026 Suetonium
595 3965 808 4044 disputationis
829 3973 983 4024 auctorem
1000 3963 1230 4041 agnoverimus,
1250 3981 1310 4022 non

173 4065 285 4145 poterit
309 4068 410 4145 aptius
437 4088 475 4128 ea
501 4068 652 4128 conlocari
672 4087 764 4146 quam
784 4065 814 4124 in
836 4065 1025 4145 praefatione
1047 4063 1116 4124 libri
1141 4063 1179 4122 de
1200 4065 1310 4142 poetis.

174 4170 286 4228 etenim
309 4170 340 4227 in
362 4168 439 4228 libro
465 4169 708 4246 spectaculorum
729 4169 949 4238 Romanorum,
979 4163 1081 4244 quode
1104 4163 1251 4242 cogitarit
1272 4163 1309 4224 Ο.
1353 4171 1357 4179 ’

172 4270 298 4330 Iahnius
320 4271 340 4330 l.
363 4291 406 4342 e.,
435 4289 496 4329 non
522 4270 677 4329 commode
700 4279 819 4348 poterat
843 4287 941 4328 sermo
970 4266 1084 4326 institui
1112 4265 1151 4325 de
1172 4265 1310 4326 omnibus

172 4373 313 4452 poeticae
327 4370 490 4449 generibus
501 4391 559 4430 nec
576 4369 614 4430 de
627 4379 735 4430 natura
747 4372 842 4450 ipsius
857 4369 1018 4428 scaenicae
1033 4367 1135 4446 poesis
1151 4367 1309 4448 disputari.

171 4483 235 4533 tum
253 4484 318 4534 erat
335 4473 385 4534 hic
396 4474 474 4533 liber
487 4493 559 4554 pars
574 4471 708 4533 ludicrae
720 4471 882 4545 historiae,
900 4471 984 4532 cuius
1001 4489 1062 4530 uns
1072 4478 1159 4550 parte
1173 4469 1307 4531 Graeco-

1042 4569 1106 4630 24*
