3138 5100
388 407 393 420 ⁸
483 437 968 504 r.s1rscnanrrcouueuran1vs
1229 419 1291 481 513

156 587 261 668 aliqua
276 588 461 650 confidentia
477 589 664 651 contendens
682 609 790 650 revera
804 598 865 648 tam
880 588 967 650 brevi
981 589 1045 648 vita
1060 588 1154 648 fuisse
1170 598 1292 670 tamque

156 699 273 750 mature
285 691 324 750 ad
336 691 527 753 scribendum
542 712 574 751 se
587 692 800 772 applicavisse,
817 691 872 752 sed
889 691 1040 772 duplicem
1058 692 1196 750 extitisse
1212 689 1292 772 apud

156 793 239 872 ipsos
253 803 375 854 veteres
391 797 564 856 memoriam
581 795 750 868 disserens,
775 814 901 876 quarum
923 796 952 854 in
971 791 1097 854 aiteram
1119 793 1173 853 ille
1188 813 1291 854 nume·

156 915 206 954 rus
222 897 359 976 apprime
374 897 548 978 quadraret.
578 899 614 956 In
632 917 693 979 qua
713 897 919 978 disputatione
935 917 1002 958 cum
1018 916 1075 956 nec
1090 895 1214 975 probem
1231 915 1291 955 om-

156 998 208 1056 nia
226 1007 256 1056 et
272 999 422 1078 quaedam
441 999 627 1072 desiderem,
643 1001 748 1080 paucis
765 999 837 1079 quid
854 999 926 1060 mihi
941 998 1082 1058 videatur
1099 997 1292 1079 complectar.

156 1099 225 1158 Vua
241 1110 342 1160 autern
358 1101 414 1162 luit
433 1113 463 1162 et
474 1123 601 1183 prorsus
620 1103 812 1163 consentiens
829 1123 888 1163 vox
905 1101 1112 1182 antiquitatis,
1136 1101 1292 1162 familiari·

156 1210 203 1260 ter
217 1222 302 1266 usum
317 1204 496 1266 Terentium
512 1205 620 1264 Laelio
636 1215 667 1264 et
683 1204 840 1284 Scipione:
863 1225 958 1285 prope
974 1205 1166 1264 consentiens
1181 1223 1292 1275 memo·

156 1304 218 1377 ria,
247 1303 284 1364 ab
307 1305 420 1365 eisdem
441 1307 575 1367 adiutum
594 1309 625 1366 in
648 1306 823 1366 scribendo:
851 1306 1006 1368 obscurior
1029 1309 1124 1380 lama,
1148 1307 1293 1386 ‘eorporis

157 1407 255 1484 gratia
272 1407 316 1466 eis
331 1408 540 1468 conciliatum'
564 1409 670 1468 fuisse.
706 1411 775 1468 Hoc
795 1409 930 1492 ultimum
950 1409 1120 1488 testabatur
1134 1409 1185 1468 vel
1201 1409 1294 1486 signi·

156 1507 268 1568 ficabat
288 1509 396 1570 saltem
410 1509 552 1570 Porcius:
576 1511 710 1588 negabat
725 1512 918 1586 Fenestella,
942 1512 1001 1572 hoc
1021 1531 1094 1572 usus
1117 1517 1294 1589 argumento

157 1609 239 1688 quod
254 1619 382 1692 utroque
399 1613 494 1671 maior
507 1623 580 1672 natu
596 1615 713 1674 luisset.
751 1611 788 1672 In
803 1613 862 1673 hoc
880 1615 931 1695 qui
947 1635 1015 1674 cum
1031 1614 1210 1674 Fenestella
1226 1633 1293 1673 sen-

93 1783 99 1794 ·
158 1712 245 1786 serit,
267 1715 404 1774 novimus
420 1714 586 1775 neminem:
610 1725 711 1776 aetate
734 1716 880 1796 aequales
900 1716 995 1776 fuisse
1017 1724 1100 1776 certo
1123 1715 1294 1802 testimonio

156 1813 306 1893 prodebat
320 1815 438 1896 Nepos,
461 1837 521 1876 uon
536 1827 629 1895 negat
646 1821 712 1898 ipse
729 1817 853 1877 Laelius
870 1818 952 1898 apud
970 1819 1147 1878 Ciceronem
1163 1817 1250 1877 Lael.
1268 1837 1294 1877 o.

157 1925 204 1984 Ἡ.
222 1925 257 1980 89
281 1917 476 1980 ‘familiarem
492 1921 594 1980 ruum'
617 1919 738 1994 dicens,
760 1939 820 1982 non
842 1930 956 1999 negant
975 1922 1157 2001 quicumque
1176 1918 1294 1980 illorum

158 2038 250 2097 opera
269 2019 298 2078 in
316 2021 485 2080 scribendis
502 2021 613 2081 fabulis
629 2041 715 2080 usum
732 2032 852 2100 poetam
870 2021 1041 2082 tradidere:
1066 2024 1097 2081 in
1113 2041 1173 2104 qua
1186 2041 1296 2082 caussa
1322 2055 1325 2064 ‹

156 2141 249 2180 unum
265 2123 439 2202 Scipionem
456 2123 491 2183 O.
507 2125 667 2184 Memmius
687 2145 716 2202 p.
732 2135 782 2197 30,
807 2129 854 2200 ll,
870 2123 1095 2202 Quinctilianus
1112 2137 1152 2198 x,
1169 2137 1198 2194 l,
1214 2133 1249 2188 99
1264 2132 1295 2182 et

158 2213 316 2301 Vag'ellius
336 2225 366 2284 in
390 2227 524 2284 auctario
538 2226 654 2285 Donati
674 2247 704 2306 p.
723 2237 756 2290 35
773 2235 954 2298 memorant,
971 2225 1111 2286 Laelium
1132 2226 1228 2284 solum
1246 2225 1293 2285 Oi·

159 2345 227 2384 ccro
243 2326 273 2384 in
290 2326 422 2406 epistula
437 2326 476 2386 ad
492 2326 629 2387 Atticum
653 2339 763 2403 v11,3,
786 2339 819 2392 10
835 2337 865 2387 et
882 2329 986 2407 Nepos
1002 2349 1031 2408 p.
1053 2339 1102 2398 31,
1120 2337 1155 2404 2,
1182 2336 1293 2386 utrum-

159 2447 218 2507 que
242 2447 312 2487 suos
339 2439 479 2489 auctores
510 2439 631 2490 secutus
662 2431 834 2490 Suetonius.
889 2429 956 2490 Nec
983 2430 1045 2488 ullo
1070 2429 1159 2488 modo
1186 2429 1296 2490 Santra

157 2549 187 2610 p·
206 2539 254 2606 31,
274 2541 306 2592 10
327 2541 436 2610 negat,
464 2551 567 2592 verum
595 2515 677 2593 allud
696 2541 804 2610 negat,
826 2533 898 2606 hoc,
925 2553 944 2592 a
967 2529 1110 2611 Scipione
1128 2513 1296 2612 Laelioqub

158 2632 293 2692 adiutum
309 2653 392 2694 csse:
415 2653 476 2692 uon
496 2635 634 2713 profecto
655 2644 819 2715 propterea
840 2633 921 2714 quod
941 2655 1002 2694 non
1025 2634 1170 2714 aequales
1193 2643 1295 2693 aetate

108 2755 112 2760 ·
158 2735 278 2808 suerint,
295 2735 326 2794 id
340 2736 421 2819 quod
437 2735 496 2796 huc
511 2736 586 2795 nibil
606 2739 724 2797 omnino
742 2739 883 2816 pertinet,
902 2735 957 2796 sed
974 2736 1012 2796 ad
1029 2755 1118 2796 unam
1134 2745 1295 2795 eonsuetu-

158 2837 259 2898 dinem
273 2839 448 2898 amatorium
464 2839 569 2899 valere
584 2841 699 2919 potuit:
719 2859 823 2898 verum
835 2839 893 2898 hac
910 2859 1019 2898 caussa
1035 2837 1125 2920 quod,
1139 2847 1294 2917 quotcum-

158 2959 217 3022 que
237 2960 380 3000 annorum
398 2942 564 3010 Terentius
580 2943 645 3015 suit,
663 2941 705 3000 eis
724 2950 825 3004 tamen
841 2941 949 3022 quibus
965 2941 1054 3001 huius
1069 2941 1192 3000 fabulae
1208 2949 1295 3000 actae

158 3019 444 3122 suntlemporibua,
469 3043 488 3104 i.
505 3063 531 3104 e.
555 3044 592 3105 ab
617 3063 696 3102 anno
710 3051 763 3108 588
779 3043 818 3103 ad
839 3053 906 3117 594,
929 3044 988 3122 ipsi
1002 3042 1126 3102 Laelius
1148 3049 1179 3101 et
1193 3041 1295 3121 Scipio

158 3146 246 3204 nimis
266 3143 488 3204 adulescentuli
509 3147 621 3206 suerint
640 3166 728 3227 quarn
755 3148 806 3228 qui
829 3145 880 3206 vel
903 3147 996 3206 talem
1018 3165 1141 3225 operam
1167 3145 1295 3224 praesti-

158 3249 234 3307 tisse
254 3247 305 3308 vel
324 3247 486 3324 significati
503 3267 571 3308 esse
590 3247 693 3307 verbis
708 3249 904 3308 Terentianis
924 3247 1007 3308 credi
1021 3248 1148 3326 possint.
1185 3247 1226 3304 Et
1242 3244 1310 3336 ho·

158 3369 222 3409 rum
239 3349 362 3432 quidem
382 3349 458 3409 illud
472 3351 583 3412 Santra
604 3349 819 3422 inconsultius,
841 3349 899 3408 hoc
918 3357 1019 3407 autem
1043 3345 1125 3406 idem
1145 3367 1204 3406 non
1227 3367 1295 3424 pro·

159 3453 241 3512 t'ecto
257 3453 321 3511 sine
336 3453 463 3512 ratione.
485 3453 563 3512 Nom
577 3451 681 3530 Scipio
696 3452 721 3510 si
739 3460 785 3510 est
802 3471 879 3510 anno
896 3459 947 3514 569
961 3458 1059 3520 natus,
1076 3465 1186 3508 annum
1199 3447 1295 3506 unde·

159 3555 335 3614 vicesimum
351 3553 536 3635 agebatque
552 3563 687 3632 tempore
703 3553 837 3612 seribere
853 3552 1016 3612 Terentius
1033 3551 1143 3629 coepit,
1159 3550 1296 3630 quintum

160 3665 191 3715 ct
206 3655 383 3714 vicesimum
409 3676 467 3735 quo
490 3655 593 3715 desiit:
617 3675 675 3714 nec
695 3655 789 3714 multo
810 3655 904 3713 maior
928 3666 1001 3714 natu
1016 3652 1141 3712 Laelius
1162 3653 1235 3728 fuit,
1257 3649 1296 3710 ab

159 3755 217 3816 hac
237 3768 338 3816 autem
357 3765 458 3817 aetate
473 3777 540 3818 cum
557 3777 666 3817 caussa
682 3777 743 3817 non
759 3759 798 3816 sit
815 3777 867 3816 eur
882 3756 1057 3814 facultatem
1072 3750 1225 3834 'poeticam
1244 3751 1295 3810 ab·

158 3857 334 3933 iudicemus,
347 3861 526 3938 praesertim
539 3859 571 3918 in
584 3868 643 3918 tam
656 3859 735 3918 bene
751 3859 914 3936 ingeniatis
929 3868 1050 3937 tamque
1067 3855 1234 3914 liberaliter
1252 3855 1296 3912 in·

160 3960 272 4020 stitutio
292 3959 549 4034 adulescentibus,
567 3970 668 4020 tamen
683 3963 713 4020 in
726 3959 855 4020 eandem
871 3979 963 4038 aegre
978 3979 1051 4018 sane
1064 3956 1225 4034 intellegas
1243 3956 1297 4036 qni

159 4063 214 4122 illa
225 4073 272 4123 sat
284 4062 439 4124 commode
451 4065 634 4122 conveniant
650 4065 706 4138 ‘qui
713 4065 789 4122 uobis
800 4067 938 4120 uniuersas
948 4070 974 4119 et
982 4064 1084 4134 populo
1091 4063 1212 4133 piarent,
1230 4077 1297 4132 qaro-

160 4185 223 4224 rum
244 4183 331 4242 opero
346 4169 373 4224 iu
390 4167 471 4236 bello,
487 4168 516 4222 iu
533 4169 600 4248 olio,
627 4169 654 4223 iu
674 4170 777 4240 sepelio
799 4181 848 4223 suo
869 4167 985 4239 quisque
1006 4169 1126 4235 tempore
1145 4167 1223 4216 resae!
1239 4164 1298 4215 sine

158 4269 314 4343 superbiat
353 4267 511 4327 ‘Placere’
537 4265 658 4346 quidem
674 4266 787 4347 populo
802 4266 945 4324 universo
961 4263 1064 4342 Scipio
1085 4261 1144 4320 iam
1167 4260 1238 4318 inde
1259 4257 1296 4317 ab

161 4391 239 4430 anno
255 4378 308 4434 586
332 4367 392 4430 dici
406 4368 505 4449 potuit
524 4368 707 4442 rectissime,
729 4388 789 4448 quo
808 4367 861 4426 ille
881 4367 991 4426 aetatis
1009 4383 1119 4423 annum
1137 4360 1297 4442 septimum

161 4479 192 4532 et
218 4469 367 4530 decimum
395 4489 489 4548 agens
513 4468 572 4528 non
599 4469 705 4530 solitae
730 4467 916 4528 fortitudinis
938 4467 1068 4528 bellicae
1090 4465 1243 4545 specimen
1267 4463 1297 4521 in

213 4587 331 4623 svarosr
350 4587 413 4622 aaa.
1055 4565 1095 4629 33
