<?xml version="1.0" encoding="UTF-8"?>
<!DOCTYPE html PUBLIC "-//W3C//DTD XHTML 1.0 Transitional//EN"
    "http://www.w3.org/TR/xhtml1/DTD/xhtml1-transitional.dtd">
<html xmlns="http://www.w3.org/1999/xhtml" xml:lang="en" lang="en">
 <head>
  <title>
</title>
<meta http-equiv="Content-Type" content="text/html;charset=utf-8" />
  <meta name='ocr-system' content='tesseract 3.04.00' />
  <meta name='ocr-capabilities' content='ocr_page ocr_carea ocr_par ocr_line ocrx_word'/>
</head>
<body>
  <div class='ocr_page' id='page_1' title='image "./csvetonitranqvi01ritsgoog_0188.png"; bbox 0 0 3064 5064; ppageno 0'>
   <div class='ocr_carea' id='block_1_1' title="bbox 500 381 1263 448">
    <p class='ocr_par' dir='ltr' id='par_1_1' title="bbox 500 381 1263 448">
     <span class='ocr_line' id='line_1_1' title="bbox 500 381 1263 448; baseline 0 -2"><span class='ocrx_word' id='word_1_1' title='bbox 500 401 543 446; x_wconf 83' lang='lat' dir='ltr'>ou</span> <span class='ocrx_word' id='word_1_2' title='bbox 566 401 653 446; x_wconf 79' lang='lat' dir='ltr'>suno</span> <span class='ocrx_word' id='word_1_3' title='bbox 676 401 879 448; x_wconf 73' lang='lat' dir='ltr'>conarentur</span> <span class='ocrx_word' id='word_1_4' title='bbox 1203 381 1263 446; x_wconf 80' lang='lat'>157</span> 
     </span>
    </p>
   </div>
   <div class='ocr_carea' id='block_1_2' title="bbox 120 550 1264 836">
    <p class='ocr_par' dir='ltr' id='par_1_2' title="bbox 120 550 1264 836">
     <span class='ocr_line' id='line_1_2' title="bbox 120 550 1264 640; baseline 0.001 -24"><span class='ocrx_word' id='word_1_5' title='bbox 120 551 304 640; x_wconf 84' lang='lat' dir='ltr'>Aegyptios</span> <span class='ocrx_word' id='word_1_6' title='bbox 325 561 501 637; x_wconf 78' lang='lat' dir='ltr'><strong>supersunt</strong></span> <span class='ocrx_word' id='word_1_7' title='bbox 523 550 695 617; x_wconf 85' lang='lat' dir='ltr'>duodecim</span> <span class='ocrx_word' id='word_1_8' title='bbox 714 551 883 616; x_wconf 87' lang='lat' dir='ltr'>mensibus</span> <span class='ocrx_word' id='word_1_9' title='bbox 906 560 938 615; x_wconf 88' lang='lat' dir='ltr'>et</span> <span class='ocrx_word' id='word_1_10' title='bbox 955 551 1115 636; x_wconf 90' lang='lat' dir='ltr'>incipiunt</span> <span class='ocrx_word' id='word_1_11' title='bbox 1137 571 1157 614; x_wconf 88' lang='lat' dir='ltr'>a</span> <span class='ocrx_word' id='word_1_12' title='bbox 1177 571 1264 618; x_wconf 90' lang='lat' dir='ltr'>nono</span> 
     </span>
     <span class='ocr_line' id='line_1_3' title="bbox 121 651 1264 740; baseline 0 -24"><span class='ocrx_word' id='word_1_13' title='bbox 121 652 290 716; x_wconf 77' lang='lat' dir='ltr'><strong>Kalendas</strong></span> <span class='ocrx_word' id='word_1_14' title='bbox 317 652 519 740; x_wconf 79' lang='lat' dir='ltr'><strong>Septembris</strong></span> <span class='ocrx_word' id='word_1_15' title='bbox 550 660 584 718; x_wconf 90' lang='lat' dir='ltr'>et</span> <span class='ocrx_word' id='word_1_16' title='bbox 616 653 730 738; x_wconf 89' lang='lat' dir='ltr'>quinto</span> <span class='ocrx_word' id='word_1_17' title='bbox 757 651 982 716; x_wconf 83' lang='lat' dir='ltr'>Kalendarum</span> <span class='ocrx_word' id='word_1_18' title='bbox 1012 659 1264 716; x_wconf 82' lang='lat' dir='ltr'>memoratarum</span> 
     </span>
     <span class='ocr_line' id='line_1_4' title="bbox 120 751 1263 836; baseline 0.001 -21"><span class='ocrx_word' id='word_1_19' title='bbox 120 753 288 818; x_wconf 81' lang='lat' dir='ltr'>finiuntur.</span> <span class='ocrx_word' id='word_1_20' title='bbox 312 769 560 818; x_wconf 76' lang='lat' dir='ltr'>suasurusssss</span> <span class='ocrx_word' id='word_1_21' title='bbox 575 768 656 817; x_wconf 76' lang='lat' dir='ltr'>ntus</span> <span class='ocrx_word' id='word_1_22' title='bbox 672 763 747 818; x_wconf 76' lang='lat' dir='ltr'>saint</span> <span class='ocrx_word' id='word_1_23' title='bbox 763 755 797 818; x_wconf 92' lang='lat' dir='ltr'>in</span> <span class='ocrx_word' id='word_1_24' title='bbox 812 751 930 836; x_wconf 82' lang='lat' dir='ltr'>qulbus</span> <span class='ocrx_word' id='word_1_25' title='bbox 946 752 995 816; x_wconf 91' lang='lat' dir='ltr'>sol</span> <span class='ocrx_word' id='word_1_26' title='bbox 1017 763 1082 816; x_wconf 86' lang='lat' dir='ltr'>stat</span> <span class='ocrx_word' id='word_1_27' title='bbox 1097 761 1263 818; x_wconf 80' lang='lat' dir='ltr'>crescente</span> 
     </span>
    </p>
   </div>
   <div class='ocr_carea' id='block_1_3' title="bbox 117 988 1322 4040">
    <p class='ocr_par' dir='ltr' id='par_1_3' title="bbox 117 988 1322 4040">
     <span class='ocr_line' id='line_1_5' title="bbox 117 988 1264 1058; baseline 0.002 -17"><span class='ocrx_word' id='word_1_28' title='bbox 117 993 183 1058; x_wconf 77' lang='lat' dir='ltr'>fra).</span> <span class='ocrx_word' id='word_1_29' title='bbox 222 993 259 1044; x_wconf 75' lang='lat' dir='ltr'>ad</span> <span class='ocrx_word' id='word_1_30' title='bbox 277 1009 334 1044; x_wconf 87' lang='lat' dir='ltr'>rem</span> <span class='ocrx_word' id='word_1_31' title='bbox 351 1010 419 1044; x_wconf 90' lang='lat' dir='ltr'>saue</span> <span class='ocrx_word' id='word_1_32' title='bbox 438 993 585 1045; x_wconf 88' lang='lat' dir='ltr'>militarem</span> <span class='ocrx_word' id='word_1_33' title='bbox 608 993 677 1044; x_wconf 88' lang='lat' dir='ltr'>nihil</span> <span class='ocrx_word' id='word_1_34' title='bbox 696 988 815 1044; x_wconf 73' lang='lat' dir='ltr'>attinere</span> <span class='ocrx_word' id='word_1_35' title='bbox 838 997 919 1044; x_wconf 87' lang='lat' dir='ltr'>notat</span> <span class='ocrx_word' id='word_1_36' title='bbox 936 993 1036 1054; x_wconf 89' lang='lat' dir='ltr'>Varr0,</span> <span class='ocrx_word' id='word_1_37' title='bbox 1060 998 1150 1042; x_wconf 90' lang='lat' dir='ltr'>utrum</span> <span class='ocrx_word' id='word_1_38' title='bbox 1174 993 1264 1044; x_wconf 84' lang='lat' dir='ltr'>iustus</span> 
     </span>
     <span class='ocr_line' id='line_1_6' title="bbox 121 1059 1263 1126; baseline 0.001 -17"><span class='ocrx_word' id='word_1_39' title='bbox 121 1061 162 1110; x_wconf 84' lang='lat' dir='ltr'>uel</span> <span class='ocrx_word' id='word_1_40' title='bbox 190 1063 320 1112; x_wconf 79' lang='lat' dir='ltr'>uetustus</span> <span class='ocrx_word' id='word_1_41' title='bbox 343 1062 402 1111; x_wconf 83' lang='lat' dir='ltr'>dies</span> <span class='ocrx_word' id='word_1_42' title='bbox 425 1063 474 1122; x_wconf 86' lang='lat' dir='ltr'>sit,</span> <span class='ocrx_word' id='word_1_43' title='bbox 498 1062 548 1112; x_wconf 87' lang='lat' dir='ltr'>sed</span> <span class='ocrx_word' id='word_1_44' title='bbox 571 1061 607 1112; x_wconf 87' lang='lat' dir='ltr'>ad</span> <span class='ocrx_word' id='word_1_45' title='bbox 630 1062 704 1112; x_wconf 86' lang='lat' dir='ltr'>selas</span> <span class='ocrx_word' id='word_1_46' title='bbox 727 1062 779 1112; x_wconf 90' lang='lat' dir='ltr'>hoc</span> <span class='ocrx_word' id='word_1_47' title='bbox 804 1063 930 1112; x_wconf 87' lang='lat' dir='ltr'>actiones</span> <span class='ocrx_word' id='word_1_48' title='bbox 958 1062 1096 1125; x_wconf 81' lang='lat' dir='ltr'>respicere</span> <span class='ocrx_word' id='word_1_49' title='bbox 1119 1059 1263 1126; x_wconf 87' lang='lat' dir='ltr'>priuatas.&#39;</span> 
     </span>
     <span class='ocr_line' id='line_1_7' title="bbox 121 1127 1264 1196; baseline 0.003 -21"><span class='ocrx_word' id='word_1_50' title='bbox 121 1128 226 1178; x_wconf 87' lang='lat' dir='ltr'>llellius</span> <span class='ocrx_word' id='word_1_51' title='bbox 245 1129 268 1178; x_wconf 82' lang='lat' dir='ltr'>V</span> <span class='ocrx_word' id='word_1_52' title='bbox 290 1128 334 1178; x_wconf 77' lang='lat' dir='ltr'>l‘l:</span> <span class='ocrx_word' id='word_1_53' title='bbox 357 1129 480 1180; x_wconf 82' lang='lat' dir='ltr'>‘Verrius</span> <span class='ocrx_word' id='word_1_54' title='bbox 498 1129 616 1180; x_wconf 80' lang='lat' dir='ltr'>Flaccus</span> <span class='ocrx_word' id='word_1_55' title='bbox 639 1131 668 1180; x_wconf 92' lang='lat' dir='ltr'>ln</span> <span class='ocrx_word' id='word_1_56' title='bbox 690 1135 787 1196; x_wconf 86' lang='lat' dir='ltr'>quarto</span> <span class='ocrx_word' id='word_1_57' title='bbox 810 1129 844 1180; x_wconf 90' lang='lat' dir='ltr'>de</span> <span class='ocrx_word' id='word_1_58' title='bbox 868 1129 1011 1178; x_wconf 85' lang='lat' dir='ltr'>uerborum</span> <span class='ocrx_word' id='word_1_59' title='bbox 1029 1127 1187 1193; x_wconf 86' lang='lat' dir='ltr'>significatu</span> <span class='ocrx_word' id='word_1_60' title='bbox 1205 1128 1264 1178; x_wconf 89' lang='lat' dir='ltr'>dies</span> 
     </span>
     <span class='ocr_line' id='line_1_8' title="bbox 121 1195 1264 1262; baseline 0.001 -17"><span class='ocrx_word' id='word_1_61' title='bbox 121 1196 165 1260; x_wconf 83' lang='lat' dir='ltr'>qui</span> <span class='ocrx_word' id='word_1_62' title='bbox 183 1203 249 1246; x_wconf 86' lang='lat' dir='ltr'>sunt</span> <span class='ocrx_word' id='word_1_63' title='bbox 266 1197 399 1262; x_wconf 82' lang='lat' dir='ltr'>postridie</span> <span class='ocrx_word' id='word_1_64' title='bbox 418 1195 559 1246; x_wconf 87' lang='lat' dir='ltr'>Kalendas</span> <span class='ocrx_word' id='word_1_65' title='bbox 576 1197 670 1248; x_wconf 86' lang='lat' dir='ltr'>Nonas</span> <span class='ocrx_word' id='word_1_66' title='bbox 688 1198 765 1258; x_wconf 59' lang='lat' dir='ltr'>Idu·</span> <span class='ocrx_word' id='word_1_67' title='bbox 791 1212 858 1262; x_wconf 89' lang='lat' dir='ltr'>quos</span> <span class='ocrx_word' id='word_1_68' title='bbox 877 1196 975 1262; x_wconf 86' lang='lat' dir='ltr'>uulgus</span> <span class='ocrx_word' id='word_1_69' title='bbox 994 1195 1120 1260; x_wconf 90' lang='lat' dir='ltr'>imperite</span> <span class='ocrx_word' id='word_1_70' title='bbox 1139 1196 1264 1246; x_wconf 78' lang='lat' dir='ltr'>nefastos</span> 
     </span>
     <span class='ocr_line' id='line_1_9' title="bbox 120 1264 1262 1332; baseline 0.001 -19"><span class='ocrx_word' id='word_1_71' title='bbox 120 1265 200 1322; x_wconf 86' lang='lat' dir='ltr'>dicit,</span> <span class='ocrx_word' id='word_1_72' title='bbox 220 1271 334 1330; x_wconf 87' lang='lat' dir='ltr'>propter</span> <span class='ocrx_word' id='word_1_73' title='bbox 351 1264 423 1314; x_wconf 87' lang='lat' dir='ltr'>hanc</span> <span class='ocrx_word' id='word_1_74' title='bbox 442 1281 555 1314; x_wconf 82' lang='lat' dir='ltr'>causam</span> <span class='ocrx_word' id='word_1_75' title='bbox 573 1265 662 1316; x_wconf 87' lang='lat' dir='ltr'>dictes</span> <span class='ocrx_word' id='word_1_76' title='bbox 680 1265 844 1332; x_wconf 84' lang='lat' dir='ltr'>habitosque</span> <span class='ocrx_word' id='word_1_77' title='bbox 865 1270 939 1314; x_wconf 88' lang='lat' dir='ltr'>atros</span> <span class='ocrx_word' id='word_1_78' title='bbox 958 1280 1019 1314; x_wconf 86' lang='lat' dir='ltr'>esse</span> <span class='ocrx_word' id='word_1_79' title='bbox 1037 1264 1144 1314; x_wconf 79' lang='lat' dir='ltr'>scribit.</span> <span class='ocrx_word' id='word_1_80' title='bbox 1180 1265 1262 1326; x_wconf 83' lang='lat' dir='ltr'>Vrbe,</span> 
     </span>
     <span class='ocr_line' id='line_1_10' title="bbox 122 1331 1263 1398; baseline 0.002 -20"><span class='ocrx_word' id='word_1_81' title='bbox 122 1333 223 1396; x_wconf 87' lang='lat' dir='ltr'>inquit,</span> <span class='ocrx_word' id='word_1_82' title='bbox 248 1347 265 1381; x_wconf 79' lang='lat' dir='ltr'>a</span> <span class='ocrx_word' id='word_1_83' title='bbox 285 1333 373 1382; x_wconf 81' lang='lat' dir='ltr'>Gallis</span> <span class='ocrx_word' id='word_1_84' title='bbox 392 1333 546 1382; x_wconf 72' lang='lat' dir='ltr'>Senonibus</span> <span class='ocrx_word' id='word_1_85' title='bbox 564 1338 729 1398; x_wconf 85' lang='lat' dir='ltr'>recuperata</span> <span class='ocrx_word' id='word_1_86' title='bbox 747 1334 779 1383; x_wconf 91' lang='lat' dir='ltr'>L.</span> <span class='ocrx_word' id='word_1_87' title='bbox 799 1331 898 1382; x_wconf 80' lang='lat' dir='ltr'>Atilius</span> <span class='ocrx_word' id='word_1_88' title='bbox 916 1332 944 1380; x_wconf 93' lang='lat' dir='ltr'>in</span> <span class='ocrx_word' id='word_1_89' title='bbox 963 1336 1062 1382; x_wconf 88' lang='lat' dir='ltr'>senatu</span> <span class='ocrx_word' id='word_1_90' title='bbox 1079 1331 1167 1380; x_wconf 86' lang='lat' dir='ltr'>uerba</span> <span class='ocrx_word' id='word_1_91' title='bbox 1186 1331 1263 1393; x_wconf 85' lang='lat' dir='ltr'>lecit,</span> 
     </span>
     <span class='ocr_line' id='line_1_11' title="bbox 121 1397 1264 1465; baseline 0 -17"><span class='ocrx_word' id='word_1_92' title='bbox 121 1401 152 1460; x_wconf 84' lang='lat' dir='ltr'>Q.</span> <span class='ocrx_word' id='word_1_93' title='bbox 171 1399 326 1465; x_wconf 70' lang='lat' dir='ltr'>sulpicium</span> <span class='ocrx_word' id='word_1_94' title='bbox 344 1400 480 1449; x_wconf 86' lang='lat' dir='ltr'>tribunum</span> <span class='ocrx_word' id='word_1_95' title='bbox 500 1401 616 1450; x_wconf 88' lang='lat' dir='ltr'>militum</span> <span class='ocrx_word' id='word_1_96' title='bbox 635 1399 670 1449; x_wconf 78' lang='lat' dir='ltr'>au</span> <span class='ocrx_word' id='word_1_97' title='bbox 688 1400 787 1450; x_wconf 84' lang='lat' dir='ltr'>Alliam</span> <span class='ocrx_word' id='word_1_98' title='bbox 812 1397 943 1450; x_wconf 75' lang='lat' dir='ltr'>aduersus</span> <span class='ocrx_word' id='word_1_99' title='bbox 961 1398 1056 1448; x_wconf 87' lang='lat' dir='ltr'>Gallos</span> <span class='ocrx_word' id='word_1_100' title='bbox 1079 1405 1264 1464; x_wconf 82' lang='lat' dir='ltr'>pugnaturum</span> 
     </span>
     <span class='ocr_line' id='line_1_12' title="bbox 121 1467 1264 1534; baseline 0 -18"><span class='ocrx_word' id='word_1_101' title='bbox 121 1483 175 1516; x_wconf 87' lang='lat' dir='ltr'>rem</span> <span class='ocrx_word' id='word_1_102' title='bbox 193 1467 319 1517; x_wconf 86' lang='lat' dir='ltr'>diuinam</span> <span class='ocrx_word' id='word_1_103' title='bbox 337 1467 488 1516; x_wconf 83' lang='lat' dir='ltr'>dimicandi</span> <span class='ocrx_word' id='word_1_104' title='bbox 506 1469 598 1534; x_wconf 80' lang='lat' dir='ltr'>gratia</span> <span class='ocrx_word' id='word_1_105' title='bbox 616 1468 749 1534; x_wconf 86' lang='lat' dir='ltr'>postridie</span> <span class='ocrx_word' id='word_1_106' title='bbox 762 1468 827 1518; x_wconf 85' lang='lat' dir='ltr'>Idus</span> <span class='ocrx_word' id='word_1_107' title='bbox 846 1467 960 1528; x_wconf 86' lang='lat' dir='ltr'>lecisse;</span> <span class='ocrx_word' id='word_1_108' title='bbox 980 1473 1036 1517; x_wconf 89' lang='lat' dir='ltr'>tum</span> <span class='ocrx_word' id='word_1_109' title='bbox 1053 1467 1204 1517; x_wconf 79' lang='lat' dir='ltr'>exercitum</span> <span class='ocrx_word' id='word_1_110' title='bbox 1216 1483 1264 1532; x_wconf 93' lang='lat' dir='ltr'>po·</span> 
     </span>
     <span class='ocr_line' id='line_1_13' title="bbox 120 1534 1265 1601; baseline 0 -17"><span class='ocrx_word' id='word_1_111' title='bbox 120 1535 177 1600; x_wconf 90' lang='lat' dir='ltr'>puli</span> <span class='ocrx_word' id='word_1_112' title='bbox 201 1536 319 1584; x_wconf 79' lang='lat' dir='ltr'>Koussai</span> <span class='ocrx_word' id='word_1_113' title='bbox 343 1535 488 1586; x_wconf 87' lang='lat' dir='ltr'>occidione</span> <span class='ocrx_word' id='word_1_114' title='bbox 513 1536 633 1586; x_wconf 90' lang='lat' dir='ltr'>occisum</span> <span class='ocrx_word' id='word_1_115' title='bbox 658 1542 685 1584; x_wconf 92' lang='lat' dir='ltr'>et</span> <span class='ocrx_word' id='word_1_116' title='bbox 712 1540 775 1601; x_wconf 92' lang='lat' dir='ltr'>post</span> <span class='ocrx_word' id='word_1_117' title='bbox 792 1535 864 1584; x_wconf 89' lang='lat' dir='ltr'>diem</span> <span class='ocrx_word' id='word_1_118' title='bbox 882 1535 992 1584; x_wconf 89' lang='lat' dir='ltr'>tertium</span> <span class='ocrx_word' id='word_1_119' title='bbox 1020 1535 1078 1584; x_wconf 89' lang='lat' dir='ltr'>eius</span> <span class='ocrx_word' id='word_1_120' title='bbox 1097 1534 1153 1584; x_wconf 77' lang='lat' dir='ltr'>aiei</span> <span class='ocrx_word' id='word_1_121' title='bbox 1170 1536 1265 1584; x_wconf 88' lang='lat' dir='ltr'>urbem</span> 
     </span>
     <span class='ocr_line' id='line_1_14' title="bbox 121 1601 1265 1668; baseline 0 -16"><span class='ocrx_word' id='word_1_122' title='bbox 121 1609 231 1668; x_wconf 80' lang='lat' dir='ltr'>praeter</span> <span class='ocrx_word' id='word_1_123' title='bbox 250 1603 412 1668; x_wconf 85' lang='lat' dir='ltr'>capitellum</span> <span class='ocrx_word' id='word_1_124' title='bbox 432 1609 541 1668; x_wconf 82' lang='lat' dir='ltr'>captam</span> <span class='ocrx_word' id='word_1_125' title='bbox 561 1619 636 1664; x_wconf 87' lang='lat' dir='ltr'>esse;</span> <span class='ocrx_word' id='word_1_126' title='bbox 661 1603 868 1668; x_wconf 85' lang='lat' dir='ltr'>compluresque</span> <span class='ocrx_word' id='word_1_127' title='bbox 891 1601 939 1652; x_wconf 86' lang='lat' dir='ltr'>alii</span> <span class='ocrx_word' id='word_1_128' title='bbox 963 1605 1106 1652; x_wconf 82' lang='lat' dir='ltr'>senatores</span> <span class='ocrx_word' id='word_1_129' title='bbox 1125 1601 1265 1652; x_wconf 86' lang='lat' dir='ltr'>recordari</span> 
     </span>
     <span class='ocr_line' id='line_1_15' title="bbox 121 1666 1264 1736; baseline 0.002 -18"><span class='ocrx_word' id='word_1_130' title='bbox 121 1687 181 1720; x_wconf 88' lang='lat' dir='ltr'>sose</span> <span class='ocrx_word' id='word_1_131' title='bbox 200 1671 338 1734; x_wconf 81' lang='lat' dir='ltr'>dixerunt,</span> <span class='ocrx_word' id='word_1_132' title='bbox 359 1669 486 1735; x_wconf 88' lang='lat' dir='ltr'>quotiens</span> <span class='ocrx_word' id='word_1_133' title='bbox 504 1671 570 1722; x_wconf 90' lang='lat' dir='ltr'>belli</span> <span class='ocrx_word' id='word_1_134' title='bbox 589 1670 702 1736; x_wconf 78' lang='lat' dir='ltr'>gerendi</span> <span class='ocrx_word' id='word_1_135' title='bbox 721 1671 813 1735; x_wconf 85' lang='lat' dir='ltr'>gratia</span> <span class='ocrx_word' id='word_1_136' title='bbox 836 1686 880 1720; x_wconf 88' lang='lat' dir='ltr'>res</span> <span class='ocrx_word' id='word_1_137' title='bbox 898 1669 993 1720; x_wconf 87' lang='lat' dir='ltr'>diuina</span> <span class='ocrx_word' id='word_1_138' title='bbox 1008 1666 1143 1735; x_wconf 78' lang='lat' dir='ltr'>postridie</span> <span class='ocrx_word' id='word_1_139' title='bbox 1162 1671 1264 1720; x_wconf 87' lang='lat' dir='ltr'>Kalen-</span> 
     </span>
     <span class='ocr_line' id='line_1_16' title="bbox 121 1736 1265 1804; baseline 0.001 -19"><span class='ocrx_word' id='word_1_140' title='bbox 121 1737 169 1786; x_wconf 78' lang='lat' dir='ltr'>‹las</span> <span class='ocrx_word' id='word_1_141' title='bbox 193 1739 289 1790; x_wconf 81' lang='lat' dir='ltr'>Nonas</span> <span class='ocrx_word' id='word_1_142' title='bbox 317 1738 382 1788; x_wconf 89' lang='lat' dir='ltr'>Idus</span> <span class='ocrx_word' id='word_1_143' title='bbox 411 1753 428 1788; x_wconf 81' lang='lat' dir='ltr'>a</span> <span class='ocrx_word' id='word_1_144' title='bbox 451 1740 616 1802; x_wconf 82' lang='lat' dir='ltr'>magistratu</span> <span class='ocrx_word' id='word_1_145' title='bbox 645 1738 740 1804; x_wconf 87' lang='lat' dir='ltr'>populi</span> <span class='ocrx_word' id='word_1_146' title='bbox 763 1738 880 1788; x_wconf 87' lang='lat' dir='ltr'>llornaui</span> <span class='ocrx_word' id='word_1_147' title='bbox 903 1737 981 1787; x_wconf 84' lang='lat' dir='ltr'>iacta</span> <span class='ocrx_word' id='word_1_148' title='bbox 1003 1743 1090 1800; x_wconf 84' lang='lat' dir='ltr'>essct,</span> <span class='ocrx_word' id='word_1_149' title='bbox 1116 1738 1174 1788; x_wconf 90' lang='lat' dir='ltr'>eius</span> <span class='ocrx_word' id='word_1_150' title='bbox 1198 1736 1265 1788; x_wconf 90' lang='lat' dir='ltr'>belli</span> 
     </span>
     <span class='ocr_line' id='line_1_17' title="bbox 122 1805 1265 1872; baseline -0.001 -17"><span class='ocrx_word' id='word_1_151' title='bbox 122 1805 245 1870; x_wconf 82' lang='lat' dir='ltr'>proximo</span> <span class='ocrx_word' id='word_1_152' title='bbox 264 1806 396 1872; x_wconf 85' lang='lat' dir='ltr'>deinceps</span> <span class='ocrx_word' id='word_1_153' title='bbox 414 1805 519 1872; x_wconf 90' lang='lat' dir='ltr'>proelio</span> <span class='ocrx_word' id='word_1_154' title='bbox 538 1822 595 1856; x_wconf 90' lang='lat' dir='ltr'>rem</span> <span class='ocrx_word' id='word_1_155' title='bbox 613 1806 753 1871; x_wconf 89' lang='lat' dir='ltr'>publicam</span> <span class='ocrx_word' id='word_1_156' title='bbox 771 1807 842 1855; x_wconf 83' lang='lat' dir='ltr'>ursle</span> <span class='ocrx_word' id='word_1_157' title='bbox 862 1810 977 1871; x_wconf 79' lang='lat' dir='ltr'>gestam.</span> <span class='ocrx_word' id='word_1_158' title='bbox 1008 1812 1064 1856; x_wconf 87' lang='lat' dir='ltr'>tum</span> <span class='ocrx_word' id='word_1_159' title='bbox 1076 1813 1190 1856; x_wconf 89' lang='lat' dir='ltr'>senatus</span> <span class='ocrx_word' id='word_1_160' title='bbox 1204 1822 1265 1855; x_wconf 89' lang='lat' dir='ltr'>eam</span> 
     </span>
     <span class='ocr_line' id='line_1_18' title="bbox 122 1873 1279 1940; baseline 0.002 -18"><span class='ocrx_word' id='word_1_161' title='bbox 122 1890 176 1922; x_wconf 86' lang='lat' dir='ltr'>rem</span> <span class='ocrx_word' id='word_1_162' title='bbox 196 1875 232 1923; x_wconf 67' lang='lat' dir='ltr'>nil</span> <span class='ocrx_word' id='word_1_163' title='bbox 251 1873 397 1938; x_wconf 82' lang='lat' dir='ltr'>pontifices</span> <span class='ocrx_word' id='word_1_164' title='bbox 415 1874 527 1937; x_wconf 85' lang='lat' dir='ltr'>reiecit,</span> <span class='ocrx_word' id='word_1_165' title='bbox 551 1880 582 1924; x_wconf 88' lang='lat' dir='ltr'>ut</span> <span class='ocrx_word' id='word_1_166' title='bbox 604 1875 658 1940; x_wconf 90' lang='lat' dir='ltr'>ipsi</span> <span class='ocrx_word' id='word_1_167' title='bbox 677 1873 747 1938; x_wconf 87' lang='lat' dir='ltr'>quod</span> <span class='ocrx_word' id='word_1_168' title='bbox 766 1873 905 1923; x_wconf 86' lang='lat' dir='ltr'>uideretur</span> <span class='ocrx_word' id='word_1_169' title='bbox 923 1878 1086 1923; x_wconf 83' lang='lat' dir='ltr'>statuerent.</span> <span class='ocrx_word' id='word_1_170' title='bbox 1121 1873 1279 1939; x_wconf 55' lang='lat' dir='ltr'>pontifice&amp;</span> 
     </span>
     <span class='ocr_line' id='line_1_19' title="bbox 122 1940 1294 1992; baseline 0.001 -3"><span class='ocrx_word' id='word_1_171' title='bbox 122 1941 309 1991; x_wconf 82' lang='lat' dir='ltr'>decreuerunt</span> <span class='ocrx_word' id='word_1_172' title='bbox 331 1940 434 1990; x_wconf 87' lang='lat' dir='ltr'>nullum</span> <span class='ocrx_word' id='word_1_173' title='bbox 457 1942 500 1990; x_wconf 89' lang='lat' dir='ltr'>bis</span> <span class='ocrx_word' id='word_1_174' title='bbox 524 1942 622 1992; x_wconf 87' lang='lat' dir='ltr'>diebus</span> <span class='ocrx_word' id='word_1_175' title='bbox 644 1941 810 1991; x_wconf 86' lang='lat' dir='ltr'>sacrificium</span> <span class='ocrx_word' id='word_1_176' title='bbox 835 1946 910 1990; x_wconf 86' lang='lat' dir='ltr'>recte</span> <span class='ocrx_word' id='word_1_177' title='bbox 934 1941 1063 1990; x_wconf 83' lang='lat' dir='ltr'>futurum.</span> <span class='ocrx_word' id='word_1_178' title='bbox 1106 1947 1169 1991; x_wconf 87' lang='lat' dir='ltr'>aute</span> <span class='ocrx_word' id='word_1_179' title='bbox 1193 1941 1265 1990; x_wconf 82' lang='lat' dir='ltr'>dicun</span> <span class='ocrx_word' id='word_1_180' title='bbox 1290 1983 1294 1990; x_wconf 90' lang='lat'>.</span> 
     </span>
     <span class='ocr_line' id='line_1_20' title="bbox 122 2008 1265 2074; baseline 0 -16"><span class='ocrx_word' id='word_1_181' title='bbox 122 2025 229 2074; x_wconf 87' lang='lat' dir='ltr'>quoque</span> <span class='ocrx_word' id='word_1_182' title='bbox 249 2015 376 2074; x_wconf 86' lang='lat' dir='ltr'>quartum</span> <span class='ocrx_word' id='word_1_183' title='bbox 394 2009 440 2058; x_wconf 90' lang='lat' dir='ltr'>ucl</span> <span class='ocrx_word' id='word_1_184' title='bbox 458 2009 551 2060; x_wconf 88' lang='lat' dir='ltr'>Nonas</span> <span class='ocrx_word' id='word_1_185' title='bbox 569 2010 613 2059; x_wconf 92' lang='lat' dir='ltr'>uel</span> <span class='ocrx_word' id='word_1_186' title='bbox 632 2009 697 2059; x_wconf 88' lang='lat' dir='ltr'>Idus</span> <span class='ocrx_word' id='word_1_187' title='bbox 715 2016 855 2074; x_wconf 82' lang='lat' dir='ltr'>tamquam</span> <span class='ocrx_word' id='word_1_188' title='bbox 867 2008 1043 2058; x_wconf 88' lang='lat' dir='ltr'>inominalem</span> <span class='ocrx_word' id='word_1_189' title='bbox 1056 2009 1128 2058; x_wconf 76' lang='lat' dir='ltr'>illem</span> <span class='ocrx_word' id='word_1_190' title='bbox 1140 2009 1265 2074; x_wconf 87' lang='lat' dir='ltr'>plerique</span> 
     </span>
     <span class='ocr_line' id='line_1_21' title="bbox 121 2076 1265 2141; baseline -0.001 -16"><span class='ocrx_word' id='word_1_191' title='bbox 121 2079 220 2126; x_wconf 79' lang='lat' dir='ltr'>tritant.</span> <span class='ocrx_word' id='word_1_192' title='bbox 261 2077 321 2126; x_wconf 88' lang='lat' dir='ltr'>eius</span> <span class='ocrx_word' id='word_1_193' title='bbox 339 2077 542 2127; x_wconf 87' lang='lat' dir='ltr'>obseruationis</span> <span class='ocrx_word' id='word_1_194' title='bbox 561 2093 597 2126; x_wconf 88' lang='lat' dir='ltr'>an</span> <span class='ocrx_word' id='word_1_195' title='bbox 615 2076 713 2141; x_wconf 87' lang='lat' dir='ltr'>religio</span> <span class='ocrx_word' id='word_1_196' title='bbox 731 2076 789 2126; x_wconf 88' lang='lat' dir='ltr'>ullu</span> <span class='ocrx_word' id='word_1_197' title='bbox 807 2077 844 2126; x_wconf 91' lang='lat' dir='ltr'>sit</span> <span class='ocrx_word' id='word_1_198' title='bbox 856 2077 958 2126; x_wconf 87' lang='lat' dir='ltr'>traditu</span> <span class='ocrx_word' id='word_1_199' title='bbox 971 2077 1067 2140; x_wconf 86' lang='lat' dir='ltr'>quaeri</span> <span class='ocrx_word' id='word_1_200' title='bbox 1080 2077 1160 2126; x_wconf 86' lang='lat' dir='ltr'>solet.</span> <span class='ocrx_word' id='word_1_201' title='bbox 1196 2077 1265 2126; x_wconf 89' lang='lat' dir='ltr'>nihil</span> 
     </span>
     <span class='ocr_line' id='line_1_22' title="bbox 121 2143 1266 2210; baseline 0 -18"><span class='ocrx_word' id='word_1_202' title='bbox 121 2161 169 2194; x_wconf 87' lang='lat' dir='ltr'>nos</span> <span class='ocrx_word' id='word_1_203' title='bbox 187 2161 273 2210; x_wconf 86' lang='lat' dir='ltr'>super</span> <span class='ocrx_word' id='word_1_204' title='bbox 292 2160 326 2194; x_wconf 80' lang='lat' dir='ltr'>ee</span> <span class='ocrx_word' id='word_1_205' title='bbox 344 2159 373 2194; x_wconf 90' lang='lat' dir='ltr'>re</span> <span class='ocrx_word' id='word_1_206' title='bbox 392 2145 523 2210; x_wconf 88' lang='lat' dir='ltr'>scriptum</span> <span class='ocrx_word' id='word_1_207' title='bbox 542 2146 711 2206; x_wconf 81' lang='lat' dir='ltr'>insanimus,</span> <span class='ocrx_word' id='word_1_208' title='bbox 736 2145 790 2194; x_wconf 85' lang='lat' dir='ltr'>nisi</span> <span class='ocrx_word' id='word_1_209' title='bbox 814 2143 885 2208; x_wconf 88' lang='lat' dir='ltr'>quod</span> <span class='ocrx_word' id='word_1_210' title='bbox 909 2145 940 2205; x_wconf 82' lang='lat' dir='ltr'>Q.</span> <span class='ocrx_word' id='word_1_211' title='bbox 967 2144 1099 2194; x_wconf 81' lang='lat' dir='ltr'>Claudius</span> <span class='ocrx_word' id='word_1_212' title='bbox 1125 2145 1266 2194; x_wconf 85' lang='lat' dir='ltr'>annalium</span> 
     </span>
     <span class='ocr_line' id='line_1_23' title="bbox 120 2210 1265 2277; baseline 0 -17"><span class='ocrx_word' id='word_1_213' title='bbox 120 2213 215 2276; x_wconf 80' lang='lat' dir='ltr'>quinto</span> <span class='ocrx_word' id='word_1_214' title='bbox 235 2210 344 2262; x_wconf 86' lang='lat' dir='ltr'>cladem</span> <span class='ocrx_word' id='word_1_215' title='bbox 367 2212 444 2261; x_wconf 89' lang='lat' dir='ltr'>illam</span> <span class='ocrx_word' id='word_1_216' title='bbox 463 2227 571 2277; x_wconf 83' lang='lat' dir='ltr'>pugnae</span> <span class='ocrx_word' id='word_1_217' title='bbox 597 2213 752 2262; x_wconf 85' lang='lat' dir='ltr'>Cannensis</span> <span class='ocrx_word' id='word_1_218' title='bbox 774 2212 957 2262; x_wconf 80' lang='lat' dir='ltr'>castissimam</span> <span class='ocrx_word' id='word_1_219' title='bbox 982 2212 1085 2260; x_wconf 78' lang='lat' dir='ltr'>lactans</span> <span class='ocrx_word' id='word_1_220' title='bbox 1108 2211 1179 2261; x_wconf 84' lang='lat' dir='ltr'>dicit</span> <span class='ocrx_word' id='word_1_221' title='bbox 1200 2219 1265 2261; x_wconf 87' lang='lat' dir='ltr'>ante</span> 
     </span>
     <span class='ocr_line' id='line_1_24' title="bbox 120 2277 1265 2344; baseline 0 -16"><span class='ocrx_word' id='word_1_222' title='bbox 120 2281 192 2328; x_wconf 82' lang='lat' dir='ltr'>diem</span> <span class='ocrx_word' id='word_1_223' title='bbox 210 2285 339 2344; x_wconf 87' lang='lat' dir='ltr'>quartum</span> <span class='ocrx_word' id='word_1_224' title='bbox 356 2280 450 2329; x_wconf 86' lang='lat' dir='ltr'>Nonne</span> <span class='ocrx_word' id='word_1_225' title='bbox 467 2277 610 2329; x_wconf 67' lang='lat' dir='ltr'>Sextiles&#39;</span> <span class='ocrx_word' id='word_1_226' title='bbox 635 2280 737 2330; x_wconf 86' lang='lat' dir='ltr'>l’aulus</span> <span class='ocrx_word' id='word_1_227' title='bbox 755 2280 833 2329; x_wconf 84' lang='lat' dir='ltr'>Festi</span> <span class='ocrx_word' id='word_1_228' title='bbox 849 2296 875 2344; x_wconf 90' lang='lat' dir='ltr'>p.</span> <span class='ocrx_word' id='word_1_229' title='bbox 891 2277 937 2328; x_wconf 80' lang='lat'>93:</span> <span class='ocrx_word' id='word_1_230' title='bbox 958 2279 1060 2327; x_wconf 87' lang='lat' dir='ltr'>‘Fastis</span> <span class='ocrx_word' id='word_1_231' title='bbox 1078 2279 1176 2328; x_wconf 89' lang='lat' dir='ltr'>dicbus</span> <span class='ocrx_word' id='word_1_232' title='bbox 1193 2278 1265 2342; x_wconf 82' lang='lat' dir='ltr'>†iu-</span> 
     </span>
     <span class='ocr_line' id='line_1_25' title="bbox 120 2345 1264 2412; baseline -0.001 -16"><span class='ocrx_word' id='word_1_233' title='bbox 120 2347 211 2396; x_wconf 87' lang='lat' dir='ltr'>cunda</span> <span class='ocrx_word' id='word_1_234' title='bbox 224 2349 306 2410; x_wconf 71' lang='lat' dir='ltr'>(Soet.</span> <span class='ocrx_word' id='word_1_235' title='bbox 320 2349 351 2396; x_wconf 84' lang='lat' dir='ltr'>cl.</span> <span class='ocrx_word' id='word_1_236' title='bbox 365 2347 421 2410; x_wconf 78' lang='lat' dir='ltr'>ius)</span> <span class='ocrx_word' id='word_1_237' title='bbox 436 2347 489 2396; x_wconf 84' lang='lat' dir='ltr'>ieri</span> <span class='ocrx_word' id='word_1_238' title='bbox 501 2348 619 2408; x_wconf 86' lang='lat' dir='ltr'>licebat,</span> <span class='ocrx_word' id='word_1_239' title='bbox 639 2348 757 2397; x_wconf 82' lang='lat' dir='ltr'>nefastis</span> <span class='ocrx_word' id='word_1_240' title='bbox 771 2347 905 2412; x_wconf 85' lang='lat' dir='ltr'>quaedam</span> <span class='ocrx_word' id='word_1_241' title='bbox 918 2361 972 2396; x_wconf 90' lang='lat' dir='ltr'>non</span> <span class='ocrx_word' id='word_1_242' title='bbox 985 2345 1089 2395; x_wconf 87' lang='lat' dir='ltr'>licebat</span> <span class='ocrx_word' id='word_1_243' title='bbox 1101 2346 1176 2396; x_wconf 85' lang='lat' dir='ltr'>t&#39;ari.’</span> <span class='ocrx_word' id='word_1_244' title='bbox 1193 2347 1264 2396; x_wconf 87' lang='lat' dir='ltr'>Pau·</span> 
     </span>
     <span class='ocr_line' id='line_1_26' title="bbox 120 2412 1264 2480; baseline -0.003 -16"><span class='ocrx_word' id='word_1_245' title='bbox 120 2416 160 2464; x_wconf 84' lang='lat' dir='ltr'>las</span> <span class='ocrx_word' id='word_1_246' title='bbox 173 2415 256 2464; x_wconf 81' lang='lat' dir='ltr'>Festi</span> <span class='ocrx_word' id='word_1_247' title='bbox 268 2432 294 2480; x_wconf 90' lang='lat' dir='ltr'>p.</span> <span class='ocrx_word' id='word_1_248' title='bbox 312 2413 369 2463; x_wconf 75' lang='lat' dir='ltr'>tos:</span> <span class='ocrx_word' id='word_1_249' title='bbox 385 2415 502 2464; x_wconf 86' lang='lat' dir='ltr'>‘Nelasti</span> <span class='ocrx_word' id='word_1_250' title='bbox 515 2415 575 2465; x_wconf 90' lang='lat' dir='ltr'>dies</span> <span class='ocrx_word' id='word_1_251' title='bbox 587 2415 611 2464; x_wconf 88' lang='lat' dir='ltr'>N</span> <span class='ocrx_word' id='word_1_252' title='bbox 624 2416 718 2466; x_wconf 86' lang='lat' dir='ltr'>littera</span> <span class='ocrx_word' id='word_1_253' title='bbox 729 2412 879 2464; x_wconf 86' lang='lat' dir='ltr'>notantur.&#39;</span> <span class='ocrx_word' id='word_1_254' title='bbox 909 2415 1009 2464; x_wconf 85' lang='lat' dir='ltr'>Festus</span> <span class='ocrx_word' id='word_1_255' title='bbox 1022 2429 1047 2478; x_wconf 91' lang='lat' dir='ltr'>p.</span> <span class='ocrx_word' id='word_1_256' title='bbox 1064 2412 1124 2462; x_wconf 80' lang='lat' dir='ltr'>los:</span> <span class='ocrx_word' id='word_1_257' title='bbox 1146 2414 1264 2478; x_wconf 72' lang='lat' dir='ltr'>‘il&#39;esusti</span> 
     </span>
     <span class='ocr_line' id='line_1_27' title="bbox 119 2483 1266 2548; baseline -0.002 -16"><span class='ocrx_word' id='word_1_258' title='bbox 119 2483 178 2534; x_wconf 80' lang='lat' dir='ltr'>dies</span> <span class='ocrx_word' id='word_1_259' title='bbox 191 2490 316 2532; x_wconf 79' lang='lat' dir='ltr'>notantur</span> <span class='ocrx_word' id='word_1_260' title='bbox 328 2483 353 2531; x_wconf 82' lang='lat' dir='ltr'><em>N</em></span> <span class='ocrx_word' id='word_1_261' title='bbox 364 2487 451 2532; x_wconf 83' lang='lat' dir='ltr'>littera</span> <span class='ocrx_word' id='word_1_262' title='bbox 464 2485 532 2548; x_wconf 73' lang='lat' dir='ltr'>quaed</span> <span class='ocrx_word' id='word_1_263' title='bbox 542 2485 578 2532; x_wconf 84' lang='lat' dir='ltr'>eis</span> <span class='ocrx_word' id='word_1_264' title='bbox 591 2484 664 2546; x_wconf 81' lang='lat' dir='ltr'>nesus</span> <span class='ocrx_word' id='word_1_265' title='bbox 683 2489 722 2534; x_wconf 82' lang='lat' dir='ltr'>est</span> <span class='ocrx_word' id='word_1_266' title='bbox 731 2483 851 2547; x_wconf 83' lang='lat' dir='ltr'>praetori</span> <span class='ocrx_word' id='word_1_267' title='bbox 863 2487 929 2546; x_wconf 87' lang='lat' dir='ltr'>aput</span> <span class='ocrx_word' id='word_1_268' title='bbox 942 2495 1020 2546; x_wconf 86' lang='lat' dir='ltr'>quern</span> <span class='ocrx_word' id='word_1_269' title='bbox 1033 2483 1266 2546; x_wconf 56' lang='lat' dir='ltr'>leycestrensem</span> 
     </span>
     <span class='ocr_line' id='line_1_28' title="bbox 119 2547 1263 2616; baseline 0.002 -18"><span class='ocrx_word' id='word_1_270' title='bbox 119 2554 170 2600; x_wconf 81' lang='lat' dir='ltr'>tria</span> <span class='ocrx_word' id='word_1_271' title='bbox 182 2551 280 2600; x_wconf 81' lang='lat' dir='ltr'>uerba:</span> <span class='ocrx_word' id='word_1_272' title='bbox 292 2551 326 2600; x_wconf 81' lang='lat' dir='ltr'>do</span> <span class='ocrx_word' id='word_1_273' title='bbox 339 2552 395 2600; x_wconf 77' lang='lat' dir='ltr'>cliro</span> <span class='ocrx_word' id='word_1_274' title='bbox 409 2549 526 2600; x_wconf 67' lang='lat' dir='ltr'>addico.¹</span> <span class='ocrx_word' id='word_1_275' title='bbox 541 2551 643 2600; x_wconf 86' lang='lat' dir='ltr'>Paulus</span> <span class='ocrx_word' id='word_1_276' title='bbox 655 2551 734 2602; x_wconf 79' lang='lat' dir='ltr'>Festi</span> <span class='ocrx_word' id='word_1_277' title='bbox 747 2568 773 2616; x_wconf 90' lang='lat' dir='ltr'>p.</span> <span class='ocrx_word' id='word_1_278' title='bbox 786 2549 850 2600; x_wconf 76' lang='lat'><strong>228:</strong></span> <span class='ocrx_word' id='word_1_279' title='bbox 866 2547 1000 2600; x_wconf 82' lang='lat' dir='ltr'>‘Prolesti</span> <span class='ocrx_word' id='word_1_280' title='bbox 1013 2548 1072 2598; x_wconf 92' lang='lat' dir='ltr'>dics</span> <span class='ocrx_word' id='word_1_281' title='bbox 1085 2551 1180 2614; x_wconf 89' lang='lat' dir='ltr'>procul</span> <span class='ocrx_word' id='word_1_282' title='bbox 1193 2565 1209 2598; x_wconf 84' lang='lat' dir='ltr'>a</span> <span class='ocrx_word' id='word_1_283' title='bbox 1223 2565 1263 2600; x_wconf 87' lang='lat' dir='ltr'>re·</span> 
     </span>
     <span class='ocr_line' id='line_1_29' title="bbox 120 2617 1267 2684; baseline 0.001 -18"><span class='ocrx_word' id='word_1_284' title='bbox 120 2618 223 2682; x_wconf 73' lang='lat' dir='ltr'>ligioue</span> <span class='ocrx_word' id='word_1_285' title='bbox 243 2618 363 2667; x_wconf 89' lang='lat' dir='ltr'>numinis</span> <span class='ocrx_word' id='word_1_286' title='bbox 381 2617 488 2680; x_wconf 65' lang='lat' dir='ltr'>diuini.¹</span> <span class='ocrx_word' id='word_1_287' title='bbox 515 2619 613 2668; x_wconf 88' lang='lat' dir='ltr'>Festus</span> <span class='ocrx_word' id='word_1_288' title='bbox 627 2635 651 2684; x_wconf 91' lang='lat' dir='ltr'>p.</span> <span class='ocrx_word' id='word_1_289' title='bbox 665 2618 734 2668; x_wconf 67' lang='lat'>229:</span> <span class='ocrx_word' id='word_1_290' title='bbox 747 2617 867 2668; x_wconf 83' lang='lat' dir='ltr'>Profesti</span> <span class='ocrx_word' id='word_1_291' title='bbox 880 2617 940 2666; x_wconf 87' lang='lat' dir='ltr'>dies</span> <span class='ocrx_word' id='word_1_292' title='bbox 953 2617 1017 2666; x_wconf 81' lang='lat' dir='ltr'>dicti</span> <span class='ocrx_word' id='word_1_293' title='bbox 1028 2619 1097 2682; x_wconf 82' lang='lat' dir='ltr'>qerod</span> <span class='ocrx_word' id='word_1_294' title='bbox 1106 2623 1156 2666; x_wconf 81' lang='lat' dir='ltr'>sirit</span> <span class='ocrx_word' id='word_1_295' title='bbox 1174 2620 1267 2683; x_wconf 74' lang='lat' dir='ltr'>procori</span> 
     </span>
     <span class='ocr_line' id='line_1_30' title="bbox 119 2683 1265 2750; baseline 0 -16"><span class='ocrx_word' id='word_1_296' title='bbox 119 2705 135 2734; x_wconf 80' lang='lat' dir='ltr'>a</span> <span class='ocrx_word' id='word_1_297' title='bbox 144 2690 269 2750; x_wconf 63' lang='lat' dir='ltr'>serapione</span> <span class='ocrx_word' id='word_1_298' title='bbox 280 2687 383 2736; x_wconf 74' lang='lat' dir='ltr'>assisinis</span> <span class='ocrx_word' id='word_1_299' title='bbox 393 2685 488 2734; x_wconf 87' lang='lat' dir='ltr'>diuini.</span> <span class='ocrx_word' id='word_1_300' title='bbox 500 2686 640 2736; x_wconf 82' lang='lat' dir='ltr'>Caecilius</span> <span class='ocrx_word' id='word_1_301' title='bbox 649 2687 676 2736; x_wconf 92' lang='lat' dir='ltr'>in</span> <span class='ocrx_word' id='word_1_302' title='bbox 685 2721 824 2736; x_wconf 91' lang='grc'><strong>..........</strong></span> <span class='ocrx_word' id='word_1_303' title='bbox 832 2685 869 2734; x_wconf 88' lang='lat' dir='ltr'>sti</span> <span class='ocrx_word' id='word_1_304' title='bbox 878 2683 1054 2734; x_wconf 84' lang='lat' dir='ltr'>tantundem.</span> <span class='ocrx_word' id='word_1_305' title='bbox 1063 2719 1069 2732; x_wconf 91' lang='lat'>.</span> <span class='ocrx_word' id='word_1_306' title='bbox 1078 2721 1084 2733; x_wconf 95' lang='lat'>.</span> <span class='ocrx_word' id='word_1_307' title='bbox 1093 2721 1100 2734; x_wconf 95' lang='lat'>.</span> <span class='ocrx_word' id='word_1_308' title='bbox 1109 2687 1265 2749; x_wconf 82' lang='lat' dir='ltr'>...:.Asr·u·</span> 
     </span>
     <span class='ocr_line' id='line_1_31' title="bbox 120 2751 1263 2819; baseline 0 -17"><span class='ocrx_word' id='word_1_309' title='bbox 120 2759 173 2804; x_wconf 63' lang='lat' dir='ltr'>uses</span> <span class='ocrx_word' id='word_1_310' title='bbox 187 2755 215 2803; x_wconf 87' lang='lat' dir='ltr'>in</span> <span class='ocrx_word' id='word_1_311' title='bbox 228 2754 371 2819; x_wconf 83' lang='lat' dir='ltr'>priuigno:</span> <span class='ocrx_word' id='word_1_312' title='bbox 391 2769 473 2818; x_wconf 85' lang='lat' dir='ltr'>acque</span> <span class='ocrx_word' id='word_1_313' title='bbox 490 2755 608 2818; x_wconf 80' lang='lat' dir='ltr'>profesto</span> <span class='ocrx_word' id='word_1_314' title='bbox 625 2753 789 2804; x_wconf 79' lang='lat' dir='ltr'>concelebras</span> <span class='ocrx_word' id='word_1_315' title='bbox 798 2755 881 2818; x_wconf 77' lang='lat' dir='ltr'>ferrern</span> <span class='ocrx_word' id='word_1_316' title='bbox 894 2751 955 2802; x_wconf 87' lang='lat' dir='ltr'>die.’</span> <span class='ocrx_word' id='word_1_317' title='bbox 982 2753 1086 2802; x_wconf 86' lang='lat' dir='ltr'>Nonius</span> <span class='ocrx_word' id='word_1_318' title='bbox 1098 2769 1125 2818; x_wconf 89' lang='lat' dir='ltr'>p.</span> <span class='ocrx_word' id='word_1_319' title='bbox 1138 2753 1203 2816; x_wconf 79' lang='lat'>434,</span> <span class='ocrx_word' id='word_1_320' title='bbox 1220 2752 1263 2802; x_wconf 85' lang='lat'>10:</span> 
     </span>
     <span class='ocr_line' id='line_1_32' title="bbox 122 2819 1263 2886; baseline 0 -15"><span class='ocrx_word' id='word_1_321' title='bbox 122 2823 251 2872; x_wconf 74' lang='lat' dir='ltr'>‘l&#39;rclcsti</span> <span class='ocrx_word' id='word_1_322' title='bbox 266 2827 294 2870; x_wconf 87' lang='lat' dir='ltr'>et</span> <span class='ocrx_word' id='word_1_323' title='bbox 312 2822 377 2871; x_wconf 80' lang='lat' dir='ltr'>testi</span> <span class='ocrx_word' id='word_1_324' title='bbox 388 2819 448 2870; x_wconf 79' lang='lat' dir='ltr'>illes</span> <span class='ocrx_word' id='word_1_325' title='bbox 462 2821 654 2872; x_wconf 85' lang='lat' dir='ltr'>discernuntur</span> <span class='ocrx_word' id='word_1_326' title='bbox 671 2823 724 2871; x_wconf 89' lang='lat' dir='ltr'>sic:</span> <span class='ocrx_word' id='word_1_327' title='bbox 747 2821 862 2886; x_wconf 79' lang='lat' dir='ltr'>profesti</span> <span class='ocrx_word' id='word_1_328' title='bbox 880 2825 944 2870; x_wconf 76' lang='lat' dir='ltr'>siunt</span> <span class='ocrx_word' id='word_1_329' title='bbox 962 2836 978 2869; x_wconf 91' lang='lat' dir='ltr'>a</span> <span class='ocrx_word' id='word_1_330' title='bbox 998 2821 1153 2874; x_wconf 84' lang='lat' dir='ltr'>sestiuitate</span> <span class='ocrx_word' id='word_1_331' title='bbox 1172 2822 1263 2871; x_wconf 88' lang='lat' dir='ltr'>uacui.</span> 
     </span>
     <span class='ocr_line' id='line_1_33' title="bbox 120 2887 1264 2954; baseline 0.001 -17"><span class='ocrx_word' id='word_1_332' title='bbox 120 2889 253 2939; x_wconf 75' lang='lat' dir='ltr'>Afranius</span> <span class='ocrx_word' id='word_1_333' title='bbox 272 2889 412 2954; x_wconf 80' lang='lat' dir='ltr'>priuigno:</span> <span class='ocrx_word' id='word_1_334' title='bbox 442 2889 519 2950; x_wconf 86' lang='lat' dir='ltr'>Quae</span> <span class='ocrx_word' id='word_1_335' title='bbox 539 2889 604 2939; x_wconf 84' lang='lat' dir='ltr'>sesti</span> <span class='ocrx_word' id='word_1_336' title='bbox 623 2891 716 2940; x_wconf 82' lang='lat' dir='ltr'>facero</span> <span class='ocrx_word' id='word_1_337' title='bbox 736 2905 785 2939; x_wconf 92' lang='lat' dir='ltr'>nos</span> <span class='ocrx_word' id='word_1_338' title='bbox 804 2889 922 2938; x_wconf 88' lang='lat' dir='ltr'>solemus</span> <span class='ocrx_word' id='word_1_339' title='bbox 941 2887 994 2948; x_wconf 83' lang='lat' dir='ltr'>die,</span> <span class='ocrx_word' id='word_1_340' title='bbox 1015 2887 1163 2938; x_wconf 88' lang='lat' dir='ltr'>Cotidiano</span> <span class='ocrx_word' id='word_1_341' title='bbox 1181 2907 1264 2954; x_wconf 85' lang='lat' dir='ltr'>opere</span> 
     </span>
     <span class='ocr_line' id='line_1_34' title="bbox 121 2953 1264 3022; baseline 0.002 -18"><span class='ocrx_word' id='word_1_342' title='bbox 121 2957 265 3020; x_wconf 78' lang='lat' dir='ltr'>promissit</span> <span class='ocrx_word' id='word_1_343' title='bbox 283 2957 389 3017; x_wconf 85' lang='lat' dir='ltr'>omnia,</span> <span class='ocrx_word' id='word_1_344' title='bbox 413 2955 507 3020; x_wconf 79' lang='lat' dir='ltr'>Aeque</span> <span class='ocrx_word' id='word_1_345' title='bbox 532 2958 654 3021; x_wconf 82' lang='lat' dir='ltr'>profesto</span> <span class='ocrx_word' id='word_1_346' title='bbox 678 2957 857 3007; x_wconf 87' lang='lat' dir='ltr'>concelebras</span> <span class='ocrx_word' id='word_1_347' title='bbox 883 2953 993 3005; x_wconf 79' lang='lat' dir='ltr'>locum’</span> <span class='ocrx_word' id='word_1_348' title='bbox 1028 2955 1129 3006; x_wconf 80' lang='lat' dir='ltr'>Festus</span> <span class='ocrx_word' id='word_1_349' title='bbox 1151 2973 1176 3022; x_wconf 91' lang='lat' dir='ltr'>p.</span> <span class='ocrx_word' id='word_1_350' title='bbox 1200 2957 1264 3008; x_wconf 79' lang='lat'>253:</span> 
     </span>
     <span class='ocr_line' id='line_1_35' title="bbox 122 3021 1263 3092; baseline 0.002 -18"><span class='ocrx_word' id='word_1_351' title='bbox 122 3025 289 3074; x_wconf 80' lang='lat' dir='ltr'>&#39;l’rol&#39;csturn</span> <span class='ocrx_word' id='word_1_352' title='bbox 309 3031 351 3074; x_wconf 90' lang='lat' dir='ltr'>est</span> <span class='ocrx_word' id='word_1_353' title='bbox 369 3021 493 3087; x_wconf 83' lang='lat' dir='ltr'>†inccre</span> <span class='ocrx_word' id='word_1_354' title='bbox 508 3030 647 3092; x_wconf 83' lang='lat' dir='ltr'>tamquam</span> <span class='ocrx_word' id='word_1_355' title='bbox 666 3026 810 3090; x_wconf 77' lang='lat' dir='ltr'>profanum</span> <span class='ocrx_word' id='word_1_356' title='bbox 829 3024 937 3086; x_wconf 84' lang='lat' dir='ltr'>facere,</span> <span class='ocrx_word' id='word_1_357' title='bbox 963 3023 990 3073; x_wconf 90' lang='lat' dir='ltr'>id</span> <span class='ocrx_word' id='word_1_358' title='bbox 1009 3029 1051 3074; x_wconf 88' lang='lat' dir='ltr'>est</span> <span class='ocrx_word' id='word_1_359' title='bbox 1070 3025 1140 3088; x_wconf 89' lang='lat' dir='ltr'>quod</span> <span class='ocrx_word' id='word_1_360' title='bbox 1159 3043 1191 3075; x_wconf 92' lang='lat' dir='ltr'>eo</span> <span class='ocrx_word' id='word_1_361' title='bbox 1210 3026 1263 3086; x_wconf 86' lang='lat' dir='ltr'>die,</span> 
     </span>
     <span class='ocr_line' id='line_1_36' title="bbox 121 3091 1265 3158; baseline 0.002 -16"><span class='ocrx_word' id='word_1_362' title='bbox 121 3093 166 3157; x_wconf 87' lang='lat' dir='ltr'>qui</span> <span class='ocrx_word' id='word_1_363' title='bbox 185 3093 247 3142; x_wconf 84' lang='lat' dir='ltr'>dies</span> <span class='ocrx_word' id='word_1_364' title='bbox 267 3093 397 3142; x_wconf 84' lang='lat' dir='ltr'>seriarum</span> <span class='ocrx_word' id='word_1_365' title='bbox 415 3099 544 3153; x_wconf 86' lang='lat' dir='ltr'>nonest,</span> <span class='ocrx_word' id='word_1_366' title='bbox 570 3093 589 3155; x_wconf 90' lang='lat'>†</span> <span class='ocrx_word' id='word_1_367' title='bbox 614 3093 717 3142; x_wconf 82' lang='lat' dir='ltr'>iacere.</span> <span class='ocrx_word' id='word_1_368' title='bbox 752 3092 796 3142; x_wconf 83' lang='lat' dir='ltr'>uel</span> <span class='ocrx_word' id='word_1_369' title='bbox 820 3097 850 3141; x_wconf 89' lang='lat' dir='ltr'>ut</span> <span class='ocrx_word' id='word_1_370' title='bbox 869 3092 978 3156; x_wconf 85' lang='lat' dir='ltr'>qnidam</span> <span class='ocrx_word' id='word_1_371' title='bbox 997 3091 1136 3154; x_wconf 82' lang='lat' dir='ltr'>dixerunt,</span> <span class='ocrx_word' id='word_1_372' title='bbox 1161 3109 1209 3158; x_wconf 90' lang='lat' dir='ltr'>pro</span> <span class='ocrx_word' id='word_1_373' title='bbox 1233 3109 1265 3144; x_wconf 88' lang='lat' dir='ltr'>eo</span> 
     </span>
     <span class='ocr_line' id='line_1_37' title="bbox 122 3159 1263 3224; baseline 0.003 -16"><span class='ocrx_word' id='word_1_374' title='bbox 122 3163 217 3210; x_wconf 82' lang='lat' dir='ltr'>lacere</span> <span class='ocrx_word' id='word_1_375' title='bbox 237 3160 314 3209; x_wconf 82' lang='lat' dir='ltr'>uelut</span> <span class='ocrx_word' id='word_1_376' title='bbox 334 3160 420 3209; x_wconf 86' lang='lat' dir='ltr'>leriae</span> <span class='ocrx_word' id='word_1_377' title='bbox 439 3175 494 3209; x_wconf 90' lang='lat' dir='ltr'>nou</span> <span class='ocrx_word' id='word_1_378' title='bbox 511 3160 580 3222; x_wconf 74' lang='lat' dir='ltr'>sint3</span> <span class='ocrx_word' id='word_1_379' title='bbox 605 3166 653 3210; x_wconf 88' lang='lat' dir='ltr'>aut</span> <span class='ocrx_word' id='word_1_380' title='bbox 670 3160 697 3209; x_wconf 89' lang='lat' dir='ltr'>id</span> <span class='ocrx_word' id='word_1_381' title='bbox 718 3161 824 3222; x_wconf 84' lang='lat' dir='ltr'>lacere,</span> <span class='ocrx_word' id='word_1_382' title='bbox 844 3160 914 3224; x_wconf 74' lang='lat' dir='ltr'>qrtotl</span> <span class='ocrx_word' id='word_1_383' title='bbox 934 3160 1001 3208; x_wconf 84' lang='lat' dir='ltr'>ieris</span> <span class='ocrx_word' id='word_1_384' title='bbox 1019 3159 1079 3210; x_wconf 85' lang='lat' dir='ltr'>fieri</span> <span class='ocrx_word' id='word_1_385' title='bbox 1098 3175 1152 3210; x_wconf 91' lang='lat' dir='ltr'>nou</span> <span class='ocrx_word' id='word_1_386' title='bbox 1171 3162 1263 3212; x_wconf 87' lang='lat' dir='ltr'>liceat.</span> 
     </span>
     <span class='ocr_line' id='line_1_38' title="bbox 120 3225 1265 3293; baseline 0.002 -17"><span class='ocrx_word' id='word_1_387' title='bbox 120 3230 216 3292; x_wconf 84' lang='lat' dir='ltr'>itaque</span> <span class='ocrx_word' id='word_1_388' title='bbox 236 3228 309 3276; x_wconf 87' lang='lat' dir='ltr'>diem</span> <span class='ocrx_word' id='word_1_389' title='bbox 327 3229 478 3291; x_wconf 81' lang='lat' dir='ltr'>profestum</span> <span class='ocrx_word' id='word_1_390' title='bbox 498 3227 570 3276; x_wconf 88' lang='lat' dir='ltr'>diem</span> <span class='ocrx_word' id='word_1_391' title='bbox 589 3229 649 3278; x_wconf 86' lang='lat' dir='ltr'>sine</span> <span class='ocrx_word' id='word_1_392' title='bbox 668 3228 735 3278; x_wconf 81' lang='lat' dir='ltr'>seris</span> <span class='ocrx_word' id='word_1_393' title='bbox 754 3225 835 3278; x_wconf 79' lang='lat' dir='ltr'>esee&#39;</span> <span class='ocrx_word' id='word_1_394' title='bbox 854 3226 956 3276; x_wconf 88' lang='lat' dir='ltr'>Paulus</span> <span class='ocrx_word' id='word_1_395' title='bbox 969 3227 1045 3276; x_wconf 90' lang='lat' dir='ltr'>Festi</span> <span class='ocrx_word' id='word_1_396' title='bbox 1062 3243 1089 3293; x_wconf 93' lang='lat' dir='ltr'>p.</span> <span class='ocrx_word' id='word_1_397' title='bbox 1108 3229 1171 3278; x_wconf 77' lang='lat'>252:</span> <span class='ocrx_word' id='word_1_398' title='bbox 1191 3229 1265 3278; x_wconf 83' lang='lat' dir='ltr'>‘Pro-</span> 
     </span>
     <span class='ocr_line' id='line_1_39' title="bbox 121 3293 1266 3360; baseline 0 -16"><span class='ocrx_word' id='word_1_399' title='bbox 121 3297 223 3344; x_wconf 78' lang='lat' dir='ltr'>icstum</span> <span class='ocrx_word' id='word_1_400' title='bbox 242 3295 316 3344; x_wconf 88' lang='lat' dir='ltr'>diem</span> <span class='ocrx_word' id='word_1_401' title='bbox 334 3293 467 3344; x_wconf 88' lang='lat' dir='ltr'>dicebaut</span> <span class='ocrx_word' id='word_1_402' title='bbox 486 3296 532 3359; x_wconf 86' lang='lat' dir='ltr'>qui</span> <span class='ocrx_word' id='word_1_403' title='bbox 546 3295 634 3346; x_wconf 81' lang='lat' dir='ltr'>festus</span> <span class='ocrx_word' id='word_1_404' title='bbox 647 3313 700 3346; x_wconf 70' lang='lat' dir='ltr'>ncrn</span> <span class='ocrx_word' id='word_1_405' title='bbox 714 3293 794 3345; x_wconf 87' lang='lat' dir='ltr'>erat.&#39;</span> <span class='ocrx_word' id='word_1_406' title='bbox 820 3312 846 3360; x_wconf 90' lang='lat' dir='ltr'>p.</span> <span class='ocrx_word' id='word_1_407' title='bbox 856 3293 916 3344; x_wconf 83' lang='lat'>103:</span> <span class='ocrx_word' id='word_1_408' title='bbox 938 3295 1015 3344; x_wconf 85' lang='lat' dir='ltr'>‘Iusti</span> <span class='ocrx_word' id='word_1_409' title='bbox 1029 3295 1088 3345; x_wconf 90' lang='lat' dir='ltr'>dics</span> <span class='ocrx_word' id='word_1_410' title='bbox 1101 3297 1266 3346; x_wconf 85' lang='lat' dir='ltr'>dicebantur</span> 
     </span>
     <span class='ocr_line' id='line_1_40' title="bbox 121 3361 1265 3429; baseline 0.002 -19"><span class='ocrx_word' id='word_1_411' title='bbox 121 3364 253 3428; x_wconf 71' lang='lat' dir='ltr'>triginta,</span> <span class='ocrx_word' id='word_1_412' title='bbox 279 3378 340 3412; x_wconf 89' lang='lat' dir='ltr'>curn</span> <span class='ocrx_word' id='word_1_413' title='bbox 365 3363 503 3414; x_wconf 85' lang='lat' dir='ltr'>exercitus</span> <span class='ocrx_word' id='word_1_414' title='bbox 527 3369 601 3414; x_wconf 86' lang='lat' dir='ltr'>essct</span> <span class='ocrx_word' id='word_1_415' title='bbox 624 3365 775 3428; x_wconf 88' lang='lat' dir='ltr'>imperatus</span> <span class='ocrx_word' id='word_1_416' title='bbox 799 3369 828 3413; x_wconf 92' lang='lat' dir='ltr'>et</span> <span class='ocrx_word' id='word_1_417' title='bbox 849 3361 981 3412; x_wconf 82' lang='lat' dir='ltr'>uexillum</span> <span class='ocrx_word' id='word_1_418' title='bbox 999 3363 1027 3412; x_wconf 91' lang='lat' dir='ltr'>in</span> <span class='ocrx_word' id='word_1_419' title='bbox 1047 3379 1110 3413; x_wconf 87' lang='lat' dir='ltr'>arce</span> <span class='ocrx_word' id='word_1_420' title='bbox 1129 3365 1265 3429; x_wconf 74' lang='lat' dir='ltr'>positum.¹</span> 
     </span>
     <span class='ocr_line' id='line_1_41' title="bbox 121 3423 1322 3496; baseline 0.001 -17"><span class='ocrx_word' id='word_1_421' title='bbox 121 3448 147 3496; x_wconf 93' lang='lat' dir='ltr'>p.</span> <span class='ocrx_word' id='word_1_422' title='bbox 165 3431 230 3480; x_wconf 67' lang='lat' dir='ltr'>rso:</span> <span class='ocrx_word' id='word_1_423' title='bbox 251 3429 419 3480; x_wconf 80' lang='lat' dir='ltr'>‘Praeliares</span> <span class='ocrx_word' id='word_1_424' title='bbox 438 3429 497 3479; x_wconf 89' lang='lat' dir='ltr'>dies</span> <span class='ocrx_word' id='word_1_425' title='bbox 516 3431 693 3496; x_wconf 88' lang='lat' dir='ltr'>appellantur</span> <span class='ocrx_word' id='word_1_426' title='bbox 710 3431 809 3495; x_wconf 85' lang='lat' dir='ltr'>quibus</span> <span class='ocrx_word' id='word_1_427' title='bbox 833 3431 876 3480; x_wconf 84' lang='lat' dir='ltr'>las</span> <span class='ocrx_word' id='word_1_428' title='bbox 901 3435 943 3480; x_wconf 89' lang='lat' dir='ltr'>est</span> <span class='ocrx_word' id='word_1_429' title='bbox 961 3429 1066 3480; x_wconf 88' lang='lat' dir='ltr'>hostem</span> <span class='ocrx_word' id='word_1_430' title='bbox 1085 3431 1159 3481; x_wconf 85' lang='lat' dir='ltr'>bello</span> <span class='ocrx_word' id='word_1_431' title='bbox 1177 3431 1265 3480; x_wconf 82' lang='lat' dir='ltr'>laces·</span> <span class='ocrx_word' id='word_1_432' title='bbox 1316 3423 1322 3440; x_wconf 58' lang='lat'>⁸</span> 
     </span>
     <span class='ocr_line' id='line_1_42' title="bbox 121 3496 1265 3564; baseline 0.002 -18"><span class='ocrx_word' id='word_1_433' title='bbox 121 3515 190 3548; x_wconf 78' lang='lat' dir='ltr'>scre.</span> <span class='ocrx_word' id='word_1_434' title='bbox 230 3503 310 3548; x_wconf 86' lang='lat' dir='ltr'>crant</span> <span class='ocrx_word' id='word_1_435' title='bbox 329 3499 400 3546; x_wconf 87' lang='lat' dir='ltr'>cuim</span> <span class='ocrx_word' id='word_1_436' title='bbox 420 3497 554 3562; x_wconf 89' lang='lat' dir='ltr'>quaedam</span> <span class='ocrx_word' id='word_1_437' title='bbox 573 3499 660 3548; x_wconf 84' lang='lat' dir='ltr'>feriae</span> <span class='ocrx_word' id='word_1_438' title='bbox 679 3499 818 3564; x_wconf 83' lang='lat' dir='ltr'>publicae,</span> <span class='ocrx_word' id='word_1_439' title='bbox 838 3498 935 3562; x_wconf 88' lang='lat' dir='ltr'>quibus</span> <span class='ocrx_word' id='word_1_440' title='bbox 949 3499 1027 3547; x_wconf 83' lang='lat' dir='ltr'>nolas</span> <span class='ocrx_word' id='word_1_441' title='bbox 1041 3499 1093 3548; x_wconf 83' lang='lat' dir='ltr'>fuit</span> <span class='ocrx_word' id='word_1_442' title='bbox 1107 3499 1133 3548; x_wconf 89' lang='lat' dir='ltr'>id</span> <span class='ocrx_word' id='word_1_443' title='bbox 1152 3496 1265 3548; x_wconf 59' lang='lat' dir='ltr'>lacere!</span> 
     </span>
     <span class='ocr_line' id='line_1_43' title="bbox 122 3565 1265 3631; baseline 0 -17"><span class='ocrx_word' id='word_1_444' title='bbox 122 3565 223 3616; x_wconf 79' lang='lat' dir='ltr'>Festus</span> <span class='ocrx_word' id='word_1_445' title='bbox 238 3583 265 3631; x_wconf 93' lang='lat' dir='ltr'>p.</span> <span class='ocrx_word' id='word_1_446' title='bbox 288 3565 348 3614; x_wconf 81' lang='lat'>178:</span> <span class='ocrx_word' id='word_1_447' title='bbox 369 3565 507 3614; x_wconf 59' lang='lat' dir='ltr'>‘Asamum</span> <span class='ocrx_word' id='word_1_448' title='bbox 525 3569 589 3628; x_wconf 82' lang='lat' dir='ltr'>dies,</span> <span class='ocrx_word' id='word_1_449' title='bbox 602 3569 659 3616; x_wconf 74' lang='lat' dir='ltr'>iterii</span> <span class='ocrx_word' id='word_1_450' title='bbox 677 3567 783 3622; x_wconf 82' lang='lat' dir='ltr'>Iduum,</span> <span class='ocrx_word' id='word_1_451' title='bbox 797 3567 978 3616; x_wconf 82' lang='lat' dir='ltr'>Kalendarum</span> <span class='ocrx_word' id='word_1_452' title='bbox 990 3568 1073 3630; x_wconf 84' lang='lat' dir='ltr'>nuptis</span> <span class='ocrx_word' id='word_1_453' title='bbox 1086 3569 1163 3616; x_wconf 78' lang='lat' dir='ltr'>alieni</span> <span class='ocrx_word' id='word_1_454' title='bbox 1172 3567 1265 3616; x_wconf 78' lang='lat' dir='ltr'>luderi-</span> 
     </span>
     <span class='ocr_line' id='line_1_44' title="bbox 121 3633 1264 3700; baseline 0.003 -19"><span class='ocrx_word' id='word_1_455' title='bbox 121 3643 170 3686; x_wconf 69' lang='grc' dir='ltr'>ηπ.</span> <span class='ocrx_word' id='word_1_456' title='bbox 185 3637 245 3700; x_wconf 70' lang='lat' dir='ltr'>queis</span> <span class='ocrx_word' id='word_1_457' title='bbox 258 3649 344 3684; x_wconf 80' lang='lat' dir='ltr'>notrae</span> <span class='ocrx_word' id='word_1_458' title='bbox 358 3639 461 3698; x_wconf 86' lang='lat' dir='ltr'>nuptae</span> <span class='ocrx_word' id='word_1_459' title='bbox 473 3635 511 3684; x_wconf 84' lang='lat' dir='ltr'>sie</span> <span class='ocrx_word' id='word_1_460' title='bbox 522 3635 586 3684; x_wconf 81' lang='lat' dir='ltr'>cliens</span> <span class='ocrx_word' id='word_1_461' title='bbox 603 3637 728 3699; x_wconf 71' lang='lat' dir='ltr'>postridie</span> <span class='ocrx_word' id='word_1_462' title='bbox 747 3637 847 3698; x_wconf 76' lang='lat' dir='ltr'>ariptius</span> <span class='ocrx_word' id='word_1_463' title='bbox 863 3635 978 3682; x_wconf 62' lang='lat' dir='ltr'>meditus·</span> <span class='ocrx_word' id='word_1_464' title='bbox 990 3639 1077 3682; x_wconf 86' lang='lat' dir='ltr'>utrum</span> <span class='ocrx_word' id='word_1_465' title='bbox 1091 3633 1264 3697; x_wconf 81' lang='lat' dir='ltr'>inlucisecrc‚</span> 
     </span>
     <span class='ocr_line' id='line_1_45' title="bbox 122 3702 1266 3768; baseline 0.004 -21"><span class='ocrx_word' id='word_1_466' title='bbox 122 3706 237 3766; x_wconf 68' lang='lat' dir='ltr'>pasinicus</span> <span class='ocrx_word' id='word_1_467' title='bbox 250 3703 355 3752; x_wconf 79' lang='lat' dir='ltr'>decreto</span> <span class='ocrx_word' id='word_1_468' title='bbox 365 3705 509 3765; x_wconf 78' lang='lat' dir='ltr'>pontificum</span> <span class='ocrx_word' id='word_1_469' title='bbox 521 3705 574 3750; x_wconf 82' lang='lat' dir='ltr'>utri</span> <span class='ocrx_word' id='word_1_470' title='bbox 584 3703 611 3752; x_wconf 84' lang='lat' dir='ltr'>lu&#39;</span> <span class='ocrx_word' id='word_1_471' title='bbox 621 3705 679 3753; x_wconf 73' lang='lat' dir='ltr'>dies</span> <span class='ocrx_word' id='word_1_472' title='bbox 693 3719 754 3752; x_wconf 86' lang='lat' dir='ltr'>esse</span> <span class='ocrx_word' id='word_1_473' title='bbox 766 3702 883 3752; x_wconf 74' lang='lat' dir='ltr'>iudicati</span> <span class='ocrx_word' id='word_1_474' title='bbox 891 3707 957 3760; x_wconf 82' lang='lat' dir='ltr'>sunt,</span> <span class='ocrx_word' id='word_1_475' title='bbox 970 3703 1039 3767; x_wconf 86' lang='lat' dir='ltr'>qued</span> <span class='ocrx_word' id='word_1_476' title='bbox 1049 3703 1266 3768; x_wconf 70' lang='lat' dir='ltr'>qnietieusenmqne</span> 
     </span>
     <span class='ocr_line' id='line_1_46' title="bbox 121 3767 1265 3834; baseline 0.001 -16"><span class='ocrx_word' id='word_1_477' title='bbox 121 3771 228 3820; x_wconf 69' lang='lat' dir='ltr'>lloamri</span> <span class='ocrx_word' id='word_1_478' title='bbox 240 3771 321 3820; x_wconf 79' lang='lat' dir='ltr'>duces</span> <span class='ocrx_word' id='word_1_479' title='bbox 332 3768 399 3818; x_wconf 85' lang='lat' dir='ltr'>belli</span> <span class='ocrx_word' id='word_1_480' title='bbox 413 3771 524 3833; x_wconf 79' lang='lat' dir='ltr'>gerendi</span> <span class='ocrx_word' id='word_1_481' title='bbox 531 3786 608 3820; x_wconf 72' lang='lat' dir='ltr'>ruisse</span> <span class='ocrx_word' id='word_1_482' title='bbox 617 3771 656 3820; x_wconf 76' lang='lat' dir='ltr'>nu</span> <span class='ocrx_word' id='word_1_483' title='bbox 668 3771 755 3820; x_wconf 83' lang='lat' dir='ltr'>diebus</span> <span class='ocrx_word' id='word_1_484' title='bbox 766 3774 951 3834; x_wconf 82' lang='lat' dir='ltr'>supplicauere,</span> <span class='ocrx_word' id='word_1_485' title='bbox 964 3773 1027 3818; x_wconf 69' lang='lat' dir='ltr'>arsule</span> <span class='ocrx_word' id='word_1_486' title='bbox 1040 3785 1124 3834; x_wconf 87' lang='lat' dir='ltr'>remp.</span> <span class='ocrx_word' id='word_1_487' title='bbox 1138 3767 1265 3834; x_wconf 62' lang='lat' dir='ltr'>gessere!</span> 
     </span>
     <span class='ocr_line' id='line_1_47' title="bbox 122 3833 1268 3902; baseline 0.001 -16"><span class='ocrx_word' id='word_1_488' title='bbox 122 3837 311 3886; x_wconf 75' lang='lat' dir='ltr'>l’aulusFesti</span> <span class='ocrx_word' id='word_1_489' title='bbox 322 3853 347 3902; x_wconf 92' lang='lat' dir='ltr'>p.</span> <span class='ocrx_word' id='word_1_490' title='bbox 359 3833 420 3884; x_wconf 77' lang='lat'>179:</span> <span class='ocrx_word' id='word_1_491' title='bbox 435 3835 583 3887; x_wconf 81' lang='lat' dir='ltr'>‘Nonarum</span> <span class='ocrx_word' id='word_1_492' title='bbox 596 3837 687 3888; x_wconf 89' lang='lat' dir='ltr'>iduum</span> <span class='ocrx_word' id='word_1_493' title='bbox 698 3838 875 3888; x_wconf 82' lang='lat' dir='ltr'>calendarum</span> <span class='ocrx_word' id='word_1_494' title='bbox 888 3836 947 3886; x_wconf 88' lang='lat' dir='ltr'>dies</span> <span class='ocrx_word' id='word_1_495' title='bbox 960 3839 1052 3902; x_wconf 86' lang='lat' dir='ltr'>nuptis</span> <span class='ocrx_word' id='word_1_496' title='bbox 1066 3836 1151 3886; x_wconf 84' lang='lat' dir='ltr'>alieni</span> <span class='ocrx_word' id='word_1_497' title='bbox 1163 3836 1268 3888; x_wconf 86' lang='lat' dir='ltr'>habeu-</span> 
     </span>
     <span class='ocr_line' id='line_1_48' title="bbox 121 3903 1266 3970; baseline 0 -16"><span class='ocrx_word' id='word_1_498' title='bbox 121 3913 178 3968; x_wconf 77' lang='lat' dir='ltr'>tur,</span> <span class='ocrx_word' id='word_1_499' title='bbox 197 3906 329 3970; x_wconf 87' lang='lat' dir='ltr'>quonism</span> <span class='ocrx_word' id='word_1_500' title='bbox 345 3904 375 3952; x_wconf 91' lang='lat' dir='ltr'>hi</span> <span class='ocrx_word' id='word_1_501' title='bbox 392 3903 452 3954; x_wconf 90' lang='lat' dir='ltr'>dies</span> <span class='ocrx_word' id='word_1_502' title='bbox 464 3904 576 3956; x_wconf 89' lang='lat' dir='ltr'>decreto</span> <span class='ocrx_word' id='word_1_503' title='bbox 593 3906 752 3970; x_wconf 83' lang='lat' dir='ltr'>pontificum</span> <span class='ocrx_word' id='word_1_504' title='bbox 765 3906 819 3954; x_wconf 90' lang='lat' dir='ltr'>atri</span> <span class='ocrx_word' id='word_1_505' title='bbox 831 3904 949 3954; x_wconf 89' lang='lat' dir='ltr'>iudicati</span> <span class='ocrx_word' id='word_1_506' title='bbox 960 3907 1034 3966; x_wconf 87' lang='lat' dir='ltr'>sunt,</span> <span class='ocrx_word' id='word_1_507' title='bbox 1048 3904 1133 3970; x_wconf 86' lang='lat' dir='ltr'>quod,</span> <span class='ocrx_word' id='word_1_508' title='bbox 1147 3907 1266 3970; x_wconf 91' lang='lat' dir='ltr'>quoties-</span> 
     </span>
     <span class='ocr_line' id='line_1_49' title="bbox 121 3971 1266 4040; baseline 0.001 -18"><span class='ocrx_word' id='word_1_509' title='bbox 121 3989 230 4040; x_wconf 82' lang='lat' dir='ltr'>cunque</span> <span class='ocrx_word' id='word_1_510' title='bbox 236 3973 355 4024; x_wconf 85' lang='lat' dir='ltr'>Romani</span> <span class='ocrx_word' id='word_1_511' title='bbox 366 3971 451 4022; x_wconf 86' lang='lat' dir='ltr'>duces</span> <span class='ocrx_word' id='word_1_512' title='bbox 464 3971 531 4022; x_wconf 89' lang='lat' dir='ltr'>belli</span> <span class='ocrx_word' id='word_1_513' title='bbox 540 3973 655 4038; x_wconf 84' lang='lat' dir='ltr'>gerendi</span> <span class='ocrx_word' id='word_1_514' title='bbox 668 3975 761 4039; x_wconf 87' lang='lat' dir='ltr'>gretia</span> <span class='ocrx_word' id='word_1_515' title='bbox 774 3973 817 4024; x_wconf 91' lang='lat' dir='ltr'>his</span> <span class='ocrx_word' id='word_1_516' title='bbox 830 3973 927 4024; x_wconf 90' lang='lat' dir='ltr'>diebus</span> <span class='ocrx_word' id='word_1_517' title='bbox 941 3973 1181 4039; x_wconf 85' lang='lat' dir='ltr'>supplicauerunt,</span> <span class='ocrx_word' id='word_1_518' title='bbox 1194 3973 1266 4024; x_wconf 84' lang='lat' dir='ltr'>male</span> 
     </span>
    </p>
   </div>
   <div class='ocr_carea' id='block_1_4' title="bbox 121 4155 1267 4500">
    <p class='ocr_par' dir='ltr' id='par_1_4' title="bbox 121 4155 1267 4500">
     <span class='ocr_line' id='line_1_50' title="bbox 211 4155 1267 4244; baseline -0.003 -20"><span class='ocrx_word' id='word_1_519' title='bbox 211 4173 219 4224; x_wconf 93' lang='lat' dir='ltr'>l</span> <span class='ocrx_word' id='word_1_520' title='bbox 242 4161 308 4222; x_wconf 83' lang='lat' dir='ltr'>XII</span> <span class='ocrx_word' id='word_1_521' title='bbox 324 4157 361 4220; x_wconf 75' lang='lat' dir='ltr'>A¹</span> <span class='ocrx_word' id='word_1_522' title='bbox 380 4159 462 4220; x_wconf 90' lang='lat' dir='ltr'>XIII</span> <span class='ocrx_word' id='word_1_523' title='bbox 480 4155 518 4218; x_wconf 63' lang='grc' dir='ltr'>Α)</span> <span class='ocrx_word' id='word_1_524' title='bbox 540 4155 553 4244; x_wconf 74' lang='grc' dir='ltr'>[Ι</span> <span class='ocrx_word' id='word_1_525' title='bbox 575 4161 695 4222; x_wconf 87' lang='lat' dir='ltr'>aVIIII</span> <span class='ocrx_word' id='word_1_526' title='bbox 711 4155 747 4220; x_wconf 80' lang='lat' dir='ltr'>A¹</span> <span class='ocrx_word' id='word_1_527' title='bbox 769 4183 847 4220; x_wconf 87' lang='lat' dir='ltr'>anno</span> <span class='ocrx_word' id='word_1_528' title='bbox 866 4157 905 4220; x_wconf 82' lang='lat' dir='ltr'>A²</span> <span class='ocrx_word' id='word_1_529' title='bbox 927 4155 940 4242; x_wconf 81' lang='grc' dir='ltr'>ΙΙ</span> <span class='ocrx_word' id='word_1_530' title='bbox 955 4158 1000 4220; x_wconf 69' lang='lat' dir='ltr'>kl</span> <span class='ocrx_word' id='word_1_531' title='bbox 1016 4163 1100 4220; x_wconf 70' lang='grc' dir='ltr'>ΛΟΜ</span> <span class='ocrx_word' id='word_1_532' title='bbox 1114 4161 1267 4222; x_wconf 85' lang='lat' dir='ltr'>Kalendis</span> 
     </span>
     <span class='ocr_line' id='line_1_51' title="bbox 123 4239 1267 4328; baseline 0 -22"><span class='ocrx_word' id='word_1_533' title='bbox 123 4243 164 4306; x_wconf 60' lang='grc' dir='ltr'>θ’</span> <span class='ocrx_word' id='word_1_534' title='bbox 184 4243 189 4328; x_wconf 87' lang='grc' dir='ltr'>Ι</span> <span class='ocrx_word' id='word_1_535' title='bbox 220 4249 249 4306; x_wconf 91' lang='lat' dir='ltr'>in</span> <span class='ocrx_word' id='word_1_536' title='bbox 268 4249 374 4326; x_wconf 87' lang='lat' dir='ltr'>quinto</span> <span class='ocrx_word' id='word_1_537' title='bbox 391 4239 457 4304; x_wconf 82' lang='lat' dir='ltr'>A²B</span> <span class='ocrx_word' id='word_1_538' title='bbox 477 4239 490 4327; x_wconf 74' lang='lat' dir='ltr'>ll</span> <span class='ocrx_word' id='word_1_539' title='bbox 513 4243 758 4325; x_wconf 86' lang='lat' dir='ltr'>memoratarum]</span> <span class='ocrx_word' id='word_1_540' title='bbox 779 4247 943 4306; x_wconf 87' lang='lat' dir='ltr'>earundem</span> <span class='ocrx_word' id='word_1_541' title='bbox 963 4249 994 4303; x_wconf 88' lang='lat' dir='ltr'><em>M</em></span> <span class='ocrx_word' id='word_1_542' title='bbox 1008 4243 1020 4326; x_wconf 82' lang='grc' dir='ltr'>Η</span> <span class='ocrx_word' id='word_1_543' title='bbox 1036 4257 1053 4309; x_wconf 87' lang='grc'>3</span> <span class='ocrx_word' id='word_1_544' title='bbox 1071 4247 1267 4306; x_wconf 86' lang='lat' dir='ltr'>solestitiales</span> 
     </span>
     <span class='ocr_line' id='line_1_52' title="bbox 123 4326 1267 4413; baseline 0.002 -23"><span class='ocrx_word' id='word_1_545' title='bbox 123 4335 179 4390; x_wconf 82' lang='lat' dir='ltr'>GM</span> <span class='ocrx_word' id='word_1_546' title='bbox 203 4331 208 4413; x_wconf 82' lang='grc' dir='ltr'>Ι</span> <span class='ocrx_word' id='word_1_547' title='bbox 224 4331 375 4390; x_wconf 88' lang='lat' dir='ltr'>crescenti</span> <span class='ocrx_word' id='word_1_548' title='bbox 396 4333 476 4406; x_wconf 70' lang='lat' dir='ltr'>vulno</span> <span class='ocrx_word' id='word_1_549' title='bbox 490 4326 504 4412; x_wconf 77' lang='grc' dir='ltr'>ΙΙ</span> <span class='ocrx_word' id='word_1_550' title='bbox 521 4327 693 4409; x_wconf 87' lang='lat' dir='ltr'>crescente]</span> <span class='ocrx_word' id='word_1_551' title='bbox 706 4331 737 4390; x_wconf 90' lang='lat' dir='ltr'>in</span> <span class='ocrx_word' id='word_1_552' title='bbox 749 4333 863 4392; x_wconf 86' lang='lat' dir='ltr'>maiore</span> <span class='ocrx_word' id='word_1_553' title='bbox 874 4331 1035 4391; x_wconf 87' lang='lat' dir='ltr'>latitudine</span> <span class='ocrx_word' id='word_1_554' title='bbox 1049 4351 1137 4412; x_wconf 88' lang='lat' dir='ltr'>quam</span> <span class='ocrx_word' id='word_1_555' title='bbox 1154 4331 1267 4392; x_wconf 86' lang='lat' dir='ltr'>babere</span> 
     </span>
     <span class='ocr_line' id='line_1_53' title="bbox 121 4419 448 4500; baseline -0.015 -23"><span class='ocrx_word' id='word_1_556' title='bbox 121 4421 220 4500; x_wconf 87' lang='lat' dir='ltr'>pessit</span> <span class='ocrx_word' id='word_1_557' title='bbox 235 4425 395 4478; x_wconf 89' lang='lat' dir='ltr'>crescente</span> <span class='ocrx_word' id='word_1_558' title='bbox 411 4419 448 4473; x_wconf 88' lang='lat' dir='ltr'>al.</span> 
     </span>
    </p>
   </div>
   <div class='ocr_carea' id='block_1_5' title="bbox 0 0 1537 5064">
    <p class='ocr_par' dir='ltr' id='par_1_5' title="bbox 0 0 1537 5064">
     <span class='ocr_line' id='line_1_54' title="bbox 0 0 1537 5064; baseline 0 0"><span class='ocrx_word' id='word_1_559' title='bbox 0 0 1537 5064; x_wconf 95' lang='lat' dir='ltr'> </span> 
     </span>
    </p>
   </div>
  </div>
 </body>
</html>
