3078 5072
268 361 309 428 32
641 383 683 426 nn
708 382 795 428 vmrs
815 383 1027 444 mnvsramvs

182 557 189 566 ·
266 531 370 617 pillio,
399 529 559 598 consulari
582 541 718 619 utroque
742 554 780 597 ac
796 541 907 620 poeta.
950 533 1023 599 ideo
1049 537 1155 622 ipsum
1177 557 1242 601 non
1264 538 1398 603 iuuenes

259 632 439 720 ‘designare
456 635 511 721 qui
527 657 562 698 se
579 633 736 699 adiuuare
752 635 917 719 dicantur,
935 635 992 724 sed
1007 637 1095 701 uiros
1112 659 1246 724 quorum
1266 660 1397 725 operam

266 745 298 800 et
332 738 366 802 in
393 735 479 801 bello
505 743 538 800 et
564 737 599 800 in
622 737 687 801 otio
716 745 749 801 et
776 739 810 800 in
830 740 961 822 negotio
994 737 1131 825 populus
1158 741 1201 803 sit
1231 751 1396 827 expertus.

216 923 218 930 Ι
263 837 345 928 ¹Post
371 838 476 902 editas
506 838 703 921 comoedias,
736 837 878 904 nondum
907 841 1054 926 quintum
1082 849 1179 927 atque
1206 843 1397 907 uicesimum

154 1003 162 1020 ,
264 941 432 1026 ingressus
460 962 597 1021 annum,
630 962 728 1004 causa
759 941 911 1006 uitandae
944 942 1107 1030 opinionis
1137 965 1201 1028 qua
1225 935 1419 1012 uidebatura

265 1041 373 1106 aliena
398 1063 456 1128 pro
485 1043 553 1106 suis
577 1041 689 1128 edere,
717 1065 774 1107 seu
801 1043 1000 1130 percipiendi
1029 1044 1227 1110 Graecomm
1249 1045 1398 1110 instituta

265 1165 434 1231 moresque
452 1149 532 1230 quos
552 1164 616 1208 non
640 1144 774 1231 perinde
794 1145 987 1232 exprimeret
1013 1147 1047 1209 in
1068 1147 1212 1232 scriptis,
1245 1169 1397 1232 egressus

265 1247 345 1310 urbe
367 1254 417 1310 est
437 1263 542 1332 neque
565 1245 704 1332 amplius
725 1243 831 1311 rediit.
873 1245 914 1312 de
940 1256 1042 1314 morte
1065 1249 1134 1311 eius
1158 1233 1326 1314 Volcdtius
1349 1251 1397 1313 sic

263 1349 380 1412 tradit:

392 1447 457 1513 Sed
479 1457 515 1512 ut
535 1448 616 1513 Afer
636 1447 754 1535 populo
778 1471 836 1514 sex
858 1449 949 1514 dedit
970 1451 1169 1534 comoedias,
1407 1491 1431 1528 m

391 1549 457 1614 lter
477 1547 552 1615 hinc
574 1552 607 1614 in
628 1552 741 1614 Asiam
760 1549 848 1614 fecit.
893 1573 1010 1616 nauem
1032 1561 1141 1616 autem
1162 1562 1198 1617 ut
1219 1552 1317 1618 semel

393 1651 604 1736 Conscendit,
628 1654 719 1716 uisus
741 1674 914 1740 numquam
932 1663 994 1719 eet:
1016 1655 1062 1720 sic
1083 1657 1151 1720 uita
1173 1665 1277 1738 uacat.

264 1754 303 1835 Q.
339 1753 517 1819 Cosconius
548 1754 735 1818 redeuntem
763 1777 781 1818 e
816 1754 955 1821 Graecia
987 1758 1111 1844 perisse
1128 1759 1172 1820 'in
1202 1757 1299 1820 mari'
1315 1757 1396 1822 dicit

264 1879 337 1920 cum
359 1855 479 1920 fabulis
501 1857 667 1922 conuersis
690 1879 709 1920 a
730 1856 926 1923 Menandro:
961 1861 1061 1922 ceteri
1082 1867 1243 1923 mortuum
1264 1881 1335 1924 esse
1361 1861 1395 1922 in

264 1957 406 2022 Arcadia
427 1960 496 2023 siue
517 1957 699 2024 Leucadiae
724 1959 871 2042 tradunt,
900 1959 957 2023 Cn.
983 1959 1133 2026 Cornelio
1155 1959 1328 2026 Dolabella
1348 1961 1391 2029 M.
1406 1994 1430 2033 ις,
1537 2013 1538 2021 ,

348 2130 362 2180 l
378 2113 428 2194 ac]
448 2124 478 2176 et
494 2119 522 2174 F
532 2111 545 2196 Η
562 2115 619 2176 deo
634 2120 658 2175 A
672 2112 716 2198 ΗΖ
737 2115 896 2194 designare
912 2136 974 2192 sup.
995 2137 1053 2182 scr.
1071 2123 1106 2178 F.
1128 2119 1304 2197 designasse
1320 2123 1370 2178 ΕΖ
1385 2115 1394 2201 Η

264 2203 400 2265 adiuuari
417 2207 452 2260 B.
475 2201 638 2262 adiuuasse
656 2205 692 2260 Ε.
718 2201 871 2262 adiuuisse
896 2205 919 2260 Z
941 2199 954 2283 Η
977 2203 1113 2264 dicantur
1135 2207 1265 2264 dictinius.
1289 2204 1391 2264 dicun·
1423 2223 1427 2232 ’
1468 2235 1473 2258 ι

264 2300 311 2348 tur
329 2293 363 2347 A.
383 2287 613 2364 designarentur
631 2289 666 2344 Ι).
688 2286 859 2346 dicerentur
878 2294 980 2356 ceteri,
1003 2293 1032 2347 in
1044 2309 1103 2348 rea.
1127 2293 1153 2348 F
1172 2285 1185 2370 Η
1207 2291 1300 2352 :socio
1316 2291 1392 2350 etin

263 2374 390 2451 negocio
413 2375 517 2433 CDEF
535 2371 548 2456 Η
570 2372 756 2434 4οοωθάἰαε
776 2376 901 2432 ABCDZ
920 2369 932 2456 Η
953 2374 1084 2433 noudum
1101 2380 1139 2448 A,
1156 2377 1197 2433 St.
1213 2395 1266 2434 om.
1282 2381 1371 2434 ceteri
1381 2371 1390 2456 Η

264 2463 357 2540 quatit
372 2463 416 2518 B:
432 2464 508 2532 qnod
525 2467 678 2540 quartum,
696 2477 750 2516 noa
766 2469 919 2536 quantum,
936 2464 1181 2534 interpretabatur
1196 2462 1305 2518 Hosius
1319 2454 1333 2543 Η
1346 2462 1389 2518 ui·

265 2548 407 2605 cesimum
418 2549 452 2616 A,
465 2546 595 2603 Rutilius.
610 2544 801 2620 uigessimum
809 2547 843 2600 J).
857 2545 1059 2620 trigessimum
1071 2547 1100 2603 C.
1111 2546 1297 2622 trigesimum
1304 2549 1394 2602 reteri

263 2631 302 2708 ll5
324 2633 478 2706 ingressus
502 2630 681 2687 Bitscirelius.
700 2647 840 2704 egressus
855 2633 923 2688 libri
935 2625 949 2712 Η
964 2627 1087 2708 annum]
1108 2650 1218 2689 annum
1236 2629 1326 2689 animi
1344 2625 1392 2710 ΑΗ

262 2713 406 2775 uitandae
419 2717 453 2772 A.
474 2712 633 2774 euitandae
648 2716 709 2770 ΕΕ.
730 2713 872 2773 euitande
887 2719 975 2773 reteri
990 2713 1001 2793 Η
1017 2735 1078 2796 qua
1102 2717 1161 2773 Vct.
1178 2717 1227 2794 qni
1242 2719 1303 2774 AB.
1320 2715 1392 2795 quia

262 2805 350 2858 ceteri
364 2795 378 2882 Η
391 2808 409 2862 6
421 2819 542 2878 prorsus
556 2801 583 2856 I)
597 2793 610 2878 Η
626 2799 811 2876 percipiendi
827 2801 959 2859 CDEGZ.
976 2800 1171 2879 percipienda
1188 2803 1249 2858 AB.
1270 2799 1308 2858 ad
1323 2820 1390 2878 per·

264 2883 403 2964 cipienda
419 2887 447 2942 Ε
460 2879 473 2966 Η
487 2902 642 2961 grecorum
657 2885 782 2942 ABCDZ
796 2878 808 2964 Η
825 2893 938 2944 statuta
952 2889 977 2943 I)
991 2881 1005 2966 Η
1020 2893 1035 2948 7
1053 2905 1114 2945 non
1135 2887 1168 2956 A,
1188 2887 1320 2943 Rachiae.
1338 2906 1390 2944 om.

262 2973 351 3028 ceteri
363 2965 376 3050 Η
393 2970 595 3048 exprimerent
608 2971 633 3025 Ι)
649 2962 662 3048 Η
677 2969 721 3026 ira
737 2969 856 3047 scriptis
877 2973 916 3042 B,
929 2963 980 3029 aad
1002 2972 1153 3049 inscriptis
1173 2989 1243 3044 mrg.
1259 2966 1272 3051 Η
1286 2981 1304 3032 8
1318 2969 1391 3028 urbe

263 3057 410 3114 Muretus:
428 3053 534 3113 urbem
549 3053 591 3111 St.
608 3073 660 3112 om.
677 3057 742 3110 iibri
755 3049 768 3134 Η
784 3054 880 3112 redite
900 3061 923 3112 A
937 3050 951 3136 Η
966 3056 1121 3116 Volcatius
1142 3057 1174 3112 Z.
1189 3056 1337 3114 nnlcanus
1356 3058 1391 3114 I).

262 3139 412 3200 nuleatius
432 3143 521 3198 ceteri
539 3132 553 3220 Η
576 3138 617 3196 sic
639 3157 693 3197 ont.
712 3141 789 3197 ΕΟΖ
807 3135 820 3220 Η
845 3151 875 3202 10
897 3161 951 3199 sex
967 3141 1080 3221 populo
1099 3143 1150 3199 ΕΖ
1163 3136 1177 3219 Η
1193 3139 1276 3200 dedit
1294 3161 1391 3200 eome-

263 3225 329 3284 dias
352 3225 428 3283 BCD
450 3233 490 3294 et,
513 3228 568 3282 nisi
583 3227 659 3296 quod
683 3223 833 3296 comoed,
850 3229 938 3284 EFG.
958 3225 1052 3284 edidit
1073 3227 1224 3286 comedias
1241 3227 1391 3284 Z.'come·

263 3311 328 3370 dias
345 3309 383 3368 de
400 3306 421 3366 ii
434 3314 458 3368 A
479 3304 493 3392 Η
518 3321 546 3370 ΙΙ
562 3309 602 3366 ite
615 3307 685 3365 hinc
700 3315 734 3366 A.
751 3309 828 3367 inter
844 3309 915 3369 hinc
930 3313 961 3368 Z.
978 3313 1057 3370 inter
1072 3311 1143 3370 liinc
1158 3313 1236 3372 inter
1249 3309 1319 3370 hinc
1342 3313 1366 3368 Ι)
1383 3309 1391 3390 Η

262 3415 370 3454 nauem
386 3405 485 3454 autem
501 3403 533 3452 ut
547 3393 725 3452 Bitschelius.
746 3413 854 3453 nauem
876 3405 909 3454 ut
923 3399 982 3454 AG.
998 3397 1100 3455 neuim
1114 3407 1147 3455 ut
1161 3397 1272 3456 BGDF.
1289 3397 1392 3455 nanim

263 3501 330 3540 curn
352 3481 410 3538 ΕΖ.
432 3489 462 3539 et
476 3498 582 3538 nauem
597 3487 630 3536 ut
645 3481 765 3538 Rotlrius
781 3474 794 3560 Η
810 3489 842 3542 1⁶2
859 3480 1009 3540 inscendit
1026 3485 1052 3538 B
1066 3477 1079 3562 Η
1095 3477 1208 3562 nude
1219 3479 1232 3563 Η
1250 3491 1282 3544 13
1293 3479 1391 3558 Quin-

261 3575 309 3626 tus
325 3571 350 3623 A
369 3565 381 3646 Η
406 3567 560 3627 cosconius
576 3567 635 3622 AG.
653 3566 824 3622 consentius
845 3569 880 3624 B.
897 3568 1061 3626 constetins
1078 3569 1136 3625 CI).
1153 3567 1310 3626 consecius
1331 3568 1389 3623 ΕΖ.

262 3654 430 3712 cossentius
442 3653 470 3708 F
481 3644 494 3731 Η
508 3645 538 3727 e]
552 3648 590 3707 de
602 3653 635 3714 G.
654 3668 673 3707 a
683 3652 905 3708 Liadeatruchii
917 3656 961 3710 cd.
975 3654 1245 3727 Francofurtensic‚
1263 3671 1319 3710 noa
1332 3655 1390 3725 Pa-

262 3743 367 3796 risina:
380 3739 591 3811 quodlictiaeium
603 3713 709 3809 setium
724 3727 737 3814 Η
751 3735 853 3810 grecia
865 3739 973 3795 BCDZ.
990 3731 1056 3813 guia
1070 3742 1094 3794 A
1109 3731 1122 3818 Η
1137 3739 1323 3816 periseeAB.
1338 3757 1389 3814 pe·

262 3824 349 3882 riisse
362 3826 450 3880 ceteri
464 3817 477 3900 Η
491 3819 565 3878 dicit
579 3840 630 3878 om.
647 3824 671 3878 A
686 3815 698 3897 Η
716 3820 1151 3882 14oumfabulisliitsclrelius.
1170 3819 1218 3882 cii.
1241 3842 1267 3880 c.
1292 3832 1322 3879 ct
1341 3839 1390 3878 uur

262 3907 371 3966 fabulis
387 3915 503 3966 A.·cnm
518 3925 542 3964 e.
563 3915 593 3964 et
610 3917 666 3958 Vfll.
689 3903 799 3970 fabulis
819 3909 856 3964 D.
877 3927 943 3965 eum
960 3927 986 3966 c.
1007 3916 1037 3966 et
1058 3916 1126 3966 octo
1139 3905 1250 3967 fabulis
1266 3910 1301 3964 B.
1325 3926 1390 3964 eum

262 4001 382 4052 contum
404 4001 435 4050 ot
456 3999 522 4048 octo
544 3989 655 4050 fabulis
676 3995 776 4060 ceteri,
798 3996 853 4048 arai
869 3997 944 4066 quod
960 4001 1022 4051 otto
1045 3987 1093 4074 ΟΗ
1109 4013 1125 4052 e
1141 3991 1304 4052 menandro
1319 3995 1355 4048 Ε.
1372 4010 1391 4048 a
1422 4009 1428 4022 ·

261 4076 424 4136 menandro
443 4081 543 4146 ceteri,
568 4077 724 4149 Madvigius
737 4081 766 4133 in
783 4079 837 4135 Cic.
853 4081 887 4135 de
903 4081 953 4151 fin.
969 4077 998 4148 Ι,
1016 4085 1046 4147 3,
1062 4085 1077 4136 7
1098 4073 1111 4159 Η
1134 4091 1164 4140 lt
1180 4077 1315 4136 Arcadia
1330 4079 1389 4134 au-

260 4166 396 4232 ecdeliua:
408 4171 491 4234 utque
506 4165 545 4219 ito
561 4161 762 4234 Hieronymus.
775 4160 919 4222 archadia
931 4162 1084 4240 stimphali
1099 4167 1177 4232 libri,
1198 4167 1390 4235 interpolatie

258 4265 290 4320 p.
316 4253 366 4316 28,
390 4255 422 4304 3:
455 4249 512 4304 nisi
529 4251 605 4320 quod
623 4245 749 4304 arcadia
763 4249 830 4318 ΕΖ,
852 4247 1014 4328 stymphali
1036 4253 1104 4320 AB,
1127 4249 1157 4306 in
1176 4247 1328 4326 stimphali
1353 4249 1389 4306 F.

261 4331 411 4392 Arcadiae
429 4329 608 4410 Stymphala
624 4333 765 4388 Erasmus
780 4327 793 4413 Η
808 4333 871 4390 siue
882 4323 1022 4392 leucadia
1037 4337 1070 4390 A.
1087 4335 1154 4392 sinu
1170 4332 1329 4392 leucadiae
1344 4349 1388 4390 ce-

255 4422 328 4492 leri,
347 4421 400 4476 arer'
412 4415 634 4490 quodleucadic
647 4417 731 4490 ΕΒΖ,
747 4416 907 4477 leuchadia
918 4422 953 4477 B.
969 4419 1034 4478 siue
1049 4417 1205 4478 Leucadia
1219 4421 1359 4476 Erasmus
