3190 5098
697 423 801 464 oarvr
828 423 849 464 u
919 487 921 492 ,
1277 399 1338 462 427

199 593 262 634 eam
283 580 452 634 sententiam
473 580 710 650 exquisitissimos
729 579 906 634 indiderunt.
946 593 1055 654 nempe
1077 575 1107 632 in
1128 593 1165 632 ea
1185 572 1339 632 titulorum

200 679 364 750 varietate,
381 696 471 757 quarn
486 677 596 736 deindo
618 678 790 738 PIInianam
809 675 1031 757 praefationem
1053 675 1186 735 imitatus
1208 674 1341 752 conlegit
1367 683 1374 698 '

200 789 233 838 ut
251 799 324 839 suae
338 781 432 858 ipsius
449 781 652 859 inscriptionis
668 780 893 859 simplicitatem
909 789 1086 851 exornaret,
1104 798 1177 838 ecce
1193 779 1271 837 baec
1286 797 1339 857 po·

201 883 274 942 suit:
303 891 346 942 est
356 891 514 957 praetcrea
531 887 580 958 qui
592 892 710 956 pratum
734 881 894 962 (scripsit).
934 881 1043 964 quibua
1058 881 1271 962 Tranquillum
1296 881 1340 941 iu·

203 985 297 1044 dicari
314 993 397 1044 reete
414 985 529 1042 monuit
546 984 657 1062 primus
674 985 841 1046 Ilorvillius
856 985 876 1044 l.
891 1003 918 1046 c.
938 1005 967 1064 p.
983 991 1045 1048 966.
1084 1034 1086 1046 .

285 1085 426 1145 Eundem
442 1105 515 1146 vero
531 1085 639 1146 librum
653 1088 744 1146 etiam
765 1087 957 1147 aPrisciano
973 1087 1075 1158 citari,
1099 1086 1129 1144 In
1150 1085 1236 1144 cuius
1255 1083 1341 1144 libris
1445 1125 1460 1144 .

201 1199 248 1248 ter
270 1191 422 1248 Suetonius
434 1193 462 1246 ia
478 1199 649 1262 praetorum
672 1187 757 1246 libris
773 1189 976 1268 usurpabatur
993 1187 1045 1266 (cf.
1064 1189 1172 1265 fragm.
1189 1197 1248 1248 lli.
1268 1183 1341 1249 114*

204 1291 339 1368 adnot),
358 1291 488 1350 coniecit
503 1290 652 1348 Bacbrius
669 1290 740 1350 hist.
761 1290 818 1351 litt.
835 1293 920 1351 Rom.
936 1293 968 1352 II
988 1313 1019 1372 p.
1038 1281 1116 1356 160.’
1132 1287 1179 1347 cni
1194 1295 1280 1346 recto
1297 1289 1341 1347 iu·

203 1393 283 1452 dicio
298 1393 344 1451 usi
358 1403 578 1452 consenserunt
590 1393 758 1468 Rogantius
771 1390 791 1451 l.
808 1413 834 1452 c.
849 1415 877 1472 p.
893 1403 927 1458 25
944 1403 974 1454 at
988 1393 1144 1454 Beckerus
1162 1412 1191 1470 p.
1207 1389 1288 1449 XIII
1298 1407 1342 1470 sq.

201 1498 245 1555 ita
258 1505 374 1568 tamen,
393 1505 426 1552 ut
440 1495 490 1553 hic
505 1495 616 1558 iactam
632 1492 670 1552 ab
695 1492 755 1553 illia
770 1495 821 1554 νε]
845 1496 924 1556 futili
945 1495 1176 1578 ratiocinatione
1196 1491 1340 1552 munitam

202 1599 382 1658 sententiam
404 1597 485 1655 insta
505 1597 766 1672 argumentatione
789 1600 877 1676 quasi
900 1597 1119 1658 corroboraret.
1152 1595 1206 1655 sad
1221 1615 1260 1655 ne
1275 1594 1342 1654 eius

204 1699 326 1780 quidem
346 1699 478 1757 rationes
499 1697 538 1757 ab
561 1698 641 1769 omni
660 1707 748 1777 parte
769 1699 842 1758 mihi
867 1699 1014 1779 probatae
1036 1707 1115 1759 sunt.
1149 1700 1246 1779 primo
1263 1697 1342 1758 eninr

202 1803 260 1862 hoc
278 1806 454 1878 argumento
474 1808 625 1870 mussat,
650 1807 823 1878 praetorum
843 1799 937 1860 libros
960 1801 1034 1860 nibil
1057 1799 1138 1860 aliud
1161 1819 1229 1860 esse
1249 1817 1343 1880 posse

202 1902 260 1962 nisi
281 1902 437 1961 historiam
458 1901 508 1960 vel
528 1904 608 1962 viras
635 1908 817 1981 praetorum.
852 1913 882 1963 at
912 1905 990 1982 fugit
1018 1921 1087 1962 eum
1113 1901 1342 1979 inscriptionum

202 2025 290 2077 rrsns,
312 2005 410 2084 qualis
427 2013 457 2064 et
480 2003 562 2083 apud
578 2004 654 2062 alios
677 2014 707 2062 et
731 2004 812 2084 apud
827 2004 1013 2065 Macrobium
1027 2005 1126 2063 ·sat.I
1147 2013 1192 2066 13:
1226 2005 1342 2060 Tudito·

203 2127 257 2167 atta
275 2109 370 2182 refert
382 2111 454 2166 fibro
469 2110 551 2163 tertio
567 2107 784 2178 magistratuum
800 2108 1000 2187 conspicitur,
1025 2113 1059 2164 ut
1080 2103 1228 2184 adpareat
1251 2103 1343 2162 ctiam

202 2217 374 2290 praetorum
395 2207 487 2266 libros
504 2207 568 2282 iure
586 2205 645 2264 dici
668 2207 761 2266 libros
783 2207 821 2266 de
844 2207 1045 2287 praetoribus.
1080 2205 1225 2263 maiorem
1241 2212 1343 2262 tamen

202 2313 264 2371 vim
280 2321 362 2370 recte
378 2308 533 2368 Beckerus
549 2308 636 2367 alteri
660 2317 837 2386 argumento
854 2305 973 2382 tribuit,
995 2307 1078 2388 quod
1097 2325 1201 2365 omnes
1223 2303 1341 2364 dubita·

202 2415 302 2472 tiones
317 2419 498 2472 removeret.
530 2409 612 2488 apud
632 2408 783 2468 Isidorum
800 2411 880 2469 enirn
902 2411 934 2470 in
957 2429 993 2469 oo
1014 2408 1108 2482 libro,
1134 2425 1194 2486 quo
1215 2405 1342 2492 Suetoni
1413 2471 1416 2478 ,

203 2515 298 2594 pratis
313 2522 344 2572 et
359 2515 506 2592 scriptore
522 2519 551 2568 et
570 2509 646 2570 libro
662 2511 816 2570 nominato
831 2531 904 2572 usus
921 2519 982 2584 est,
1007 2517 1042 2572 dc
1062 2520 1170 2570 notura
1185 2525 1283 2566 rerum
1299 2507 1344 2571 14

204 2616 310 2676 eadem
323 2615 362 2674 de
375 2613 482 2673 diebus
498 2613 586 2672 fastis
601 2613 756 2690 leguntur,
770 2633 849 2694 quae
862 2612 1028 2674 secundum
1040 2611 1191 2673 Prisciani
1202 2632 1232 2691 p.
1245 2618 1296 2675 ast
1308 2610 1342 2670 Ii·

202 2717 273 2777 bros
287 2723 316 2776 ia
329 2725 430 2776 octauo
442 2725 610 2789 praetorum
626 2713 787 2775 Suetonius
801 2716 893 2790 dixit,
910 2725 941 2776 et
954 2735 1027 2775 vero
1039 2717 1096 2788 ita,
1113 2721 1147 2772 ut
1161 2716 1220 2772 iarn
1232 2711 1344 2774 nemini

203 2822 234 2878 in
248 2820 380 2878 mintem
396 2818 500 2877 venire
519 2819 630 2896 possit,
655 2815 730 2877 talia
748 2819 925 2898 exposuisse
944 2817 1122 2878 Suetonium
1147 2817 1177 2876 in
1200 2815 1284 2874 libris
1305 2813 1344 2874 de

203 2919 404 3001 praetoribus.
438 2939 508 2978 narn
523 2919 683 2999 praeclaro
698 2921 856 2980 Beckerus
870 2929 963 2980 totam
979 2919 1219 2999 paragraphum,
1237 2918 1345 2998 inqua

204 3022 300 3082 verba
311 3022 364 3081 IIIa
373 3021 531 3099 leguntur,
550 3019 696 3082 Suetonio
712 3025 928 3102 restituendam
941 3043 1008 3084 esse
1019 3021 1097 3082 vidit
1108 3021 1230 3099 (fragm.
1247 3019 1344 3098 114*).

204 3127 303 3202 agitur
318 3132 420 3184 autern
439 3143 476 3182 ea
496 3123 584 3181 simul
603 3123 641 3182 de
657 3126 774 3184 feriatis
790 3127 934 3204 profestis
958 3126 1044 3185 festis
1066 3125 1139 3183 atrIs
1162 3121 1344 3183 sideralibus

204 3227 291 3286 iustis
303 3225 506 3306 praeliaribus
528 3225 649 3302 diebus,
684 3227 766 3306 quod
787 3235 995 3305 argumentum
1016 3245 1078 3285 non
1097 3227 1158 3284 iarn
1180 3223 1344 3283 convenire

204 3335 377 3409 praetorum
388 3326 473 3386 libris
485 3329 513 3387 ei
522 3327 807 3407 concedantquibus
819 3328 991 3389 observatio
1000 3327 1041 3387 de·
1050 3328 1137 3386 fastis
1148 3325 1254 3386 diebus
1263 3323 1344 3384 haud

204 3429 351 3488 immerito
370 3429 479 3490 iustam
497 3431 561 3490 eins
580 3429 760 3509 particulam
780 3429 902 3490 efficere
919 3433 987 3489 visa
1005 3438 1065 3502 est,
1085 3447 1153 3486 cum
1165 3425 1345 3506 praesertirn

205 3532 333 3590 alterum
351 3533 552 3609 fragmentum
570 3532 651 3612 quod
668 3531 715 3590 bis
734 3551 752 3590 a
769 3532 927 3592 Prisciano
943 3539 1106 3610 usurpatur
1127 3533 1247 3612 (fragm.
1269 3529 1343 3611 lit),

205 3634 318 3713 qnippe
330 3653 390 3714 quo
405 3634 456 3695 lex
474 3635 630 3695 Plaetoria
645 3641 908 3710 commemoretur,
932 3631 969 3692 de
989 3633 1054 3692 iure
1072 3635 1154 3695 civili
1175 3655 1345 3696 sermonem

205 3735 299 3795 fuisse
309 3735 471 3796 iudicaret.
488 3736 587 3796 eidem
598 3737 794 3816 disputationi
808 3735 846 3795 de
859 3733 966 3794 dfebus
978 3733 1166 3798 reddendam
1179 3755 1246 3796 esse
1257 3735 1344 3795 scho-

204 3837 313 3897 liastae
330 3837 369 3896 ad
385 3839 579 3900 LucanumV
592 3847 623 3912 7,
638 3839 688 3919 qni
705 3837 880 3898 Suetonium
893 3843 1047 3896 auctorem
1061 3838 1210 3910 nominat,
1228 3837 1344 3898 diorum

206 3939 443 4018 congluvialium
460 3940 665 4001 definitionem
680 3939 800 4018 (fragm.
818 3939 898 4018 115),
914 3939 1084 3999 Bccharum
1100 3959 1161 3999 non
1177 3941 1268 4018 fugit,
1285 3961 1344 4021 quo

205 4041 377 4100 testimonio
394 4049 425 4100 et
436 4041 613 4102 Suetonium
630 4041 668 4102 de
690 4043 798 4102 diebus
813 4043 844 4101 in
860 4044 1035 4103 universum
1051 4043 1231 4104 disseruisse
1247 4051 1278 4104 et
1288 4045 1344 4104 Isi·

206 4143 311 4204 dorum
324 4145 388 4204 eius
402 4145 624 4223 expositionem
635 4145 793 4205 mutilasse
807 4141 1019 4225 conprobatur.
1036 4147 1174 4227 equibus
1186 4167 1260 4207 sane
1273 4167 1343 4206 con·

205 4247 369 4306 sectarium
398 4255 445 4305 eat
473 4254 507 4304 ut
535 4245 616 4325 apud
637 4247 826 4307 Prisciannm
856 4255 1011 4326 pratorum
1041 4247 1134 4310 libros
1154 4267 1344 4329 reponamus.

207 4346 331 4407 eosdem
346 4367 427 4406 nunc
441 4347 591 4406 Prisciani
606 4345 690 4424 libri,
709 4369 834 4430 quorum
850 4351 999 4430 scriptura
1021 4357 1082 4410 tum
1105 4353 1250 4431 temporis
1270 4371 1343 4412 non·

206 4448 275 4508 dum
288 4447 380 4529 piene
398 4457 471 4510 nota
489 4457 569 4523 arat,
589 4449 701 4510 XVIII
718 4459 767 4515 149
783 4459 966 4528 agnoscunt,
985 4451 1036 4512 nbi
1053 4453 1198 4514 Hertziua
1213 4453 1345 4514 Beckeri
