3078 5072
1042 331 1049 362 Ι

574 461 577 468 Ι
656 402 699 442 on
722 401 841 444 aonrrs
1295 383 1314 456 9

168 572 281 638 paene
310 571 438 637 semper
470 549 565 628 laetis
594 547 691 613 rebus
722 549 830 613 exitus
857 549 966 614 tristes
994 557 1030 612 ut
1055 548 1231 614 liberorum
1253 548 1315 613 ad-

170 654 281 739 gnitio
319 653 586 738 fortunarumque
624 651 766 737 priorum
800 652 836 714 ln
868 652 960 737 peius
991 679 1034 716 ιι
1071 652 1105 718 iu
1133 651 1194 716 hac
1228 677 1315 718 ιιι.

171 777 277 842 qnare
300 747 395 820 uaria
416 752 604 818 delinitione
627 752 787 818 discretae
808 763 893 818 sunt.
938 754 1042 818 altera
1066 755 1153 818 enim
1174 745 1315 819 ἀκίνδυ-

171 878 235 931 νος
255 849 409 940 περιοχή,
431 856 534 922 altera
556 850 655 939 τύχης
671 857 860 938 aspicedum
875 855 964 920 dicta
985 865 1044 920 est.
1077 857 1212 922 tristitia
1226 879 1315 921 nam·

133 979 239 1044 isque
255 959 444 1044 tragoediae
461 959 642 1047 proprium3
665 957 802 1044 ideoque
816 957 991 1042 Euripides
1009 967 1139 1045 petente
1155 958 1316 1025 Archelao

171 1081 253 1144 rege
274 1069 310 1124 ut
332 1060 372 1124 de
395 1081 429 1124 se
451 1059 652 1146 tragoediam
672 1059 828 1124 scriberet
844 1059 958 1124 abnuit
977 1082 1016 1123 ac
1035 1070 1184 1147 precatus
1203 1069 1254 1124 est
1275 1084 1315 1126 ne

171 1160 342 1227 accideret
363 1161 524 1227 Archelao
547 1161 671 1250 aliquid
696 1161 884 1247 tragoediae
908 1163 1118 1247 (proprium),
1141 1163 1315 1228 ostendens

171 1262 257 1326 nihil
278 1263 368 1328 alind
393 1285 464 1328 esse
486 1263 688 1348 tragoediam
718 1285 813 1351 quam
840 1264 1043 1327 miseriarum
1067 1263 1315 1351 conprehensio-

173 1351 261 1429 nem.
293 1365 414 1432 Poetae
431 1367 526 1452 primi
545 1368 661 1431 comici
676 1367 807 1430 fuerunt
820 1365 973 1430 Susarion
986 1365 1106 1430 Mullus
1118 1375 1150 1430 et
1164 1366 1314 1452 Magnes.

134 1469 208 1538 rabi
229 1469 352 1534 ueteris
376 1467 568 1554 disciplinae
589 1468 746 1533 iocularia
773 1467 933 1564 quaedam
954 1469 1061 1532 minus
1086 1469 1182 1562 scite⁴
1196 1491 1235 1533 ac
1261 1493 1315 1534 ue·

172 1581 272 1638 nnste
293 1570 567 1657 pronuntiabant,
589 1571 623 1634 in
645 1570 763 1657 quibus
786 1569 819 1634 hi
841 1590 955 1633 uersus
978 1569 1124 1660 fuerunt:

685 1673 888 1755 Σουσαρίων
910 1671 1013 1736 ταῦτα
1035 1661 1138 1756 λέγει·

330 1763 436 1838 κακὸν
457 1783 629 1854 γυναῖκες·
653 1765 727 1838 ἀλλ’
750 1766 854 1857 ὅμως,
878 1757 905 1836 cd
925 1770 1078 1857 δημόται,

330 1867 394 1939 οὐκ
415 1877 505 1940 ἔστιν
528 1865 642 1957 εὑρεῖν
663 1877 774 1940 οἰκίαν
795 1865 877 1940 daeo
900 1875 1018 1940 κακοῦ.

138 1978 324 2048 assecunda
358 1986 463 2042 aetate
497 1979 643 2042 suerunt
657 1975 891 2064 Aristophanes
918 1978 1054 2065 Eupolis
1090 1987 1122 2044 et
1152 1979 1316 2064 Cratinus,

174 2084 234 2170 qui
256 2080 310 2145 uel
337 2079 519 2166 principum
541 2080 623 2144 uitia
650 2080 765 2144 sectati
787 2080 1012 2145 acerbissimas
1036 2082 1219 2146 comoedias
1242 2104 1318 2147 con·
1363 2075 1365 2078 ’

175 2191 366 2272 posuerunt.
404 2183 500 2246 tertia
522 2190 611 2266 aetas
630 2183 693 2246 fuit
714 2180 884 2245 Menandri
904 2182 1030 2269 Diphili
1054 2193 1085 2248 et
1107 2183 1316 2264 Philemonis,

176 2287 235 2374 qni
254 2307 379 2350 omnem
402 2283 613 2348 acerbitatem
638 2283 822 2349 comoediae
843 2285 1075 2369 mitigauerunt
1102 2295 1199 2370 atque
1222 2307 1316 2372 argu-

175 2396 288 2452 menta
310 2385 505 2472 multiplicia
528 2375 663 2469 (ἤθεσιν
686 2386 731 2470 ει)
763 2384 924 2451 erroribus
950 2387 1052 2476 secuti
1074 2395 1150 2451 sunt
1203 2387 1245 2451 ab
1265 2387 1317 2451 his

176 2563 271 2626 magni
289 2563 402 2609 timores
421 2560 511 2609 exitus
530 2559 633 2608 funesti
656 2559 801 2610 habentur.
832 2558 933 2609 stillio
950 2559 1222 2624 turbulentoprima,
1242 2564 1317 2610 trau·

177 2629 265 2696 quilla
283 2627 391 2677 ultima.
422 2627 450 2676 iu
470 2629 614 2692 bagoedia
633 2628 773 2678 contrario
793 2626 948 2677 ordinares
967 2631 1093 2692 aguntur.
1125 2633 1182 2676 tum
1200 2627 1270 2692 quod
1289 2629 1318 2676 in

176 2695 324 2762 tragoedia
341 2695 476 2760 fugienda
493 2697 565 2759 uita,
586 2697 614 2745 in
634 2696 776 2745 comoedia
795 2695 963 2761 capessenda
983 2695 1151 2761 exprimitur.
1182 2702 1318 2762 postremo

176 2765 250 2832 quod
268 2765 356 2815 omnis
375 2763 517 2813 comoedia
531 2763 564 2813 de
583 2763 655 2813 lictis
669 2770 710 2814 est
724 2765 906 2829 argumentis,
925 2765 1069 2830 tragoedia
1088 2779 1171 2829 saepe
1185 2764 1219 2813 ab
1232 2763 1317 2814 histo·

177 2836 240 2884 rica
258 2832 310 2884 lide
329 2829 456 2896 petitur.’
743 2838 754 2854 f

268 2997 276 3047 Ι
292 2993 325 3044 ut
342 2989 463 3058 scripsi:
481 2995 511 3043 et
526 2987 613 3044 ΑΒΜ
626 2980 639 3067 ΙΙ
655 2984 818 3045 liberorum
832 3008 864 3056 ςε
876 2985 1045 3046 hiberorum
1061 2989 1095 3046 M
1103 2986 1252 3046 iberorum
1266 2989 1319 3044 AB

175 3072 183 3152 :l
199 3083 217 3134 2
233 3073 480 3148 fortunarumque
498 3068 699 3148 (furtunarum
716 3091 795 3151 quae
808 3071 852 3146 M)
869 3071 996 3150 priorrmr
1009 3071 1065 3148 (sic
1077 3093 1107 3144 ς,
1123 3073 1204 3150 prior
1218 3073 1318 3144 ABM)

177 3162 209 3219 in
225 3158 315 3238 peius
333 3155 468 3232 adgnitio
485 3157 573 3214 ΑΒΜ
585 3161 683 3231 vulpe:
704 3156 838 3234 adgnitio
861 3161 1024 3230 transposui
1040 3167 1067 3215 et
1089 3162 1209 3215 lacunas
1228 3177 1268 3215 ce.
1288 3157 1318 3213 in

175 3245 236 3303 hac
255 3246 359 3298 additis
380 3244 520 3300 indicaui:
537 3243 567 3300 in
582 3242 689 3320 poeuis
706 3241 819 3318 agnitio
835 3243 865 3300 iu
887 3241 944 3300 hac
961 3241 1093 3300 tristibus
1111 3242 1239 3301 laetiora
1252 3260 1318 3298 suc-

177 3327 303 3388 cedunt.
330 3345 424 3406 quare
443 3329 587 3386 Bacchius
608 3325 620 3398 ‚¹1
643 3328 774 3390 3uariat
798 3327 917 3403 (uareat
932 3325 1003 3402 ΒΜ)
1018 3325 1184 3386 difinitione
1206 3329 1294 3384 ABM
1311 3325 1319 3403 {l

176 3412 338 3474 acindinos
365 3411 508 3488 pcrio‘che
530 3411 686 3490 (perioche
712 3411 757 3489 M)
787 3412 885 3470 altera
911 3411 1012 3490 tychis
1036 3412 1192 3489 peristasis
1219 3411 1319 3469 dictae

177 3507 249 3558 sunt
260 3499 347 3556 ΑΒΜ
361 3493 374 3576 Η
389 3496 546 3576 5ideoque
560 3517 590 3566 ςι
605 3497 673 3554 ideo
687 3497 768 3576 quod
779 3499 867 3554 ΑΒΜ
878 3492 891 3577 ΙΙ
906 3505 922 3557 6
935 3495 1070 3555 scriberit
1080 3499 1167 3554 ΑΒΜ
1178 3490 1193 3578 ΙΙ
1207 3495 1320 3554 abnuet

178 3585 240 3642 ΑΜ
250 3577 264 3663 ΙΙ
278 3589 294 3646 7
308 3579 468 3642 accederet
482 3584 569 3640 ΑΒΜ
580 3576 594 3662 ll
608 3583 760 3660 proprium
773 3603 825 3640 om.
840 3583 934 3652 ΑΒΜ,
946 3583 1011 3639 edd.
1026 3601 1058 3649 ς,·
1071 3589 1173 3659 aptum
1188 3585 1248 3640 cod.
1262 3583 1319 3638 Pa-

178 3673 290 3727 risinus
312 3673 388 3726 7538
408 3671 488 3740 opud
508 3669 704 3741 Goisfordium
720 3661 765 3750 {19
780 3667 889 3726 mullus
906 3666 1106 3724 ABnullusM
1120 3666 1229 3725 Rullus
1250 3668 1319 3724 Cae·

177 3759 278 3812 sarius
293 3746 306 3832 11
323 3762 355 3813 1⁰
371 3752 530 3810 ioculatria
542 3755 595 3810 AB
611 3752 740 3810 ioculac.
756 3759 824 3812 utra
837 3754 872 3809 M
882 3750 1061 3810 ioculatoria
1080 3745 1120 3832 §ll
1139 3761 1165 3813 ll
1189 3770 1321 3829 pronun·

179 3837 276 3897 tiabat
296 3839 356 3894 ΑΜ
376 3831 389 3916 ΙΙ
414 3845 444 3898 12
467 3839 603 3896 susarion
624 3845 674 3894 tau
698 3838 830 3914 talogica
855 3857 994 3915 congyne
1024 3835 1223 3894 occallumoso
1248 3831 1323 3892 ode-⁵

179 3933 261 3982 mota
286 3924 384 3980 incesti
408 3923 492 3980 curin
513 3924 625 4002 yciana
649 3943 709 3981 neu
732 3943 806 3980 cucu
825 3925 849 3980 A
870 3921 1006 3980 sarsariou
1032 3929 1117 3978 tauta
1137 3921 1200 3997 legi
1226 3939 1321 3978 caeon

177 4028 262 4089 gyne
277 4027 333 4066 cae
349 4007 496 4066 allumoso
510 4007 650 4086 odemote
672 4028 710 4065 uc
726 4009 782 4066 esti
801 4007 887 4065 curin
901 4007 992 4087 ycian
1009 4025 1086 4064 enou
1103 4025 1174 4064 cacu
1190 4009 1217 4064 B
1236 4025 1320 4064 susa·

177 4095 246 4152 riou
263 4091 419 4168 tautalegi.
434 4112 529 4152 cacon
548 4111 630 4170 gyno
653 4093 830 4152 eetalumos.
858 4093 1018 4151 oodcmoto
1042 4091 1120 4150 uasti
1143 4091 1247 4170 euryui
1271 4111 1315 4150 oa·

178 4199 249 4236 nan.
270 4197 386 4236 eucacu
404 4179 438 4236 M
452 4165 587 4236 Ἀκούετε
605 4175 707 4250 λέξιν,
730 4176 904 4250 Σουσαρίων
923 4173 994 4248 λέξει
1021 4168 1090 4234 reida
1110 4164 1200 4233 suabe
1219 4195 1279 4250 sqq.
1305 4196 1323 4245 ς

179 4261 188 4342 Ι
205 4273 237 4325 15
253 4263 387 4321 cratinus
407 4283 438 4332 ς;
456 4265 569 4323 oratius
588 4266 676 4321 ΑΒΜ
694 4259 707 4345 Η
732 4273 761 4326 16
779 4263 827 4321 uel
844 4265 964 4336 scripsi:
983 4271 1013 4320 et
1034 4263 1123 4319 ΑΒΜ
1134 4257 1147 4342 ll
1163 4261 1321 4320 aceruissi-

178 4368 245 4406 mas
269 4350 322 4404 AB
339 4349 539 4408 aceruinimas
556 4349 589 4406 M
603 4344 616 4429 ΙΙ
634 4357 663 4410 17
682 4347 781 4406 dillrili
801 4351 828 4406 B
843 4349 919 4426 phili
939 4349 972 4404 M
991 4347 1034 4405 fili
1053 4341 1106 4427 ΑΗ
1124 4356 1155 4408 18
1174 4346 1319 4406 acoruita·
1413 4338 1422 4348 ⁸

178 4443 242 4493 tem
260 4435 347 4490 ΑΒΜ
360 4426 373 4514 ll
390 4431 489 4514 adque
511 4437 536 4492 A
550 4429 563 4514 Η
582 4444 613 4497 19
629 4425 735 4510 ἤθεσιν
751 4441 781 4491 ot
794 4438 914 4508 scripsi:
925 4432 1045 4510 graecis
1056 4434 1145 4490 ΑΒΜ
