3190 5098
703 361 808 448 onrvr
832 407 843 446 1
1280 387 1341 450 395

207 561 283 632 cuit,
302 559 386 618 euius
402 567 487 620 aetas
504 567 535 619 et
551 560 716 619 auctoritas
732 579 769 618 ee
784 567 879 630 esset,
897 579 987 638 quem
1001 559 1032 625 in
1046 559 1106 618 bac
1122 557 1160 618 de
1176 559 1240 618 vita
1255 559 1343 618 Persi

206 662 313 722 notitia
334 662 556 734 inveniremus,
584 664 614 721 in
640 682 702 742 qua
724 681 762 721 ea
781 660 894 721 tradita
918 670 1038 733 essent,
1065 679 1144 741 quae
1167 681 1227 718 non
1248 659 1307 719 nisi
1325 681 1344 720 a

206 765 271 824 viro
290 773 391 824 aetate
409 765 545 843 proximo
566 763 657 824 scribi
678 763 858 842 potuissent.
888 761 971 842 quod
990 783 1051 822 non
1071 761 1144 822 licet
1165 781 1201 820 eo
1222 762 1343 820 nomine

206 865 380 945 inpugnari,
403 863 485 944 quod
508 863 670 924 Suetonius
686 865 717 924 in
734 867 798 924 vita
814 864 906 926 Probi
928 884 995 924 eum
1018 865 1049 924 in
1071 863 1260 944 antiquorum
1281 883 1343 922 me·
1395 887 1400 898 ·

207 967 302 1026 moria
322 964 497 1027 revocanda
513 976 695 1045 occupatum
716 965 811 1028 fuisse
832 967 916 1026 dicit.
945 985 1054 1046 nempe
1078 967 1268 1047 antiquorum
1290 985 1342 1024 no·
1442 1035 1448 1044 ¹

208 1069 286 1126 mine
308 1086 367 1126 non
388 1067 471 1126 scius
492 1069 609 1128 Ennius
630 1067 758 1148 Pieutus
779 1069 873 1130 ceteri
893 1068 1095 1149 antiquissimi
1120 1075 1232 1146 poetae
1252 1067 1343 1145 signi·

207 1170 347 1242 ficantur,
365 1188 431 1227 cum
451 1171 614 1249 scriptores
630 1169 762 1248 Augusti
778 1170 894 1230 saeculi
909 1179 1011 1230 aetate
1029 1169 1160 1231 Neronis
1176 1171 1209 1228 nt
1228 1169 1345 1249 antiqui

207 1277 332 1351 possent
340 1268 491 1348 adpellari
504 1282 534 1331 et
550 1271 784 1350 asportarentur,
797 1273 841 1332 ita
855 1273 954 1352 poetis
967 1271 1148 1332 Neronianis
1161 1269 1345 1349 contemptui

209 1379 321 1432 essent.
352 1369 463 1432 deinde
478 1373 538 1432 alio
554 1373 681 1433 Suetoni
696 1375 866 1434 testimonio
883 1374 1003 1452 (fragm.
1018 1367 1093 1438 108*
1106 1393 1134 1453 p·
1152 1379 1245 1446 138,6
1260 1370 1343 1453 sqq.)

209 1475 334 1546 scimus,
361 1473 492 1534 Probum
523 1475 625 1536 studia
650 1476 787 1554 posuisse
814 1475 845 1534 in
871 1475 1008 1554 Vergilio
1035 1483 1066 1534 et
1090 1475 1219 1534 Horatio
1243 1493 1344 1534 emen·

209 1577 326 1637 dandis.
364 1575 488 1638 Persius
511 1574 642 1658 denique
663 1578 729 1657 ipse
748 1578 813 1636 fere
834 1583 915 1638 totus
942 1575 980 1637 ab
1006 1577 1139 1656 antiquis
1160 1576 1221 1636 illis
1245 1577 1345 1655 postis

209 1678 328 1744 Lucilio
348 1687 378 1738 et
393 1679 522 1738 Horatio
539 1678 709 1758 pendebat,
731 1683 858 1762 lectoque
873 1681 976 1738 Lucilii
988 1683 1060 1738 libro
1076 1683 1198 1750 decimo,
1221 1687 1253 1738 ut
1270 1679 1345 1757 ipsis

209 1779 331 1854 verbis,
360 1801 439 1862 quae
464 1781 496 1840 in
518 1781 583 1846 vite
605 1781 694 1842 Persi
714 1781 815 1860 posita
835 1789 904 1840 sunt
925 1802 955 1860 p.
973 1789 1023 1856 75,
1048 1787 1164 1862 isqq.‚
1187 1788 1271 1852 utar,
1296 1797 1345 1839 ue·

208 1885 354 1942 trementer
374 1891 492 1942 saturos
518 1901 680 1956 conponere
701 1889 836 1954 instituit,
867 1887 922 1942 sibi
938 1888 1033 1957 primo
1056 1903 1125 1942 mox
1147 1885 1276 1942 omnibus
1297 1886 1346 1941 de-

210 1994 373 2054 tracturus,
399 2004 464 2042 enm
486 1993 566 2043 tanto
588 1990 743 2044 recentium
761 1995 914 2059 poetarum
935 1995 962 2044 et
983 1995 1131 2044 oratorum
1152 1989 1345 2054 insectatione,

210 2095 240 2146 nt
256 2091 339 2146 etium
355 2089 497 2146 Neronem
517 2090 593 2146 iliius
615 2093 750 2160 temporis
771 2092 933 2160 principem
949 2091 1122 2160 culpanerit.
1155 2095 1252 2147 restat
1269 2105 1346 2144 unus

210 2188 369 2268 scrupulus
386 2187 441 2248 sed
460 2188 530 2248 talis
545 2191 596 2270 qui
614 2189 704 2248 facile
728 2187 886 2248 eximatur.
917 2187 1094 2248 Suetonium
1108 2188 1192 2276 enirn
1208 2187 1346 2266 scripsis-

211 2309 244 2350 se
264 2291 359 2350 vitam
374 2291 463 2350 Persi
484 2291 635 2368 excerptis
656 2290 838 2369 Hieronymi
857 2288 1013 2364 docemur;
1036 2309 1073 2348 ea
1093 2297 1193 2348 autern
1211 2290 1255 2348 ita
1276 2307 1346 2348 con·

210 2401 318 2472 parata
343 2399 427 2462 sunt,
454 2401 488 2450 ut
508 2409 546 2450 ex
568 2410 605 2448 ea
623 2391 702 2461 vita,
726 2410 805 2470 quae
827 2389 865 2448 de
887 2388 992 2449 Valeri
1015 2388 1108 2450 Probi
1130 2391 1345 2451 commentario

211 2492 331 2554 sublata
352 2493 476 2565 dicitur,
495 2501 621 2571 recepta
642 2511 710 2552 esse
734 2491 860 2570 possint.
891 2499 922 2550 at
947 2511 1008 2550 non
1030 2500 1171 2570 poterant
1194 2513 1246 2567 ea,
1268 2512 1347 2573 quae

212 2595 459 2675 chronographus
480 2594 645 2672 excerpsit,
668 2594 756 2653 aliter
776 2614 795 2652 a
817 2593 963 2654 Suetonio
987 2591 1067 2652 tradi
1092 2614 1183 2674 quam
1204 2613 1222 2654 a
1246 2593 1347 2654 Probo

211 2697 325 2756 facturn
354 2703 434 2771 erat3
462 2693 572 2756 deinde
595 2705 793 2768 certumest,
821 2696 846 2754 si
873 2693 1010 2754 eProbo
1036 2696 1100 2755 vita
1120 2694 1207 2755 Persi
1234 2695 1349 2774 scripta

212 2799 263 2873 sit,
289 2817 327 2858 ee
352 2796 541 2876 potissimum
567 2816 652 2856 usum
679 2817 748 2858 esse
772 2797 960 2858 Suetonium.
1001 2797 1105 2877 itaque
1127 2816 1195 2857 cum
1223 2797 1349 2876 perierit

196 2897 398 2960 ¹Suetoniaun
418 2899 482 2957 vita
503 2907 627 2976 praeter
648 2909 769 2961 tenuem
784 2900 869 2959 iilam
885 2898 1156 2978 Hieronymianam
1175 2899 1349 2958 memoriam

213 3001 335 3080 (fragm.
359 2995 417 3062 te*
443 2998 531 3076 46²²),
559 3010 662 3062 nostro
690 3003 755 3063 iure
781 3001 935 3063 Probiana
963 3001 1027 3061 vite
1051 3011 1170 3062 utamur
1194 3007 1349 3081 tamquam

213 3102 424 3184 supplemento
441 3101 619 3162 Suetoniani
634 3104 712 3164 libri.
746 3123 853 3164 verum
875 3104 1029 3162 enimvero
1044 3101 1138 3164 Probi
1159 3103 1235 3161 ratio
1258 3102 1350 3162 simil·

211 3207 284 3266 lima
304 3215 351 3264 est
372 3205 400 3263 ei
420 3223 498 3283 quae
515 3205 546 3263 in
566 3206 636 3264 vitis
654 3207 847 3266 Suetonianis
870 3214 1016 3285 conparet
1034 3205 1203 3282 eademque
1225 3213 1256 3263 et
1278 3223 1349 3262 con·

214 3309 358 3368 cinnitate
383 3317 413 3364 et
434 3307 609 3366 curiositate
630 3307 758 3384 insignis
779 3316 835 3366 est.
867 3316 901 3366 ut
922 3307 1051 3366 eundem
1069 3314 1223 3366 auctorem
1243 3306 1274 3363 in
1289 3305 1349 3362 sin-

165 3433 169 3438 ·
213 3409 290 3486 gulis
312 3408 382 3466 vitis
405 3407 630 3487 perscribendis
650 3416 771 3466 secutus
797 3409 837 3466 sit
857 3407 1035 3479 Suetonius,
1060 3408 1144 3466 cuius
1162 3405 1295 3482 vestigia
1319 3405 1350 3462 in

214 3509 435 3571 commentariis
448 3508 485 3568 de
503 3520 568 3570 arte
583 3510 705 3589 poetica
721 3528 789 3568 eum
805 3511 954 3588 pressisse
971 3527 1064 3587 supra
1080 3506 1219 3566 vidimus.
1250 3524 1349 3585 neque

213 3621 315 3672 tamen
330 3610 493 3692 peculiaris
508 3611 585 3670 baec
602 3621 668 3670 erat
685 3609 777 3670 Probi
798 3610 885 3670 ratio.
918 3629 988 3670 nam
1005 3609 1169 3669 consimilis
1186 3609 1351 3687 conspicua

214 3725 261 3775 est
282 3716 312 3774 in
334 3715 404 3773 vitis
422 3711 599 3791 scriptorum
616 3711 819 3784 Graecorum,
840 3733 917 3792 quas
936 3712 1039 3772 malim
1057 3711 1097 3770 ad
1112 3711 1278 3789 Didymum
1297 3732 1350 3791 po-

214 3817 273 3876 tius
296 3823 450 3874 auctorem
477 3813 631 3874 rettulisse
652 3815 704 3874 Fr.
724 3814 874 3873 Ritterum
899 3834 989 3894 quem
1012 3814 1094 3892 ipsas
1117 3809 1146 3872 ei
1169 3815 1349 3874 restituisse.

214 3916 379 3998 Didymum
394 3921 496 3974 autem
516 3915 597 3995 quod
620 3917 717 3976 secuti
739 3925 809 3976 sunt
822 3916 924 3975 Latini
946 3915 1150 3993 grammatici,
1168 3937 1228 3975 non
1243 3917 1351 3975 mirum

215 4017 307 4078 debet
326 4015 441 4090 videri,
466 4019 578 4099 quippe
600 4017 652 4098 qui
676 4019 755 4078 inter
780 4017 916 4080 Graecos
942 4017 1156 4096 grammaticos
1182 4019 1352 4098 proximum

213 4120 358 4180 Romanis
373 4120 506 4180 tenuisse
523 4119 621 4178 locum
636 4120 686 4179 vel
709 4119 778 4180 ideo
799 4119 947 4180 dicendus
962 4120 1017 4192 sit,
1040 4119 1124 4199 quod
1144 4139 1181 4179 ne
1198 4121 1351 4180 Romanas

215 4223 337 4302 quidem
354 4223 472 4280 litteras
485 4241 504 4279 a
523 4219 725 4281 Chalcentero
740 4222 897 4299 neglectas
912 4241 981 4282 esse
996 4223 1118 4282 scimus.

299 4323 428 4386 Sublata
441 4332 541 4382 autern
554 4321 634 4403 quod
647 4322 711 4381 vita
723 4322 833 4382 dicitur
846 4322 884 4382 de
897 4321 1224 4395 commentarieProbi,
1238 4323 1351 4403 optime

216 4427 404 4505 conpositum
425 4435 472 4486 est
493 4445 511 4484 a
529 4425 588 4488 Th.
605 4424 741 4502 Bergkio
764 4425 794 4484 in
818 4424 1031 4508 antiquitatum
1049 4425 1145 4484 diario
1163 4435 1229 4489 1845
1251 4443 1281 4504 p.
1301 4431 1350 4486 lac
