3190 5098
665 415 769 460 aaran
791 415 829 458 ιιι
1254 399 1317 462 469

181 573 290 630 mitam
306 565 448 656 (ioptaese
462 577 489 626 et
498 565 665 645 intercidit)
682 573 876 644 prommatieoe
888 572 1015 645 profecto
1028 565 1154 630 annuam
1168 579 1319 631 asenten·

181 672 226 732 tia
240 669 368 732 Saetosi
384 669 555 732 reclusisse.
583 679 716 732 ceterum
734 669 773 732 de
786 671 905 731 Latinis
923 671 1198 752 praepositionibus
1220 693 1318 752 gram·

89 829 91 836 .
181 773 284 834 matini
307 772 358 832 vel
374 773 506 834 maxime
525 773 605 834 inter
621 793 655 834 se
675 771 881 846 dissidebant,
903 793 969 834 cum
989 774 1065 834 alias
1087 774 1139 834 alii
1161 777 1319 854 praeposi·
1363 835 1366 844 ,

181 877 281 936 tiones
302 895 369 938 esse
391 874 620 936 contenderent.
650 877 695 936 sic
708 874 805 936 Varro
821 874 938 936 Scauro
955 883 1034 936 teate
1054 895 1084 955 p.
1101 885 1170 942 titt
1187 877 1224 938 P.
1239 895 1277 938 ea
1290 882 1320 938 ia

182 981 217 1036 ab
228 981 266 1035 ad
280 976 427 1038 adverbia
440 978 552 1038 localia
562 979 743 1048 nominarit,
759 997 839 1058 qnae
854 978 909 1039 illo
922 977 1042 1039 Charisi
1054 978 1121 1040 loco
1139 980 1220 1039 inter
1231 998 1318 1059 prae·

181 1080 346 1159 positiones
363 1080 545 1160 referuntur.
577 1077 724 1140 adverbia
740 1089 841 1140 antero
862 1081 975 1141 localia
994 1080 1032 1141 ab
1048 1079 1116 1142 aliis
1137 1081 1320 1162 praeverbia
1421 1075 1425 1083 ’

182 1181 334 1262 adpellari
353 1181 468 1242 ibidem
491 1181 624 1243 Scaurus
644 1179 760 1262 prodit,
780 1191 813 1242 nt
830 1191 900 1262 apte
921 1181 1021 1244 eidem
1042 1184 1122 1262 parti
1138 1183 1320 1244 Suetoniani

181 1283 253 1344 libri
268 1282 467 1363 adsignentur
481 1303 560 1363 quae
574 1283 729 1345 Charisius
744 1282 782 1344 de
801 1283 908 1344 eodem
923 1284 1003 1344 Iulio
1016 1285 1155 1346 Romano
1172 1295 1320 1364 excerpta

181 1387 323 1466 praebet:
355 1394 381 1446 et
392 1391 473 1462 prius
492 1390 560 1446 illud
568 1390 764 1461 praeverbium
778 1407 816 1446 an
836 1389 998 1446 adverbium
1019 1390 1075 1447 dici
1091 1391 1186 1447 debeat
1199 1391 1316 1464 disputa

181 1507 250 1548 mus.
284 1491 431 1566 Suetonius
448 1493 544 1548 etenim
562 1491 739 1566 Tranquillum
749 1491 946 1565 praeuerbium
962 1499 1045 1566 putat
1057 1493 1113 1550 diei
1130 1492 1228 1549 debere
1248 1493 1322 1565 meod

182 1601 245 1652 ante
266 1595 312 1650 uel
327 1591 430 1671 (immo
451 1589 593 1668 uerbum),
623 1594 784 1652 aduerbiam
808 1595 882 1668 quod
894 1599 961 1666 post
978 1595 1092 1654 uerbum
1110 1595 1319 1668 appellationes

181 1699 260 1754 ettam
276 1710 427 1768 nomenque
438 1702 561 1777 ponatur
579 1691 698 1772 (fragm.
714 1691 787 1772 206).
949 1675 954 1684 ’

266 1795 376 1874 ltaque
392 1795 422 1854 in
438 1793 516 1854 libro
532 1794 571 1855 de
585 1797 679 1856 variis
694 1796 785 1857 rebus
799 1795 1012 1874 grammaticas
1029 1797 1224 1876 quaestiones
1239 1793 1318 1854 Stoi·

182 1917 284 1962 corum
296 1898 356 1957 ritu
372 1905 576 1976 pertractasse
585 1897 749 1958 Suetonius
763 1897 900 1974 videtum
925 1895 979 1957 sed
995 1917 1062 1958 anm
1072 1898 1148 1958 haec
1160 1896 1226 1958 sols
1236 1897 1317 1975 frag·

79 2027 85 2038 ·
181 2009 283 2062 rncnta
302 2007 435 2060 aetatmo
456 1998 594 2074 tulerint,
621 1999 697 2060 nihil
719 1999 757 2060 de
776 2002 867 2060 totius
891 1999 961 2060 libri
990 1999 1170 2060 condicione
1193 2007 1319 2060 conten·

183 2103 256 2164 dere
271 2102 382 2175 ausim,
396 2103 456 2162 nisi
473 2101 553 2181 quod
569 2103 635 2181 ipae
648 2103 708 2161 iam
723 2102 827 2162 titulus
838 2101 971 2163 indicat:
988 2103 1080 2162 etiam
1095 2101 1163 2160 aliis
1179 2099 1217 2160 de
1228 2100 1319 2160 rebus

181 2205 266 2266 illum
288 2203 467 2264 disseruisse
491 2202 599 2263 videri.
635 2213 767 2264 ceteram
786 2202 886 2264 eidem
909 2203 987 2264 libro
1011 2203 1245 2282 orthographica
1264 2202 1320 2262 illa

181 2307 320 2387 quaestio
336 2305 455 2384 (fragm.
467 2305 533 2384 aot)
551 2304 754 2366 adtribuenda
768 2305 903 2379 videtur,
917 2306 1047 2384 insignis
1060 2325 1097 2366 ea
1110 2314 1241 2366 monstro
1256 2325 1319 2364 cor·

181 2409 328 2490 rnptelae‚
349 2408 431 2489 quod
447 2407 570 2468 domare
584 2408 695 2468 frustra
711 2406 820 2468 studui.

265 2513 394 2572 Restant
407 2511 466 2570 duo
474 2510 646 2590 Tranquilli
658 2509 829 2588 fragmenta
837 2529 963 2590 qnorum
976 2509 1167 2569 occasionem
1181 2507 1317 2569 indicare

181 2614 314 2678 nondum
337 2614 473 2692 contigit.
504 2631 596 2672 unum
620 2610 702 2691 apud
724 2610 858 2672 Gellium
881 2611 943 2672 XV
966 2621 999 2685 t,
1028 2621 1045 2672 t
1071 2619 1170 2672 extat:
1203 2613 1318 2670 eundem

180 2722 301 2778 Bassum
318 2718 464 2775 Suetonius
481 2717 660 2790 Tranquillus
672 2717 864 2789 praepositum
877 2731 937 2773 esse
951 2733 969 2772 a
983 2715 1023 2772 M.
1039 2717 1155 2772 Antonio
1166 2717 1320 2788 prouincia

181 2820 361 2880 orientalibus
381 2821 554 2892 Parthosque
576 2821 604 2874 in
626 2819 739 2892 Syriam
764 2820 989 2892 introrumpentis
1011 2818 1099 2874 tribus
1120 2817 1155 2873 ab
1180 2831 1212 2872 eo
1233 2833 1318 2889 proe-

181 2927 223 2982 liis
236 2924 317 2998 susas
330 2923 426 2979 scribit
436 2937 551 2994 eumque
558 2923 680 2995 primam
691 2923 810 2978 arnamar
820 2921 855 2976 de
869 2921 985 2976 Partitis
1000 2919 1185 2993 triumphasse
1198 2923 1224 2974 et
1233 2925 1320 2976 morte

181 3027 251 3084 ohta
261 3026 372 3098 publico
382 3025 484 3096 saraae
496 3026 631 3096 sepultum
641 3037 701 3079 esse
712 3018 802 3098 (ulo).
827 3021 956 3080 alterurn
971 3017 1096 3080 Servius
1110 3016 1206 3077 refert
1214 3037 1318 3095 georg.

173 3125 247 3186 .IIll
265 3132 328 3189 127:
345 3133 370 3184 et
379 3141 436 3198 per
451 3129 596 3182 transitum
607 3128 694 3198 tanpit
706 3126 847 3182 historiam
863 3142 880 3180 a
892 3124 1020 3182 Suetonio
1032 3127 1218 3178 memoratam.
1236 3121 1318 3178 Porn-

177 3233 260 3303 peius
270 3231 342 3285 enirn
352 3231 432 3286 uictis
446 3230 550 3300 piratis
564 3227 690 3284 Cilicibus
702 3229 805 3300 partim
816 3227 913 3284 bidem
923 3229 1028 3299 partim
1045 3227 1073 3280 in
1087 3224 1206 3280 Graecia
1213 3225 1321 3294 partim

181 3337 210 3389 in
225 3332 353 3390 Calabria
369 3346 453 3404 apros
469 3331 543 3385 dedit
559 3325 645 3404 (209).
675 3325 783 3406 quibus
795 3325 972 3404 fragmentis
987 3324 1014 3381 si
1025 3341 1063 3381 ea
1079 3341 1134 3402 per
1150 3339 1184 3380 se
1199 3329 1320 3398 spectas

182 3431 312 3490 indicari
327 3428 449 3490 videtur
464 3429 644 3490 Suetonium
655 3435 777 3506 praeter
789 3425 955 3486 Caesarum
970 3423 1081 3495 libros,
1097 3420 1250 3502 inquibus
1264 3420 1319 3480 illa

181 3554 244 3594 non
271 3533 428 3610 leguntur,
456 3531 548 3590 aliam
567 3529 722 3590 historiam
743 3527 935 3610 perterruisse
954 3526 986 3584 in
1011 3543 1073 3604 qua
1092 3542 1141 3582 res
1160 3523 1320 3584 Romanas

181 3635 309 3714 Pompei
320 3635 472 3694 etAntoni
481 3643 583 3704 aetate
596 3641 756 3692 enamatae
768 3631 889 3690 fuerint.
905 3628 965 3687 iam
976 3626 1091 3686 veroin
1104 3625 1320 3685 additamentis

181 3738 362 3819 Hieronymi
373 3736 413 3796 ad
428 3735 545 3796 Eusebi
560 3735 724 3794 chronicon
740 3731 823 3792 hand
837 3749 937 3812 panca
952 3737 1100 3806 excerpta
1116 3727 1216 3788 bonae
1229 3737 1260 3788 et
1272 3729 1318 3786 in·

183 3839 261 3899 dolis
278 3849 308 3898 et
321 3839 481 3898 latinitatis
497 3837 737 3918 conspiciuntur,
753 3833 863 3916 quibus
878 3851 929 3892 res
942 3832 1100 3890 Romanae
1116 3829 1188 3890 inde
1199 3849 1218 3889 a
1229 3829 1318 3888 Porn-

181 3943 232 4021 pei
252 3950 347 4001 morte
368 3961 465 4021 usqne
487 3939 527 3999 ad
547 3957 680 4020 pugnam
703 3936 863 3996 Actiacam
885 3934 1094 3994 inlustrantur.
1131 3931 1266 4010 conlegit
1281 3951 1320 3992 ea

181 4044 383 4104 Mommsenns
404 4045 435 4102 in
456 4040 709 4102 commentatione
733 4037 771 4098 de
795 4036 930 4098 fontibus
949 4034 1129 4115 Hieronymi
1146 4035 1206 4093 iarn
1228 4051 1320 4112 snpra

182 4144 317 4205 adhibita
330 4166 360 4225 p.
377 4154 425 4208 691
435 4163 501 4224 sqq.
516 4143 554 4202 cf.
572 4163 600 4221 p.
616 4151 683 4216 681,
708 4159 747 4200 ex
763 4161 822 4221 quo
835 4147 936 4220 autem
950 4147 1074 4197 anctore
1087 4134 1246 4216 desumpta
1259 4137 1320 4196 sint

181 4249 212 4307 in
231 4247 348 4306 incerto
362 4247 497 4326 reliquit.
527 4243 582 4304 sed
597 4263 636 4303 ne
658 4243 725 4321 quis
747 4241 785 4302 de
802 4243 892 4300 Livio
904 4241 1053 4320 cogitaret
1075 4239 1187 4317 optime
1206 4237 1321 4298 monuit

181 4369 240 4408 nec
256 4347 396 4428 prodigia
412 4347 449 4407 ab
464 4347 651 4428 Hieronymo
672 4343 783 4404 tradita
798 4364 865 4404 curn
881 4341 1079 4422 Obsequente
1098 4341 1268 4400 consentire
1289 4349 1320 4400 et

182 4450 348 4512 secundum
364 4448 523 4530 periochas
532 4447 669 4508 interitus
682 4443 768 4506 Coeli
784 4455 816 4506 et
830 4445 953 4507 Milonis
968 4445 999 4503 in
1016 4443 1094 4504 libro
1108 4442 1146 4502 ab
1157 4443 1231 4502 urbe
1247 4461 1317 4502 con·
