3190 5098
716 357 821 400 osrvr
842 359 853 400 r
1295 343 1358 406 407

212 511 354 576 Passieni
365 509 465 592 Crispi
479 512 544 572 vita
556 511 678 590 (fragm.
694 507 767 588 71²⁸)
784 509 867 589 apud
881 511 1077 574 seboliastam
1090 512 1246 574 Iuvenalis
1262 525 1357 588 extat,

213 633 304 694 quam
317 612 501 694 Tranquillo
514 610 552 676 0.
568 613 694 674 Iahnius
709 614 848 686 restituit,
866 613 948 696 quod
959 633 1017 674 neo
1027 623 1151 695 poterat
1163 614 1255 675 facile
1271 615 1357 676 sobo·

212 715 303 776 liasta
322 714 447 776 aliunde
458 715 538 776 bano
551 724 726 778 accuratum
742 716 880 776 notitiam
900 717 1040 796 recipere
1055 725 1087 778 et
1100 737 1169 778 eum
1186 717 1358 778 inlustrium

213 817 346 882 virorum
369 817 479 880 librum
495 817 683 880 cousuluisse
698 837 790 898 supra
809 816 947 879 vidimus.
980 837 1038 879 nec
1060 818 1147 880 deest
1162 827 1195 879 ut
1208 841 1271 880 rem
1287 839 1357 880 con·

213 920 296 983 ficiet
308 939 473 980 cousensus
489 939 563 986 curu
579 920 734 1000 excerptis
749 920 1009 1010 Hieronymianis.
1045 939 1125 1001 qnae
1147 920 1271 1002 quidem
1294 922 1358 982 rita

212 1023 288 1082 mira
308 1021 372 1082 ista
387 1020 510 1096 hebuit,
535 1041 605 1082 cum
620 1021 787 1082 scholiasta
803 1022 875 1084 Vibi
892 1021 993 1102 Crispi
1007 1023 1101 1082 vitam
1122 1043 1157 1084 se
1180 1023 1356 1088 exscribere

212 1131 343 1204 putaret
381 1123 427 1186 sic
446 1123 625 1186 factumest
645 1123 774 1204 utapud
792 1144 859 1186 eum
877 1123 1042 1186 Passienus
1063 1125 1270 1186 vercellensis
1290 1145 1363 1204 esse·
1406 1113 1413 1134 “

212 1224 375 1286 diceretur.
414 1245 495 1306 quse
526 1245 599 1288 vero
621 1226 815 1307 interpolatio
837 1245 905 1286 cnm
927 1227 1064 1288 inlibris
1085 1226 1266 1288 scholiorum
1290 1248 1356 1290 cor-

212 1336 303 1408 rupta
326 1336 423 1402 esset,
445 1347 519 1390 ecce
542 1327 626 1388 lrsus
649 1338 683 1388 ut
704 1329 941 1394 committeretur
960 1329 992 1388 in
1019 1347 1113 1390 causa
1134 1328 1201 1388 fnit.
1246 1347 1357 1410 nempe

214 1428 365 1508 Georgius
379 1429 473 1496 lislla
494 1429 525 1490 iu
544 1427 678 1490 editione
693 1429 786 1492 Probi
806 1430 992 1492 scholiastae
1015 1451 1100 1492 snam
1116 1431 1245 1510 patriam
1261 1431 1355 1492 Italo·

211 1549 277 1594 rum
291 1549 375 1592 more
391 1529 588 1592 decoraturus
603 1532 817 1594 Placentinum
836 1551 906 1594 cnm
923 1533 1019 1594 fuisse
1035 1532 1151 1594 scribit.
1250 1554 1253 1561 ·

295 1631 334 1692 Iu
354 1632 553 1713 praefatione
575 1633 786 1696 historicorum
809 1634 894 1710 libri,
928 1635 1015 1696 onius
1034 1634 1151 1696 nullam
1173 1635 1355 1713 particulam

210 1755 387 1814 superesse
403 1719 588 1816 magdopere
605 1734 768 1797 dolendum
785 1746 847 1812 est,
872 1737 1072 1818 Tranquillus
1093 1735 1258 1817 primordia
1281 1738 1355 1798 artis

211 1836 375 1898 historicae
397 1835 437 1896 sd
460 1846 595 1898 aetatem
617 1857 713 1918 usque
729 1839 858 1901 Sallusti
880 1840 1045 1900 enerravit.
1088 1848 1121 1899 ut
1137 1839 1229 1900 etiam
1250 1839 1282 1898 in
1298 1839 1356 1898 hoc

210 1939 287 2000 libro
302 1959 338 2002 ss
349 1939 587 2021 antiquariorum
602 1940 725 2020 quidem
739 1940 947 2004 adversarium
957 1941 1013 2002 sed
1029 1941 1158 2002 eundem
1174 1940 1356 2019 Quintiliani
1408 1983 1412 1990 -

211 2049 394 2104 secutorem
407 2039 531 2121 prodat,
554 2041 606 2122 qui
621 2040 737 2104 decimo
753 2043 831 2104 libro
852 2042 969 2103 nullum
991 2031 1138 2104 Sallustio
1154 2042 1354 2123 antiquiorem

209 2143 385 2208 historicum
402 2143 546 2208 studiosis
561 2163 653 2224 quem
668 2144 774 2223 legant
791 2143 1057 2204 commendaverit.

294 2245 331 2305 In
360 2243 556 2326 excerpenda
586 2246 797 2308 historicorum
826 2247 892 2328 ¹vita
916 2245 1124 2326 parcissimum
1147 2245 1356 2326 repraestitit

208 2349 432 2429 Hieronymus,
455 2347 537 2427 apud
559 2367 648 2428 quem
670 2347 747 2408 nihil
769 2346 808 2410 de
823 2348 926 2425 Trogo
949 2348 1098 2426 Pompeio
1121 2345 1245 2408 Aufidio
1257 2346 1355 2408 Besso

209 2449 343 2514 Servilio
361 2450 505 2510 Noniano
528 2450 687 2511 referatur.
724 2448 806 2530 quod
829 2447 988 2510 commode
1008 2450 1107 2528 possis
1128 2450 1173 2508 sic
1195 2449 1354 2528 explicari,

209 2562 243 2614 ut
259 2553 465 2636 Hieronymus
480 2571 548 2612 cum
564 2551 651 2612 initio
667 2551 918 2630 diligentissimus
935 2552 1041 2626 luerit,
1061 2549 1144 2633 quod
1160 2549 1354 2611 multitudine

210 2653 249 2716 da
276 2655 377 2736 poetis
404 2663 435 2714 et
468 2653 639 2716 oratoribus
675 2649 903 2715 adnotationum
929 2653 1167 2728 demonstratur,
1198 2654 1229 2712 in
1254 2651 1355 2713 medio

208 2757 287 2818 libro
317 2754 504 2835 excerpendi
537 2755 679 2818 molestia
707 2754 895 2834 defatigatus
920 2756 951 2816 in
972 2756 1033 2816 fine
1058 2754 1177 2816 demum
1203 2755 1269 2816 eins
1300 2755 1354 2816 ubi

209 2860 354 2922 rhetores
366 2859 457 2937 positi
484 2867 572 2918 eruut
600 2857 638 2918 ad
674 2858 833 2938 pristinum
855 2855 1072 2918 adsiduitatem
1094 2877 1128 2918 se
1150 2859 1352 2918 revocaverit

209 2981 291 3044 quse
312 2960 507 3042 reliquiarum
527 2960 667 3040 parcitus
689 2957 900 3040 aliquomodo
924 2968 1130 3038 compensetur
1151 2979 1188 3020 eo
1211 2958 1293 3040 quod
1315 2959 1354 3020 de

209 3084 270 3124 uno
287 3062 433 3124 historico
449 3061 551 3124 Plinio
566 3061 710 3124 Secundo
725 3061 849 3122 uberior
868 3062 976 3124 notitia
991 3061 1120 3140 (fragm.
1137 3061 1193 3142 80)
1213 3063 1245 3122 in
1268 3061 1354 3122 libris

210 3166 276 3226 eius
297 3163 421 3226 residua
452 3173 514 3236 est,
548 3183 639 3244 qnam
667 3165 761 3242 ipsius
781 3165 989 3244 inscriptionis
1008 3163 1181 3224 testimonio
1204 3177 1248 3223 ex'
1276 3162 1353 3223 libro

210 3265 340 3328 Suetoui
362 3265 551 3346 desumptam
576 3267 785 3326 senescimus.
825 3277 960 3326 attamen
989 3285 1029 3324 ne
1053 3265 1133 3326 huuc
1156 3265 1279 3346 quidem
1298 3286 1354 3344 pro

210 3369 331 3448 integre
353 3367 520 3428 habeamus
546 3367 612 3426 eius
640 3365 780 3427 condicio
800 3367 935 3446 flagitat,
962 3386 1024 3446 qna
1046 3365 1170 3446 quidem
1194 3387 1254 3425 non
1275 3366 1353 3426 nulli

210 3470 297 3533 abusi
313 3469 405 3537 sunt:
416 3470 442 3530 si
457 3478 581 3550 propter
598 3465 754 3528 indoctam
768 3467 965 3542 brevitatem,
983 3477 1017 3529 ut
1029 3467 1190 3542 dicebant,
1206 3467 1353 3528 Suetonio

209 3571 365 3650 indignum
379 3570 602 3632 iudicaverunt.
632 3569 665 3630 in
683 3570 741 3630 hac
763 3579 864 3631 sutem
880 3571 946 3632 vita
967 3568 1160 3630 contexenda
1175 3569 1243 3649 ipsa
1258 3568 1354 3628 rerba

208 3673 336 3736 iunioris
348 3673 446 3748 Plini,
458 3673 510 3753 qui
522 3674 614 3734 etiam
629 3671 732 3733 Taciti
745 3681 850 3734 auctor
860 3672 932 3745 fuit,
945 3681 1068 3732 secutus
1082 3681 1145 3748 est;
1161 3670 1215 3732 sed
1229 3672 1354 3732 curiosi-

210 3785 303 3836 tetem
317 3775 492 3857 Tranquilli
513 3774 595 3836 illius
619 3775 800 3836 testimoniis
821 3795 882 3836 non
897 3782 1069 3836 contentam
1089 3773 1200 3847 inisse,
1221 3793 1301 3854 quae
1321 3774 1352 3832 in

209 3877 270 3938 fine
286 3877 368 3938 vitae
384 3897 412 3957 p.
428 3885 477 3950 93,
494 3884 570 3957 inq.
592 3875 768 3952 traduntur,
785 3875 965 3949 ostendunt,
987 3876 1132 3956 quoniam
1146 3875 1223 3934 nibil
1239 3874 1277 3935 de
1296 3875 1354 3934 isto

208 3998 328 4040 rumore
351 3979 461 4039 Tacito
481 3978 602 4039 Plinius
630 3979 760 4059 scripsit.
798 3999 860 4060 qna
888 3999 922 4038 re
945 3977 1125 4056 comprobari
1146 3977 1353 4055 inscriptionis

209 4082 301 4144 iidem
315 4081 346 4140 in
362 4078 524 4161 propstulo
542 4090 599 4140 est.

294 4182 476 4263 Priusquam
502 4181 541 4242 ad
568 4181 677 4243 librum
708 4181 746 4244 de
773 4181 963 4264 pbilosophis
987 4179 1165 4260 adgrediar,
1190 4179 1353 4260 paneade

118 4343 126 4356 ,
209 4283 421 4362 philosophiae
448 4283 606 4344 Romanae
624 4284 751 4346 historia
773 4283 941 4346 delibanda
971 4292 1049 4342 sunt
1096 4282 1228 4362 Augusti
1250 4289 1353 4344 aetste
1387 4273 1390 4278 ’

210 4385 386 4448 Sextiomm
410 4393 497 4448 secta
519 4387 679 4463 extiterat,
702 4387 830 4448 Romani
858 4386 914 4446 illu
937 4383 1059 4466 quidem
1080 4385 1210 4460 roboris,
1243 4394 1276 4446 ut
1297 4386 1352 4449 Se·
