3190 5098
664 413 768 458 oarvr
787 415 825 456 111
915 453 936 518 κ
1007 403 1012 411 “
1061 371 1065 378 ⁴
1245 399 1307 462 465

168 583 238 626 nem
253 566 355 626 auimo
371 584 532 646 possumus
549 566 720 626 informare.
750 585 830 648 quae
848 585 1031 648 quamquam
1051 585 1142 628 ausus
1156 587 1216 628 nou
1241 589 1307 632 snm

169 667 407 747 fragmentorum
422 667 489 728 looo
505 667 620 730 babere
640 677 742 729 tumen
763 689 824 728 uon
848 670 933 749 potui
949 669 1024 750 quin
1041 671 1236 751 insuperiori
1253 671 1307 734 ad·

100 779 103 788 '
168 772 326 830 notatione
348 769 549 832 conlocarem.
586 789 658 830 nam
678 772 744 832 sive
766 765 937 852 antiquiori
958 773 1024 831 sive
1041 775 1216 834 recentiora
1239 783 1309 835 sunt

170 871 333 948 Suetonio,
353 891 414 934 nou
435 871 594 934 dissimilia
614 893 718 934 eorum
737 873 832 934 luisse
854 881 926 953 puto
942 893 1022 956 quae
1048 876 1114 956 ipse
1137 876 1197 936 bac
1219 875 1258 936 de
1273 895 1308 935 rs

169 975 285 1034 statuit.
311 984 473 1054 praetcrea
491 996 552 1036 uon
572 975 708 1055 vulgaris
732 975 870 1036 doctriua
886 977 1019 1037 cernitur
1032 977 1064 1036 in
1081 977 1139 1052 eis,
1163 997 1241 1058 quae
1252 979 1307 1038 Isi-

171 1075 262 1136 dorus
282 1075 304 1136 l.
322 1095 348 1136 c.
369 1084 479 1142 17-58
498 1077 536 1140 de
553 1077 633 1137 ludis
647 1077 852 1138 Romanorum
871 1078 983 1152 tradit,
1008 1090 1042 1140 ut
1060 1079 1153 1140 facile
1175 1081 1308 1160 suspicio

171 1179 299 1255 oriatur,
323 1197 391 1242 aum
413 1181 505 1242 etiem
523 1181 554 1240 in
573 1179 631 1240 bac
648 1181 797 1260 originum
823 1189 910 1262 parte
935 1181 1141 1265 e'Pranquilli
1166 1183 1308 1244 memorie

170 1279 315 1360 pondera.
1384 1351 1388 1359 ,

254 1383 344 1442 Nunc
357 1401 375 1441 a
388 1383 552 1446 maioribus
562 1381 690 1444 Suetoni
702 1383 788 1444 libris
800 1383 839 1444 ad
852 1403 905 1444 eos
918 1383 1106 1448 descendere
1120 1389 1237 1448 animus
1251 1397 1307 1463 cst,
1398 1415 1400 1422 ·

170 1484 223 1565 qui
229 1484 402 1564 singulares
414 1485 509 1546 luisse
517 1485 669 1547 videntur.
677 1487 799 1566 scripsit
810 1487 1186 1570 igiturPrisciauoteatep.
1194 1499 1243 1554 til
1255 1487 1308 1568 (of.

170 1585 277 1665 fragm.
296 1585 358 1665 199)
376 1587 486 1648 librum
502 1591 536 1647 de
549 1593 712 1648 institutione
726 1591 882 1665 officiorum
895 1587 926 1649 id
944 1601 990 1652 est
1005 1589 1043 1652 de
1060 1593 1168 1652 officiis
1178 1592 1308 1671 publicis

169 1687 313 1769 palatinis
335 1689 517 1754 militaribus
538 1709 702 1773 eorumque
725 1689 900 1769 originibus.
934 1675 1093 1755 moverunt
1114 1701 1215 1754 autem
1232 1691 1308 1756 Sue·

169 1792 284 1852 tonium
300 1799 335 1850 ut
346 1791 377 1852 in
392 1791 471 1853 haec
490 1794 659 1876 inquireret
676 1791 756 1854 duae
772 1796 904 1854 maxime
920 1795 1071 1880 rationes:
1100 1795 1227 1876 primum
1242 1797 1308 1878 ipse

169 1894 315 1974 magister
330 1895 529 1974 epistularum
545 1895 735 1976 imperatoris
750 1893 901 1956 Hadriani
919 1896 994 1977 fuit5
1011 1898 1138 1959 alterurn
1152 1919 1225 1959 vcro
1238 1919 1307 1959 can·

170 2015 234 2058 sam
248 1995 338 2058 nobis
355 1995 472 2058 iudicat
489 1997 636 2058 Aurelius
650 1997 757 2059 Victor
781 1999 853 2079 epit.
874 2007 922 2073 lt,
945 2019 1013 2059 cum
1037 2000 1114 2060 baec
1132 2001 1169 2060 de
1185 2001 1238 2062 illo
1254 2003 1308 2063 im·

170 2107 311 2180 peratore
331 2098 420 2159 dicit:
446 2103 544 2176 officia
560 2103 752 2176 occupabitur
768 2110 795 2160 et
803 2105 930 2176 palatino
944 2119 996 2160 nec
1009 2121 1064 2162 aon
1079 2107 1188 2161 militine
1205 2109 1232 2162 r'n
1248 2121 1309 2164 eom

167 2201 289 2276 sormam
303 2206 396 2262 uarat
408 2219 480 2278 poue
497 2201 600 2281 (immo
615 2206 644 2260 in
658 2198 727 2280 quo)
743 2208 845 2278 ponera
861 2220 917 2277 prr
939 2203 1141 2263 Constantinum
1163 2210 1310 2265 immutatis

175 2301 255 2362 aare
263 2313 459 2378 maereant.

254 2405 291 2465 In
312 2405 371 2466 bec
391 2405 484 2484 igitur
505 2403 583 2464 libro
609 2405 696 2466 initia
711 2405 878 2466 officiorum
895 2403 1094 2484 descripsisse
1117 2405 1251 2468 videtur:
1278 2410 1309 2469 iu

171 2505 254 2588 quod
274 2516 484 2586 argumentum
507 2517 578 2586 apte
597 2507 768 2570 intrantes
789 2527 869 2588 quae
891 2505 998 2587 Lydus
1020 2505 1059 2568 de
1080 2508 1214 2586 magistr.
1239 2511 1311 2574 134

170 2629 200 2689 p·
222 2619 273 2674 146
314 2607 491 2670 Suetonium
519 2608 681 2670 tradidisse
708 2610 784 2671 dicit
811 2608 933 2689 (fragm.
955 2607 1033 2687 200).
1063 2629 1122 2670 uec
1146 2611 1245 2672 minus
1267 2613 1308 2671 ei·

171 2710 239 2772 deur
264 2714 423 2786 usuvenit,
452 2711 534 2793 quod
562 2709 721 2774 Oedrenus
749 2712 766 2772 Ι
791 2733 821 2792 p.
844 2721 912 2785 802,
936 2719 1093 2792 postquam
1119 2711 1158 2772 de
1181 2714 1310 2774 nummis

170 2813 291 2874 Numae
323 2814 506 2894 disputavit,
551 2813 659 2876 eodem
690 2815 830 2875 nimirum
864 2822 988 2874 auctore
1017 2815 1179 2874 memoriae
1208 2813 1311 2896 prodit

172 2915 293 2995 (iram.
309 2925 357 2980 201
369 2915 411 2995 *).
448 2918 632 2978 contrarius
657 2917 819 2996 fragmenti
842 2915 923 2997 quod
948 2915 1061 2976 diserte
1077 2915 1255 2978 Priscianus
1270 2937 1310 2978 ex

170 3019 227 3079 boc
239 3017 317 3079 libro
331 3021 476 3100 repetivit
487 3017 565 3098 (199)
581 3039 640 3080 nou
652 3020 780 3099 contigit
793 3019 987 3080 occasionem
993 3027 1181 3096 monstrare,
1199 3039 1266 3080 cnm
1278 3020 1309 3080 in

172 3122 258 3182 ouius
274 3121 366 3182 officii
391 3103 582 3182 enarratione
599 3123 797 3202 grammatica
818 3121 872 3182 illa
892 3120 1064 3181 observatio
1082 3123 1183 3200 posita
1201 3121 1311 3182 suisset

169 3243 232 3284 uon
243 3242 365 3303 possem
376 3223 534 3303 indagare.
547 3223 676 3284 eandem
685 3225 805 3284 scilicet
814 3222 1118 3302 tungit'I'ranquillus
1130 3225 1160 3282 iu
1168 3222 1310 3301 Caligula

170 3335 196 3398 8,
208 3333 241 3386 ut
252 3325 478 3406 inscriptionem
494 3345 567 3386 arae
579 3324 617 3385 ob
626 3325 815 3406 Agrippinae
827 3325 1022 3405 puerperium
1031 3324 1150 3404 positae
1162 3322 1310 3404 interpre-

171 3437 259 3488 tetur.
296 3428 327 3486 in
347 3427 405 3488 boo
421 3437 522 3488 autem
543 3424 583 3487 de
607 3427 795 3487 institutione
817 3427 984 3486 officiorum
1002 3425 1081 3485 libro
1096 3445 1156 3485 nou
1173 3423 1311 3485 meminit

170 3529 259 3590 modo
269 3527 462 3612 antiquarum
470 3529 589 3588 illarum
597 3528 759 3588 formarum
771 3527 826 3588 sed
838 3529 929 3588 etiam
940 3527 1139 3607 conprobavit
1148 3547 1200 3588 eas
1210 3525 1309 3587 diver·

171 3653 220 3693 sos
237 3651 310 3692 usus
324 3651 451 3713 ponens.
482 3649 562 3712 quae
582 3629 733 3690 Prisciani
755 3629 848 3690 verba
865 3639 949 3690 recte
968 3629 1099 3691 Rotbius
1118 3649 1148 3709 p.
1167 3627 1244 3690 XCI
1266 3629 1310 3690 sio

170 3733 356 3815 explicavit,
371 3735 529 3794 etruriae
543 3733 643 3813 poetis
654 3733 828 3794 testimonia
846 3751 924 3812 quae
941 3729 1052 3792 deiude
1071 3730 1151 3812 apud
1166 3731 1248 3790 bunc
1263 3749 1309 3790 ac·

173 3847 339 3917 querentur
351 3837 499 3900 Suetonio
513 3835 693 3896 vindicaret.
723 3834 777 3894 sed
788 3842 890 3893 tamen
902 3833 995 3893 nolim
1007 3833 1137 3894 eundem
1151 3832 1223 3892 bino
1239 3851 1310 3892 oon·

172 3947 254 4000 stare
275 3940 410 4000 voluisse
433 3957 523 4020 quarn
544 3937 678 3997 litterate
700 3938 814 4016 peritus
836 3932 924 3995 latini
946 3936 1093 3996 sermonis
1113 3933 1311 4015 Tranquillus

171 4039 291 4102 luisset.
312 4059 422 4119 nempe
434 4061 495 4100 non
510 4040 646 4100 meminit
657 4039 734 4098 haec
747 4038 888 4118 exempla
899 4035 1045 4100 Suetonio
1061 4037 1126 4097 fere
1143 4037 1312 4097 communia

167 4161 240 4204 esse
254 4163 321 4202 cum
332 4123 426 4204 Festo
439 4141 695 4214 CharisioNouio,
710 4159 835 4222 quorum
848 4139 901 4200 illc
910 4139 1112 4201 VerriFlacci
1126 4139 1219 4218 copiis
1238 4157 1310 4198 usus

172 4255 233 4318 eat,
251 4245 283 4305 hi
298 4246 485 4326 antiquiores
501 4241 647 4303 Suetonio
660 4251 798 4302 auctores
810 4241 985 4302 adhibuisse
998 4261 1034 4301 co
1049 4239 1218 4320 produntur
1229 4238 1312 4320 quod

172 4349 410 4409 testimoniorum
434 4365 591 4406 numerum
614 4353 736 4424 augent.
774 4353 935 4424 praeterea
958 4342 1115 4404 Charisius
1139 4363 1193 4404 nos
1211 4341 1310 4415 docet,

172 4467 264 4510 ouum
279 4450 484 4510 testimonium
499 4449 569 4508 Livi
585 4447 750 4508 Andronici
763 4467 781 4507 a
799 4445 944 4508 Suetonio
958 4447 999 4506 ita
1016 4445 1152 4506 exbiberi
1166 4451 1200 4504 ut
1213 4445 1310 4505 Varro

225 4565 342 4604 svrroru
357 4565 419 4602 ιιιιι..
1069 4547 1109 4609 30
