3064 5064
262 371 321 436 170
720 377 726 388 '
768 396 899 438 aasrvn

259 547 368 606 autem'
399 542 562 628 sapientes
598 543 716 626 partim
752 542 883 606 ciuilem
915 544 1032 628 partim
1065 541 1246 608 naturalem
1280 542 1401 629 partim

258 665 411 728 magnum
435 665 506 707 esse
522 643 687 708 dixerunt.
723 659 849 707 crvrms
871 659 985 708 snnvs
1008 653 1058 708 est
1079 645 1186 731 quiin
1208 643 1400 708 buius'ast'ri

258 767 391 809 recursu
414 767 472 831 per
498 767 626 809 menses
648 745 716 810 XII
743 747 947 811 terminatur.
992 761 1105 810 annvs
1129 761 1326 810 narvnauls
1349 757 1401 810 cst

260 873 309 909 aaa
326 869 399 910 essm
420 869 455 911 se
477 845 538 912 soli
560 846 640 910 luna
662 849 816 933 supponit
836 856 872 912 ut
893 850 978 913 inter
1001 847 1112 912 orbem
1133 847 1212 912 solis
1233 845 1399 912 et=oculos

197 1011 207 1035 α
258 956 384 1012 nostros
407 949 515 1013 media
538 947 627 1012 facta
647 948 799 1013 tenebras
826 949 926 1014 totius
954 949 1042 1016 orbis
1067 947 1203 1026 efficiat,
1236 949 1322 1036 quod
1350 947 1421 1012 dis

255 1052 341 1115 citur
363 1051 511 1137 eclipsis,
537 1050 629 1114 cuius
650 1053 734 1115 ratio
756 1050 879 1116 diutius
901 1052 1041 1116 obscura
1064 1051 1127 1114 luit
1149 1049 1206 1114 sed
1228 1073 1248 1114 a
1267 1047 1400 1114 Milesio

256 1153 394 1238 quodam
408 1151 600 1238 philosopho
613 1154 763 1239 exposita
776 1162 835 1216 est.
853 1169 966 1218 aurave
980 1168 1121 1216 uacuus
1138 1151 1254 1216 dicitur
1267 1150 1399 1238 quando

178 1331 181 1342 Ι
256 1257 365 1318 omnia
383 1253 492 1319 sidera
513 1255 610 1319 certis
634 1255 833 1342 temporibus
849 1256 1056 1341 numerisque
1074 1254 1233 1340 conpletis
1245 1252 1286 1316 ad
1303 1273 1398 1316 suurn

256 1429 296 1478 ab
315 1429 472 1478 solstitio
546 1428 720 1477 dixerunt.
740 1427 902 1478 Solstitialis
921 1442 1008 1477 annus
1028 1432 1069 1476 cst
1087 1442 1148 1476 cum
1166 1426 1207 1476 sol
1226 1423 1336 1490 expleto
1349 1441 1399 1490 per

206 1537 215 1554 .
256 1497 348 1546 etruria
366 1498 447 1560 signs
466 1497 583 1546 circuitu
601 1497 630 1545 in
652 1497 680 1545 id
703 1497 775 1546 rrnde
794 1496 958 1561 principium
976 1511 1070 1544 cursus
1089 1496 1130 1544 sui
1149 1495 1264 1559 sumpsit
1282 1493 1398 1544 recurrit

257 1565 305 1625 (ex
321 1565 438 1614 Antros.
458 1566 572 1614 beroem.
593 1564 663 1613 IIII
679 1569 707 1621 5,
728 1565 788 1627 24);
807 1565 866 1629 ipse
886 1569 928 1614 cst
946 1563 1044 1614 solaris
1064 1577 1150 1612 annus
1164 1562 1209 1612 uel
1228 1561 1329 1621 ciuilis,
1350 1561 1397 1626 qui

256 1633 354 1681 diebus
373 1630 517 1682 CCCLXV
535 1633 685 1696 peragitur.
721 1627 814 1681 banus
837 1632 942 1682 lunaris
965 1631 1036 1680 idem
1062 1637 1091 1680 ct
1114 1629 1263 1681 eommunis
1287 1635 1343 1692 est,
1369 1628 1397 1678 id

258 1707 299 1750 est
318 1701 363 1762 qui
382 1715 430 1764 per
448 1699 502 1749 XII
520 1715 627 1748 menses
646 1699 756 1749 lunares
775 1699 896 1749 decurrit
918 1699 947 1748 id
971 1704 1013 1748 est
1030 1699 1127 1748 diebus
1146 1696 1305 1747 CCCLIIII.
1342 1697 1396 1744 An-

257 1782 307 1816 nus
320 1767 494 1817 embolismus
518 1773 560 1816 est
579 1768 624 1831 qui
642 1767 722 1817 lrrnas
741 1768 810 1817 XIII
828 1773 856 1816 et
874 1767 933 1826 dies
952 1765 1166 1816 CCCLXXXIII
1184 1765 1286 1814 babere
1306 1779 1395 1813 mons·

257 1841 358 1894 tratur,
385 1835 412 1883 in
436 1851 487 1898 qam
507 1850 578 1884 anno
597 1835 705 1900 longius
724 1835 783 1886 dies
801 1835 923 1900 paschae
947 1835 1126 1900 protenditur.
1162 1833 1254 1882 Annus
1272 1832 1396 1882 bisextus

256 1909 299 1952 est
318 1903 346 1951 in
365 1918 416 1967 quo
435 1903 515 1952 urrins
537 1903 593 1952 diei
616 1919 664 1968 per
688 1903 895 1968 ‹prradriennium
920 1919 953 1952 ex
976 1901 1136 1968 quadrantIs
1160 1901 1267 1950 ratione
1291 1915 1397 1950 summa

256 1970 404 2034 colligitur.
441 1971 533 2020 Annus
552 1970 689 2020 lubilaeus
707 1977 750 2021 cst
768 1971 949 2031 remissionis,
974 1971 1020 2036 spui
1039 1970 1161 2035 septenis
1179 1983 1310 2018 annorum
1329 1967 1395 2016 heb·

256 2038 416 2088 domadibus
436 2038 462 2087 id
482 2044 524 2088 est
540 2038 672 2088 XLVIIII
692 2040 770 2089 annis
789 2039 898 2098 texitur,
918 2039 946 2087 iu
965 2053 1016 2102 quo
1034 2039 1111 2088 iuxta
1123 2035 1213 2102 legem
1227 2035 1395 2100 clangeban-

255 2112 298 2156 tur
316 2106 399 2156 tubae
419 2113 446 2156 et
465 2107 499 2156 ad
518 2123 611 2157 omnes
630 2107 821 2156 reuertebatur
845 2107 959 2170 antiqua
978 2106 1123 2171 possessio.
1160 2104 1337 2169 Olympias

197 2173 202 2182 '
255 2173 478 2224 lustrabatur.
503 2175 673 2224 Indictiones
685 2175 803 2225 Romani
819 2175 998 2235 inuenerunt,
1018 2189 1088 2238 quae
1107 2189 1156 2238 per
1166 2171 1290 2237 stngulos
1310 2185 1397 2220 annos

255 2257 340 2306 usque
360 2243 394 2292 ad
414 2244 536 2308 quintum
554 2243 688 2292 decimum
706 2243 851 2292 uenientes
874 2257 966 2292 rursus
990 2242 1024 2292 ad
1043 2241 1124 2306 primi
1148 2241 1212 2290 anni
1230 2239 1395 2304 principium

234 2310 440 2360 ,reuoluuntuu
476 2311 548 2360 Aera
572 2326 678 2376 quoque
698 2310 827 2361 Caesaris
844 2310 961 2375 Augusti
984 2315 1106 2374 tempore
1130 2309 1221 2374 posita
1245 2314 1299 2368 est,
1318 2305 1395 2355 dicta

255 2383 347 2428 autern
366 2395 442 2438 aera,
462 2395 495 2428 cx
513 2393 566 2444 quo
584 2379 672 2428 omnis
689 2379 763 2430 orbis
782 2394 830 2428 aas
848 2377 961 2427 reddere
979 2379 1119 2442 protessus
1138 2381 1180 2426 est
1198 2376 1237 2425 rei
1255 2373 1393 2440 publicae.

255 2463 321 2496 aera
341 2463 357 2496 a
376 2447 420 2496 die
434 2447 621 2497 Kalendarum
633 2447 823 2496 Ianuariarum
843 2445 991 2495 adcrescit.
1026 2445 1154 2494 Bisextus
1173 2449 1264 2493 autem
1283 2459 1299 2491 a
1317 2447 1395 2491 sexto

254 2515 347 2564 Nonas
359 2515 475 2564 Martias
494 2529 579 2580 usque
599 2515 634 2563 sd
651 2515 723 2564 diem
741 2514 829 2580 pridie
843 2513 1028 2562 Kalendarum
1047 2513 1238 2562 Ianuariarum
1260 2511 1288 2559 in
1312 2509 1394 2559 lunae

254 2597 336 2632 cursu
354 2583 507 2647 adponitur.
544 2583 638 2632 Annus
657 2588 748 2632 autem
761 2581 959 2646 Aegyptiorum
977 2581 1036 2630 siue
1056 2580 1163 2630 bisexto
1181 2579 1291 2628 initium
1310 2577 1395 2626 habet

255 2654 351 2714 quarto
370 2649 556 2700 Kalendarum
575 2650 785 2716 Septembrium,
806 2665 866 2698 cum
884 2649 993 2698 bisexto
1013 2654 1104 2697 autem
1124 2663 1140 2696 a
1159 2648 1241 2696 tertio
1256 2644 1393 2695 Kalenda-

254 2733 310 2766 rum
329 2733 412 2782 supra
431 2717 612 2782 scriptarum.'
650 2719 685 2768 cf.
706 2719 826 2768 Isidorus
839 2716 928 2781 origg.
949 2714 1016 2766 vas
1033 2731 1073 2780 sq.
1086 2715 1123 2765 VI
1140 2714 1177 2763 17.
1192 2741 1224 2750 -
1236 2713 1395 2763 Macrobius

255 2801 350 2833 comm.
376 2784 437 2844 1u‚
461 2783 508 2834 83:
541 2786 621 2834 ‘Nam
645 2801 694 2850 per
716 2793 845 2851 septenos
868 2784 956 2835 octies
979 2783 1045 2834 solis
1069 2783 1211 2832 anfractus
1235 2777 1393 2844 reditsfipue

254 2852 454 2916 quinquaginta
473 2857 501 2901 st
519 2869 566 2901 sex
584 2853 832 2916 aigrrilicatannos,
853 2853 1009 2902 anfractum
1027 2852 1093 2901 solis
1112 2856 1140 2901 at
1157 2851 1275 2900 reditum
1294 2863 1393 2906 annum

252 2933 369 2969 uocans:
390 2921 545 2968 anfractum
564 2925 674 2986 propter
693 2921 801 2970 zodiaci
820 2920 960 2981 arrrbitunr,
980 2918 1096 2968 reditum
1115 2919 1179 2984 quia
1198 2917 1294 2967 eadem
1312 2917 1394 2980 signa

253 3001 404 3051 perennes
424 2987 545 3050 singulos
564 2987 721 3052 certalege
740 2987 874 3040 matitun’
912 2987 1031 3037 Isidorus
1054 2988 1142 3052 origg.
1162 2986 1185 3034 V
1203 2984 1249 3046 36,
1277 2984 1303 3032 l:
1330 2985 1393 3032 ‘An-

253 3069 302 3104 nus
321 3061 363 3104 cst
381 3054 447 3104 solis
466 3055 621 3118 anfractus,
648 3071 708 3106 oum
731 3058 853 3122 peractis
877 3055 1008 3104 trecentis
1026 3055 1100 3104 LXV
1118 3053 1215 3104 diebus
1238 3053 1272 3102 ad
1296 3051 1393 3102 eadem

252 3121 372 3171 siderum
389 3121 453 3172 loca
471 3121 560 3172 redit'
586 3149 617 3160 —-
641 3124 727 3174 Varro
747 3126 778 3174 II·
797 3125 830 3173 L.
849 3123 886 3172 VI
904 3121 933 3172 8:
954 3123 1041 3172 ‘Alter
1058 3128 1147 3172 motus
1166 3127 1207 3170 est
1225 3120 1292 3170 solis
1311 3118 1394 3170 aliter

252 3206 286 3239 ac
306 3190 378 3240 caeli
397 3191 467 3254 quod
486 3199 609 3240 mouetur
631 3191 761 3242 abruma
784 3192 819 3242 sd
837 3190 986 3241 solstitium
1005 3225 1099 3240 .......
1128 3197 1234 3254 tempus
1256 3203 1273 3236 a
1297 3188 1393 3236 bruma

252 3258 287 3308 ad
310 3258 432 3309 brumam
456 3259 518 3308 dum
542 3259 583 3308 sol
601 3259 672 3310 redit
690 3265 806 3310 uocatur
825 3273 924 3318 armus,
950 3259 1021 3324 quod
1042 3267 1071 3308 ut
1095 3258 1174 3322 parui
1198 3255 1295 3306 circuli
1317 3255 1393 3304 anuli

225 3325 291 3397 4sic
312 3327 405 3392 magni
423 3325 587 3376 dicebantur
612 3329 723 3378 circites
748 3329 810 3390 ani,
834 3327 905 3377 unde
930 3324 1036 3376 annus'
1072 3325 1183 3376 Servius
1205 3325 1273 3374 nen.
1296 3322 1392 3373 lasa:

253 3394 355 3444 ‘Annus
379 3401 470 3444 autern
493 3395 582 3446 dictus
601 3397 680 3460 quasi
699 3412 803 3452 annuus
825 3396 915 3445 idest
938 3393 1053 3444 annulus
1077 3393 1147 3458 quod
1162 3393 1199 3462 ,in
1223 3407 1252 3440 se
1276 3389 1392 3440 redeat!

252 3464 364 3512 Servius
382 3463 449 3512 Aen.
470 3463 492 3511 V
510 3463 557 3512 40:
578 3464 653 3528 ‘quia
671 3479 778 3514 menses
797 3465 825 3512 in
843 3479 872 3512 se
891 3466 1002 3512 currunt
1020 3469 1048 3511 et
1067 3476 1165 3511 annum
1185 3461 1300 3520 iaciunt,
1321 3459 1394 3508 unde

252 3536 280 3579 et
298 3529 413 3580 annulus
432 3531 511 3594 quasi
530 3537 557 3580 et
576 3529 706 3581 annuns.’
742 3531 862 3582 Isidorus
879 3531 968 3594 origg.
987 3529 1010 3577 V
1028 3529 1073 3587 36,
1100 3528 1204 3593 lsqq.:
1231 3530 1326 3576 ‘annus
1346 3542 1393 3576 au·

251 3603 304 3647 tenr
324 3599 413 3647 dictus
432 3599 496 3662 quia
515 3600 654 3650 mensibus
673 3601 701 3648 iu
719 3615 748 3648 se
768 3597 971 3648 recurrentibus
990 3597 1116 3646 uoluitur.
1147 3597 1217 3644 unde
1237 3599 1264 3644 et
1277 3594 1394 3644 anrrulus

251 3667 352 3716 dicitur
371 3667 449 3730 qrrasi
469 3681 574 3716 annuus
593 3667 621 3715 id
640 3673 682 3716 est
700 3667 827 3729 elrculus,
849 3667 919 3731 quod
938 3666 965 3713 in
989 3681 1019 3714 se
1038 3665 1142 3714 redeat.
1180 3661 1324 3726 Virgilius:
1345 3661 1392 3710 At·

252 3749 303 3798 que
328 3735 355 3782 in
380 3749 409 3783 se
428 3749 478 3783 sua
501 3751 550 3799 per
568 3736 689 3799 uestigia
712 3735 832 3784 uoluitur
855 3749 949 3783 aurius.
987 3733 1027 3782 sic
1051 3733 1123 3782 euim
1148 3730 1219 3795 apud
1242 3729 1394 3794 Aegyptios

251 3801 426 3850 indicabatur
445 3807 508 3850 ante
528 3803 655 3852 inuentas
673 3802 782 3852 litteras
800 3803 875 3867 picto
888 3801 1007 3850 dracone
1022 3799 1136 3874 calidam
1151 3815 1227 3848 suam
1241 3797 1391 3858 mordente,

250 3869 315 3932 qrria
334 3869 362 3918 iu
380 3885 409 3919 sc
428 3870 552 3919 recurrit.
591 3869 640 3920 alii
659 3885 758 3920 annum
777 3870 872 3920 dicunt
889 3858 948 3919 aiud
966 3866 1017 3918 τοῦ
1035 3865 1235 3918 ανανεοιῖσθαι
1249 3865 1276 3914 id
1295 3869 1337 3914 est
1356 3865 1392 3914 ab

249 3937 439 3986 inuocatione:
469 3943 616 3987 renouatur
635 3940 707 3988 enim
726 3936 851 4002 semper.'
882 3937 917 3986 cf.
938 3937 1129 3986 Servinsllen.
1149 3933 1217 3984 V85
1246 3931 1339 3994 Lydus
1358 3931 1392 3982 de

249 4019 334 4054 mens.
353 4003 438 4054 1113.
474 4005 632 4056 Macrobius
652 4013 704 4056 sat.
723 4005 736 4055 I
757 4006 800 4070 14,
820 4005 850 4056 5:
873 4005 956 4054 ‘Hinc
975 4009 1004 4053 et
1021 4005 1118 4054 Ateius
1136 4003 1236 4067 Capito
1255 4015 1355 4050 annum
1375 4015 1393 4048 a

336 4170 344 4218 1
364 4163 518 4236 sapientes
536 4159 637 4219 mundi
654 4163 784 4218 Isidorus
806 4155 818 4240 Η
839 4169 956 4238 partem
971 4157 1010 4216 B¹
1024 4163 1066 4218 bis
1081 4151 1093 4239 Η
1110 4158 1227 4218 eunius
1244 4156 1279 4216 Al
1297 4155 1343 4242 Η4
1360 4161 1394 4216 ut

249 4263 315 4302 cum
340 4246 364 4300 B
385 4239 397 4321 Η
421 4265 454 4304 se
472 4265 526 4302 om.
546 4249 569 4302 A
590 4238 602 4325 Η
625 4243 807 4324 subpoponit
830 4241 865 4303 ΑΙ
889 4239 901 4322 Η
924 4254 955 4301 et
972 4266 1027 4305 ona.
1047 4239 1085 4300 Β1
1103 4239 1149 4327 Η6
1169 4243 1303 4324 eclypsis
1327 4249 1354 4303 B
1378 4237 1391 4324 Η

250 4324 262 4404 Η
281 4325 435 4388 malasiam
453 4325 490 4386 Αι
507 4329 632 4388 melesio
645 4325 681 4388 Α2
697 4331 847 4388 milesium
859 4327 900 4387 Β2
918 4326 932 4410 Η
953 4337 969 4392 7
986 4351 1044 4410 quo
1061 4334 1201 4389 Areoolus
1217 4329 1230 4406 Η
1244 4337 1261 4391 8
1278 4329 1394 4409 sydera

248 4413 276 4470 B
291 4407 305 4493 Η
320 4413 476 4491 completis
497 4418 521 4470 Α
