3078 5072
614 423 656 464 na
682 423 798 464 nosris
1238 405 1275 466 21

142 575 210 640 siue
231 597 251 638 a
273 573 414 661 quodam
437 593 557 658 genere
579 571 776 652 farciminis,
807 569 894 656 quod
919 571 1030 635 multis
1051 571 1150 636 rebus
1178 572 1277 638 refer-

142 687 206 740 tum
228 685 370 740 saturam
393 675 472 739 dicit
494 675 597 739 Varro
625 673 812 738 uocitatum.
854 681 903 738 est
924 682 1033 738 autem
1052 673 1113 740 hoc
1138 675 1278 762 positum
1371 719 1373 726 ν

142 781 174 844 in
196 778 341 844 seeundo
362 775 447 842 libro
466 776 688 842 Plautinarum
712 775 952 865 quaestionum:
997 780 1124 840 ‘satura
1142 787 1192 842 est
1213 799 1278 842 uua
1363 813 1366 822 .

142 903 237 970 passa
261 889 295 946 et
319 879 450 968 polenta
471 888 503 944 et
521 878 629 944 nuclei
650 879 719 967 pini
741 898 783 941 ex
800 876 904 942 mulso
928 883 1107 966 consparsi.
1134 879 1176 944 ad
1198 879 1277 945 haec

124 982 197 1048 salii
225 981 352 1048 addunt
383 990 416 1046 et
444 982 484 1046 de
512 980 597 1046 malo
620 981 739 1068 punico
770 988 900 1064 grana’.
944 979 1002 1078 alii
1028 990 1135 1045 autem
1157 981 1277 1046 dictam

141 1095 255 1174 patant
269 1107 290 1149 a
303 1083 375 1172 lege
388 1094 512 1167 satura,
535 1105 619 1172 qaae
632 1104 697 1147 uno
709 1091 824 1167 rogatu
837 1082 939 1146 multa
960 1082 1056 1148 simul
1078 1083 1276 1170 conprehen-

142 1188 202 1271 dit,
219 1188 305 1275 quod
321 1187 445 1252 scilicet
462 1195 493 1250 et
511 1197 622 1250 satura
636 1185 729 1270 (tino)
745 1185 887 1248 camnine
902 1183 1004 1248 multa
1017 1184 1111 1249 simul
1127 1196 1277 1272 poemata

141 1289 462 1378 conprehendantur.¹
506 1289 598 1354 cuius
628 1295 756 1352 saturae
783 1286 865 1370 legis
890 1285 1039 1350 Lucilius
1067 1289 1214 1352 meminit
1241 1289 1275 1352 in

141 1395 260 1480 primo:
774 1473 778 1484 Ι

109 1513 133 1556 ιι
223 1517 282 1581 per
304 1502 447 1558 saturam
467 1476 608 1556 aedilem
628 1491 749 1555 factum
770 1491 826 1577 qui
842 1488 975 1574 ,legibus
993 1489 1114 1574 soluat,

230 1616 236 1638 Ι

141 1651 247 1702 dantur.
285 1652 372 1700 satira
395 1657 437 1714 est
460 1663 546 1716 gertus
571 1647 659 1698 clarui
683 1648 701 1698 i.
726 1645 795 1696 disci
813 1647 857 1696 uel
878 1645 967 1697 lancis
991 1653 1020 1697 et
1043 1649 1081 1699 dr.
1102 1665 1118 1700 a
1142 1653 1275 1702 satietate

142 1719 262 1785 eoquod
281 1719 363 1784 plena
382 1718 517 1768 conuiciis
536 1715 843 1782 et‘reprehensionibus
862 1720 904 1764 est
922 1715 1068 1768 homiuum.
1092 1721 1196 1770 satirae
1214 1736 1275 1786 pro·

139 1785 236 1854 prium’
251 1805 275 1836 e.
290 1805 315 1852 q.
329 1803 350 1836 s.
365 1803 390 1836 v.
404 1787 481 1836 Pers.
496 1788 538 1836 ed.
553 1785 629 1834 ialin.
643 1801 669 1850 p.
683 1783 741 1834 241.
756 1783 942 1845 Quintilianus
956 1783 979 1832 X
994 1783 1016 1846 l,
1036 1783 1069 1836 03
1079 1801 1152 1852 sqq.:
1174 1789 1275 1838 ‘Satira

142 1855 249 1922 quidem
267 1861 328 1906 tota
346 1859 439 1904 nostra
459 1859 513 1914 ost,
534 1855 562 1902 in
581 1869 633 1918 qua
657 1853 758 1918 primus
777 1852 911 1917 insignem
930 1851 1039 1906 laudem
1058 1854 1174 1920 adeptus
1191 1858 1274 1907 Luci·

141 1925 192 1974 lius
210 1923 343 1990 quosdam
361 1923 401 1972 ita
414 1919 521 1972 deditos
534 1921 587 1970 sibi
601 1919 689 1970 adlmc
702 1919 786 1969 habet
799 1927 949 1984 amatores,
970 1925 999 1970 ut
1012 1937 1072 1971 eum
1085 1939 1139 1974 nou
1153 1925 1274 1975 eiusdem

142 1993 218 2042 niodo
236 1992 329 2058 operia
347 1990 505 2042 auctoribus
524 1988 571 2039 sod
591 1989 714 2038 ouuiilms
732 1989 820 2054 poetis
838 1989 978 2052 praeferre
997 2005 1050 2039 non
1063 1991 1197 2044 dubitent.
1223 2009 1275 2058 ego

143 2067 272 2125 qnantum
291 2060 326 2108 ab
345 2059 400 2109 illis
419 2065 524 2108 tantum
545 2058 579 2106 ah
599 2057 714 2114 lloratio
733 2055 878 2118 dissentio,
905 2059 950 2121 qui
972 2055 1108 2108 Lucilium
1127 2063 1211 2112 flirere
1234 2061 1273 2110 lu-

141 2128 275 2178 tulentum
294 2134 323 2177 et
341 2143 402 2177 osse
421 2126 525 2192 aliquid
543 2125 614 2192 quod
633 2125 730 2175 tollore
748 2125 836 2189 possis
859 2131 947 2190 putat.
967 2139 1030 2174 nam
1054 2129 1170 2179 eruditio
1194 2131 1223 2180 in
1242 2146 1274 2180 eo

143 2198 209 2246 mua
227 2203 256 2246 et
275 2195 390 2246 libertas
412 2201 494 2260 atque
514 2195 576 2244 inde
596 2193 735 2244 acerbitas
755 2197 783 2242 et
801 2193 970 2244 alarudantia
989 2195 1073 2244 salis..
1101 2197 1213 2247 multum
1233 2203 1275 2248 est

141 2267 238 2316 tersior
256 2280 290 2314 ac
309 2279 391 2328 purus
411 2264 498 2328 iringis
517 2261 649 2311 lloratius
668 2267 710 2322 et,
729 2277 781 2310 non
801 2261 877 2312 labor
895 2262 953 2312 eius
974 2277 1078 2324 ornare,
1097 2267 1273 2331 praecipuus.

142 2333 252 2382 multum
276 2337 304 2381 et
327 2347 410 2381 uerae
430 2331 534 2396 gloriae
554 2330 678 2394 utramuis
700 2345 753 2378 tino
771 2329 840 2378 libro
859 2330 969 2381 Persius
988 2333 1095 2381 meruit.
1125 2339 1187 2382 siunt
1205 2333 1274 2383 clari

142 2401 274 2466 hodieque
294 2405 322 2449 et
340 2401 386 2464 qui
410 2398 474 2448 olim
492 2399 712 2448 nominabuntur.
750 2399 863 2447 alterum
884 2395 949 2446 illud
970 2398 1053 2448 etiam
1072 2401 1146 2464 prius
1169 2403 1273 2451 satirae

143 2485 227 2534 genus
245 2467 293 2518 sed
305 2483 361 2518 non
373 2467 432 2518 sola
446 2467 596 2518 carminum
609 2467 747 2516 irarietato
761 2467 870 2515 intutum
885 2464 1007 2516 condidit
1020 2467 1165 2518 Terentius
1178 2469 1272 2532 Varro,

142 2539 182 2586 uir
200 2538 383 2587 Romanorum
403 2535 611 2584 eruditissimus.
647 2534 777 2600 plurimos
794 2533 838 2583 hio
856 2533 941 2584 libros
966 2537 993 2581 et
1011 2533 1183 2587 doctissimos
1202 2553 1272 2588 corn·

142 2607 244 2670 posuit,
264 2605 446 2670 peritissimus
464 2603 576 2668 liuguae
589 2603 708 2652 Latinae
723 2608 752 2651 et
763 2603 849 2653 omnis
862 2601 1078 2666 antiquitatis-et
1091 2620 1178 2654 rorum
1189 2605 1273 2655 Grae-

144 2689 233 2723 carum
245 2678 469 2736 nostrarumque,
490 2671 549 2736 plus
563 2675 655 2720 tamen
668 2667 804 2720 sc'icntiae
818 2669 966 2721 collaturus
980 2684 1059 2732 quam
1079 2672 1273 2738 eloquentiae)

143 2741 295 2791 Euanthius
314 2739 347 2789 de
366 2739 475 2790 sabula:
513 2739 598 2804 ‘quod
617 2739 702 2802 primo
721 2739 845 2788 Lucilius
862 2753 932 2788 nouo
951 2741 1115 2806 conscripsit
1133 2741 1225 2801 modo,
1245 2745 1275 2792 ut

143 2811 236 2874 poesin
253 2809 317 2858 inde
337 2809 457 2866 iaceret,
477 2807 504 2856 id
518 2812 560 2856 cst
572 2807 651 2856 auius
666 2808 794 2856 carminis
806 2806 896 2888 plures
914 2805 1022 2856 libros)
1051 2809 1141 2872 Lydus
1155 2811 1187 2860 de
1201 2826 1272 2874 mag.

144 2895 169 2941 p.
186 2895 208 2926 r.
226 2877 241 2926 1
257 2867 462 2926 uspiamve
481 2869 530 2924 καὶ
546 2865 679 2939 Ἀοκήραν
697 2871 746 2924 καὶ
759 2876 862 2926 Βλεοον
880 2871 927 2924 καὶ
945 2866 1010 2932 τούς
1028 2867 1130 2936 ἄλλους
1148 2877 1203 2928 τῶν
1216 2877 1274 2928 Πυ-

143 2937 277 3009 θαγόραν
309 2943 435 3008 (Σκίραν
458 2941 652 3018 καίιΒλοιίοον
675 2941 724 2993 καὶ
750 2935 814 3002 τοός
840 2932 940 3002 ἄλλους
964 2939 1019 2992 τιόν
1042 2939 1275 3026 φλυακομρόφων

144 3015 212 3063 coni.
232 3011 373 3070 Reuvcnsl
394 3009 475 3076 ίομεν
493 3026 527 3060 ου
545 3009 651 3076 μικρῶς
670 3003 852 3076 διδαγμότιον
872 3003 917 3060 int
934 3010 983 3077 τῆς
1000 3004 1125 3079 μεγάλης
1139 3006 1274 3073 Ἑλλαδος

144 3075 277 3162 perierim
300 3071 483 3146 καθηγητός,
511 3075 560 3129 καὶ
585 3072 778 3144 διαφερόντως
801 3073 851 3130 τόν
871 3071 1027 3142 Ῥίνθοινοι,
1056 3069 1086 3140 ὃς
1110 3073 1274 3150 ἑξαμέτροις

145 3157 249 3220 esposse
262 3147 371 3210 πρῶτος
389 3145 555 3213 κωμῳδίαν·
576 3137 590 3198 ἔ
624 3135 657 3196 oti
670 3145 779 3209 πρῶτος
791 3141 884 3213 λαβὼν
906 3141 954 3206 τὰς
972 3139 1107 3226 α’φορμός
1125 3149 1274 3208 Λουκίλιος

142 3209 305 3281 όῬιομαῖος
322 3207 457 3281 ἡρωικοῖς
475 3209 571 3266 ἔπεσιν
605 3207 766 3280 κωμρόδηοε.
795 3215 867 3281 μεθ’·
891 3202 924 3267 όν
943 3213 988 3266 nal
1007 3231 1072 3274 τους
1094 3209 1157 3284 μετ’
1176 3208 1274 3281 αότόνζ

144 3273 191 3343 οὓς
214 3282 332 3334 setosa
354 3275 484 3348 Ῥωμαῖοι
507 3275 689 3348 actualitatis,
714 3277 744 3332 οί
766 3275 896 3346 νειότεροι
920 3276 967 3334 τόν
989 3284 1133 3349 Κρατίνου
1151 3283 1199 3336 aul
1218 3276 1274 3336 Ev’-

145 3345 258 3411 τόλιόος
281 3349 446 3469 χαρακτμρα
470 3344 654 3418 ζηλώσαντες,
682 3353 742 3410 τοῖς
757 3345 824 3430 ,μὲν
845 3344 996 3430 Ῥίνβωνος
1023 3347 1135 3418 μέτροις
1159 3357 1217 3412 τοῖς
1241 3347 1273 3404 dl

144 3420 197 3471 τόν
213 3419 386 3486 μνημονευθ
402 3435 475 3469 ντοιν
493 3419 661 3484 ὃιοιοοομοΐς
674 3433 859 3485 χρησαμενοι,
879 3436 930 3486 την
944 3414 1096 3486 σατυρικὴν
1115 3413 1274 3483 ἔκρότυνοιν

144 3488 308 3554 κωμῳδίαν,
332 3479 463 3550 Ὁράτιος
484 3481 537 3552 μὲν
555 3480 607 3538 οόκ
631 3481 684 3549 ἔξω
707 3486 758 3553 τῆς
781 3483 881 3554 τέχνης
900 3487 1008 3553 χαρτόν,
1036 3484 1156 3552 Πέρσιος
1174 3483 1206 3540 δὲ
1224 3482 1274 3539 τόν

145 3551 263 3623 ποιητήν
282 3550 426 3620 Σώφρονα
444 3549 626 3636 μιμήσασθαι
651 3549 746 3606 θέλων
764 3552 795 3606 τό
814 3550 999 3620 Λυκόφρονος
1014 3558 1165 3622 παρῆλθεν
1182 3547 1272 3622 οἷμον-

145 3619 206 3686 ρόν·
246 3624 374 3687 Τοῦρνος
393 3617 425 3674 di
443 3619 491 3674 καὶ
513 3616 696 3690 1ουβενόλιος
719 3619 767 3674 καὶ
791 3617 965 3689 Πετρώνιος,
989 3615 1113 3676 αότόθεν
1131 3627 1193 3682 ταῖς
1217 3626 1271 3675 λοι·

145 3693 253 3756 ἃορίαις
267 3684 483 3754 ἐπεξελθόντες,
502 3685 551 3742 τόν
570 3683 720 3756 σατυρικόν
733 3685 821 3756 νόμον
838 3687 1029 3756 παρίτριοοαν.
1048 3693 1167 3743 Isidorus
1185 3694 1272 3758 origg.

145 3761 293 3822 ι’1117,8;
313 3761 442 3824 ‘Satyriei
461 3759 632 3810 autemdicit
652 3761 711 3810 siue
730 3760 799 3824 quod
813 3762 886 3826 pleni
905 3762 960 3810 sint
978 3761 1049 3809 oanni
1066 3761 1195 3810 facundia
1214 3761 1273 3812 aluo

225 3957 242 4010 ν
258 3955 395 4027 satyram
414 3947 500 4005 ΑΒΜ
512 3943 526 4030 11
541 3948 704 4006 uocitatam
719 3951 811 4006 codex
827 3949 955 4022 Scioppii
968 3967 1047 4022 susp.
1064 3952 1123 4007 lect.
1144 3941 1274 4028 1110113

144 4045 245 4114 satyra
262 4035 350 4092 ΑΒΜ
361 4029 374 4116 11
389 4030 459 4114 uua]
472 4031 523 4091 ubi
537 4053 554 4104 ς
573 4027 587 4115 11
607 4041 624 4093 t
637 4033 761 4116 polenta
774 4033 892 4092 maclea
907 4035 997 4112 (corr.
1015 4031 1126 4110 nuclei)
1138 4034 1172 4089 M
1182 4027 1273 4114 [pini

145 4131 173 4178 et
188 4120 282 4178 mulso
301 4120 457 4197 conspersi
470 4122 561 4178 codex
577 4121 704 4196 scioppii
716 4117 797 4196 pinei
815 4119 911 4178 mulso
932 4119 1086 4198 conspersi
1103 4113 1274 4198 Petschiusll

144 4215 160 4267 6
177 4203 397 4284 conprehendit
414 4206 443 4262 0.
462 4207 562 4264 laha:
579 4201 900 4282 conprehendatABM
911 4197 924 4284 11
940 4213 1045 4282 satyra
1059 4205 1143 4262 ΑΒΜ
1154 4197 1168 4286 11
1182 4211 1198 4266 7
1214 4223 1273 4262 uno

144 4295 207 4348 ιιιΜ.
232 4293 262 4348 0.
287 4291 371 4348 luha.
393 4284 410 4370 11
428 4289 579 4348 carminae
600 4291 634 4346 M
652 4289 785 4346 carmina
807 4291 829 4345 Α
853 4287 865 4316 ¹¹
885 4289 1017 4348 carmina
1034 4287 1127 4348 multa
1141 4287 1228 4348 simul
1245 4295 1274 4348 et

143 4385 284 4454 poemata
305 4370 382 4454 ς118
403 4383 526 4454 satyrae
542 4378 594 4432 AB
609 4383 714 4453 satyra
728 4375 762 4430 M
773 4367 787 4454 11
804 4384 836 4435 10
850 4382 983 4454 satyram
1001 4375 1088 4433 ΑΒΜ
1099 4368 1112 4456 11
1126 4374 1193 4459 quis
1205 4393 1273 4434 coa-

142 4465 204 4520 iecit
224 4463 248 4518 1.
265 4461 365 4518 Dousa
380 4461 482 4518 Lucilii
499 4469 553 4518 aar.
570 4463 622 4518 rel.
643 4461 690 4518 19
700 4477 733 4533 p.
750 4465 789 4517 24
