3162 5058
273 409 335 478 292
700 445 703 452 ·
776 423 908 470 resrvrt

358 593 412 642 stc
431 585 463 640 et
482 579 552 658 lus]
580 575 627 640 sic
651 577 707 663 qui
736 575 817 640 dicit
845 574 989 641 ostendit
1010 575 1211 663 exemplum,
1235 574 1281 639 ite
1301 573 1345 640 ed
1366 598 1417 640 ra·

274 679 394 743 tionem
418 679 570 742 refertur.

359 795 512 845 errantis
533 787 566 844 et
587 784 743 862 eversu]
765 788 859 865 gutta
878 777 1029 844 imbrium
1058 787 1124 863 est,
1154 778 1245 844 stills
1267 778 1330 843 olei
1352 777 1415 857 ,uel

273 883 368 946 aceti.
455 897 459 903 '

358 999 544 1048 Tenuisve
577 993 612 1066 et·
636 988 758 1064 slusa]
793 983 951 1047 terminus
976 983 1107 1047 nonnisi
1143 1003 1243 1046 manu
1271 983 1436 1068 penitens

273 1083 348 1150 linis
372 1087 530 1148 sermonis
552 1083 605 1148 uel
628 1084 805 1171 uoluptatis
827 1093 885 1148 aut
905 1083 1044 1148 alicuius
1067 1083 1114 1148 rei
1133 1082 1280 1168 intellegi
1296 1092 1415 1170 potest.

358 1202 474 1250 renea
501 1195 533 1250 et
548 1187 724 1270 reasons]
746 1194 839 1270 terge
852 1185 1035 1266 hominum,
1057 1194 1189 1269 tergora
1208 1183 1416 1268 animalium3

273 1299 305 1353 et
327 1289 362 1352 iu
383 1283 517 1352 numero
538 1285 697 1372 singulari
718 1295 843 1370 tergum
865 1286 1005 1352 hominis
1028 1286 1184 1367 dicimus,
1210 1295 1322 1371 tergus
1344 1286 1416 1350 ani-

272 1389 379 1453 melis.

358 1593 404 1646 Sic
424 1601 451 1646 et
469 1591 523 1660 ite]
544 1593 568 1644 G
586 1610 612 1660 p.
636 1592 727 1644 10:311.
746 1592 808 1642 208ι
832 1591 892 1644 ‘Sic
917 1594 963 1658 qui
986 1594 1056 1644 dicit
1073 1593 1196 1644 ostendit
1214 1591 1355 1659 exempla,
1373 1593 1419 1644 ita

276 1661 311 1712 sd
330 1665 466 1713 rationem
484 1658 622 1712 refertur!

357 1731 466 1780 Stillam
487 1735 515 1780 et
532 1725 650 1795 guttam]
666 1729 690 1778 G
708 1746 733 1794 p.
756 1728 802 1779 105
819 1744 846 1778 n.
865 1727 928 1780 238:
950 1729 1045 1779 ‘Gutta
1063 1729 1198 1790 imbrium,
1217 1729 1294 1779 stille
1312 1727 1416 1779 situlos

272 1797 317 1848 uel
341 1796 434 1848 sceti!
453 1823 486 1834 -·
504 1797 688 1860 Hieronymus
707 1797 799 1848 chron.
823 1797 867 1848 01.
891 1795 981 1860 eote:
1016 1798 1181 1848 ‘Palaemon
1205 1797 1348 1848 vicetinus
1371 1799 1417 1847 in·

273 1865 361 1932 signis
379 1865 575 1981 grammaticus
587 1865 690 1914 Romae
709 1864 838 1914 hebetur:
859 1865 904 1930 qui
923 1865 1056 1930 quondam
1075 1866 1271 1930 interrogatur,
1291 1865 1354 1930 quid
1372 1867 1416 1914 in·

274 1937 316 1982 ter
334 1932 436 1982 stilam
457 1939 485 1982 et
503 1938 609 1998 guttum
628 1933 789 1982 interesset:
818 1932 915 1992 Gutta,
940 1933 1047 1998 inquid,
1073 1939 1142 1990 stat,
1168 1933 1244 1982 stille
1268 1929 1364 1982 cadit’
1402 1933 1417 1982 1

272 1999 336 2050 534:
361 2001 524 2050 ‘Palaemon
547 2001 745 2066 grammaticus
769 2001 809 2049 ita
831 2001 990 2065 distinguit:
1014 2001 1112 2062 (tutte,
1137 2001 1234 2066 inquit,
1253 2006 1318 2064 stet,
1337 1998 1417 2052 stilla

273 2065 444 2118 eadit.'-G
456 2085 482 2134 p.
493 2067 528 2118 itt
545 2084 572 2118 ιι.
591 2067 634 2116 78:
656 2069 742 2118 ‘Inter
759 2073 865 2132 guttam
884 2073 913 2118 et
930 2067 1033 2118 stillum
1046 2069 1098 2118 hoc
1112 2069 1236 2130 interest,
1256 2068 1325 2133 quod
1338 2067 1417 2118 stilla

273 2135 357 2198 eadit,
377 2141 456 2202 gutte
474 2134 550 2186 stst'
586 2135 608 2184 F
627 2152 652 2200 p.
671 2134 734 2186 355:
755 2138 849 2186 ‘Gutta
865 2141 967 2196 meust,
987 2134 1064 2186 stilla
1082 2134 1176 2187 eadit*

357 2203 513 2254 'ferminum
533 2211 560 2254 et
578 2199 671 2268 linem]
687 2203 709 2254 G
728 2219 753 2268 p.
774 2203 806 2252 to
824 2219 850 2253 ιι.
869 2203 898 2252 o:
919 2205 1075 2256 ‘Terminus
1093 2219 1147 2254 uon
1165 2205 1224 2254 sine
1236 2219 1318 2254 manu
1334 2204 1416 2268 poni·

273 2275 325 2332 tur,
345 2269 406 2322 fluis
424 2271 470 2320 uel
488 2272 622 2323 sermonis
644 2271 688 2322 uel
713 2271 863 2322 uoluntatis
886 2271 931 2322 uel
955 2273 1086 2336 cuiusque
1105 2271 1146 2322 rei
1164 2270 1284 2336 intelligi
1302 2269 1415 2337 potest)

272 2339 342 2404 Hp.
361 2338 391 2388 8:
417 2339 574 2389 ‘'Penninus
597 2339 705 2388 nonnisi
729 2339 799 2404 quod
818 2355 900 2390 manu
918 2341 1041 2404 ponitur,
1070 2339 1132 2390 finis
1154 2340 1199 2390 uel
1218 2341 1350 2390 sermonis
1369 2339 1416 2390 uel

271 2405 425 2458 uoluntatis
447 2407 492 2456 ucl
520 2408 715 2471 cuiuscumque
745 2407 860 2456 alterius
889 2407 929 2456 rci
957 2407 1076 2472 intelligi
1102 2405 1213 2473 potest)
1255 2407 1326 2473 Rp.
1349 2406 1416 2458 308:

274 2473 426 2524 ‘Terminus
449 2481 493 2524 est
514 2475 584 2538 loci,
606 2473 667 2523 linis
690 2475 744 2534 teir
764 2479 792 2522 et
809 2475 941 2524 terminus
960 2475 1049 2526 dictus
1069 2475 1103 2524 eh
1123 2491 1155 2525 eo
1174 2475 1244 2541 quod
1263 2476 1340 2540 quasi
1360 2481 1416 2526 ter·

273 2557 330 2591 ram
350 2543 468 2603 minuat,
489 2541 550 2592 finis
568 2547 660 2607 potest
679 2557 739 2592 esse
759 2543 842 2591 etiem
865 2542 939 2592 ultre
962 2541 1126 2592 terminum.'
1163 2543 1231 2609 Rp.
1251 2543 1313 2594 312:
1338 2544 1416 2594 ‘linis

271 2609 346 2660 tollit
363 2609 486 2674 labores,
506 2609 567 2659 finis
586 2615 629 2660 cst
646 2609 732 2659 officii
751 2610 870 2660 muneris
888 2611 1049 2674 potestatis,
1070 2617 1098 2661 et
1114 2617 1205 2662 terrse
1224 2611 1285 2660 finis
1298 2611 1415 2674 dicitur3

272 2677 404 2728 terminus
427 2677 462 2726 ab
487 2693 519 2726 eo
543 2677 614 2742 quod
637 2682 739 2726 terrem
762 2678 868 2728 minuat
891 2683 919 2728 et
942 2683 1033 2728 terrae
1052 2677 1113 2728 linis
1131 2683 1250 2740 statuet,
1273 2687 1347 2730 meta
1371 2689 1417 2730 est

272 2757 342 2808 quae
362 2745 456 2836 tugost
473 2745 592 2810 spatium
616 2751 644 2794 et
666 2751 779 2796 reuocet
798 2751 825 2796 et
850 2747 920 2795 citre
939 2761 1020 2812 quarn
1038 2745 1116 2796 labor
1135 2751 1177 2796 cst
1196 2753 1224 2796 et
1240 2745 1314 2797 ultra
1332 2761 1416 2812 quam

272 2816 394 2861 nonest.

357 2879 450 2944 'Terga
473 2884 501 2928 et
525 2875 648 2945 tergora]
669 2880 693 2928 G
711 2897 736 2946 p.
754 2879 785 2930 91
806 2897 831 2931 n.
851 2881 897 2930 22:
922 2881 1028 2946 ‘Terga
1051 2881 1187 2932 hominurn
1206 2887 1284 2944 suut,
1302 2887 1416 2948 tergora

272 2945 440 2996 animalium.
472 2961 583 3003 numero
596 2947 730 3012 singulari
748 2947 865 2998 hominis
884 2955 989 3014 tergum
1009 2949 1132 3010 dicimus,
1153 2949 1281 3000 animalis
1299 2949 1416 3014 tergm!

271 3013 298 3062 H
316 3029 342 3078 p.
364 3013 407 3062 15:
428 3015 527 3080 ‘Terga
546 3014 683 3064 homiuum
700 3022 772 3076 sunt,
792 3023 904 3080 tergore
922 3017 1094 3078 animalium
1113 3033 1176 3066 nam
1199 3017 1348 3081 singularis
1366 3019 1417 3066 ho-

271 3079 351 3130 minis
370 3086 490 3146 tergum,
517 3083 644 3132 animulis
667 3087 761 3148 tergus
790 3082 923 3134 dicimus)
963 3083 1059 3134 1562:
1091 3090 1186 3151 ‘terge
1208 3093 1272 3134 suut
1296 3083 1416 3136 hominis

271 3147 344 3212 quod
362 3149 540 3214 singulariter
557 3155 664 3216 tergum
684 3151 766 3212 iacit,
791 3157 885 3216 tergus
897 3167 963 3202 uero
977 3153 1181 3217 quadrupedum
1195 3157 1250 3214 θεὶς
1269 3153 1340 3202 unde
1353 3153 1416 3218 plu·

271 3214 369 3265 reliter
386 3221 498 3282 tergore
516 3219 591 3268 coria
610 3217 755 3268 dicuntur.'
787 3219 927 3270 Charisius
945 3236 971 3286 p.
985 3218 1030 3268 ¹ll:
1052 3221 1179 3286 ‘Tergurn
1197 3221 1305 3270 dorsum
1324 3227 1417 3271 estet

271 3283 428 3335 declinetur
444 3285 498 3336 sic:
518 3285 569 3335 hoe
587 3291 694 3350 tergum
712 3287 782 3352 tergi
801 3293 893 3352 tergo,
912 3287 1057 3352 pluraliter
1074 3287 1144 3338 haec
1163 3293 1243 3353 terge
1261 3293 1416 3356 tergorum:

270 3357 365 3418 tergus
384 3361 475 3403 eutem
497 3352 579 3418 pellis
601 3354 681 3403 huius
703 3355 821 3420 tergoris
840 3355 923 3411 facit,
946 3355 1091 3420 pluraliter
1109 3361 1219 3420 tergora
1238 3361 1266 3408 et
1283 3357 1416 3422 genetiuo

270 3419 410 3538 tergifflm
440 3426 574 3487 correpte.
622 3421 671 3472 sed
698 3423 837 3473 contrusio
867 3423 1004 3488 Vergilius
1034 3424 1124 3489 Tergo
1153 3423 1252 3474 bouum
1282 3423 1352 3476 dicit
1385 3431 1420 3476 et

271 3503 300 3536 ιιι
394 3506 401 3538 :

542 3557 607 3608 hinc
626 3563 721 3622 reptes
740 3558 910 3623 fugientibus
928 3558 1030 3625 ingerit
1047 3557 1142 3610 hasten

543 3625 632 3676 inter
671 3641 692 3675 s.

271 3689 379 3754 quidam
398 3690 496 3742 uolunt
513 3697 620 3758 tergum
633 3641 755 3743 ΕΙζιῗιιιιίιιῑιι
774 3709 843 3755 esse,
863 3699 965 3759 tergus¹
975 3710 1041 3744 nero
1059 3693 1184 3759 pecoris)
1221 3693 1332 3746 Servius
1343 3695 1417 3749 Aen.

270 3757 359 3808 1211:
384 3759 501 3825 ‘Tergus
519 3761 645 3825 tergoris,
665 3761 736 3810 unde
756 3767 786 3810 et
803 3768 922 3826 tergore,
941 3763 1044 3812 corium
1057 3761 1208 3827 significat;
1228 3767 1334 3828 tergum
1347 3777 1419 3816 uero

168 3837 178 3847 ·
270 3826 342 3891 tergi
360 3831 391 3875 ut
408 3828 538 3892 templum
557 3828 652 3894 templi
670 3829 779 3878 dorsum
797 3829 945 3893 significat.
982 3835 1013 3878 ut
1030 3829 1190 3882 Sallustius:
1217 3829 1330 3880 Scilicet
1348 3835 1418 3896 quie

270 3893 357 3960 tergis
387 3894 550 3946 abstinetur.
596 3897 643 3946 sed
670 3897 722 3946 hoc
753 3913 769 3945 a
797 3897 939 3948 ueteribus
962 3897 1196 3959 confundebatur,
1225 3905 1267 3947 ut:
1291 3899 1418 3950 Taurino

271 3965 401 4024 quantum
419 3969 532 4027 possent
554 3963 723 4014 circumdare
747 3969 834 4028 tergo.
875 3967 941 4014 item
964 3965 992 4014 in
1016 3965 1108 4014 Vllll:
1137 3965 1243 4030 Ingerit
1266 3965 1363 4016 lrastas
1385 3969 1419 4018 lu

269 4027 382 4094 tergus*
401 4055 434 4065 -
469 4031 583 4081 Florius
602 4030 694 4098 Caper
711 4032 744 4081 dc
763 4031 961 4098 orthographia
978 4050 1004 4100 p.
1022 4033 1090 4081 2242
1108 4034 1143 4084 P:
1172 4033 1273 4098 ‘Terga
1296 4033 1419 4087 hominis

357 4193 367 4244 1
389 4183 441 4264 qui
460 4183 534 4244 dicit
550 4187 688 4244 liutbtus.-
712 4185 764 4266 qui
782 4185 864 4266 quod
882 4185 955 4246 dicit
971 4189 1005 4245 M
1022 4179 1036 4268 {l
1056 4195 1074 4250 3
1089 4185 1237 4268 ymbrium
1253 4187 1288 4244 M
1299 4181 1313 4268 ΙΙ
1328 4197 1345 4251 6
1360 4209 1417 4248 ιιο-

269 4265 395 4346 luptatis
413 4271 552 4328 Rothius:
573 4269 738 4330 uoluntatis
756 4271 790 4328 M
802 4264 815 4352 ΙΙ
831 4279 846 4334 7
866 4281 988 4348 tergore
1006 4271 1190 4330 -hominis
1208 4291 1262 4332 om.
1281 4275 1418 4332 omene-

268 4369 321 4409 rus
341 4351 354 4430 Η
376 4362 394 4413 8
415 4355 585 4414 innumeros
607 4355 735 4432 singulis
750 4357 785 4414 M
803 4367 816 4435 Η
838 4365 926 4434 terge
943 4356 1084 4416 animulis
1102 4357 1258 4416 Dorrdh'us
1274 4367 1306 4417 et
1326 4369 1420 4442 terga

269 4435 408 4496 animulis
421 4439 593 4498 Dretnerus
