3078 5072
622 403 663 444 on
685 403 803 448 nonme
1240 388 1280 452 33

138 549 257 616 Fuluio
279 550 447 616 Nobiliore
464 529 671 634 cobsulihm,
691 549 802 616 morbo
823 553 1024 639 implicatum
1048 575 1088 618 ex
1110 551 1221 618 dolore
1242 575 1280 618 ac

137 653 246 717 taedio
270 653 464 716 amissarum
491 653 691 717 sarcinarum
717 673 797 738 quas
826 654 858 716 in
881 675 964 718 naue
987 656 1213 741 praemiserat,
1242 678 1280 720 ac

138 753 235 818 simul
258 753 445 818 fabularum
466 775 546 841 quas
569 773 672 816 nouas
695 752 828 818 fecerat.
861 754 963 818 fuisse
989 755 1108 820 dicitur
1124 757 1280 822 mediocri

138 865 280 937 statiua,
305 856 420 940 gracili
442 876 590 940 corpore,
619 853 726 918 colore
750 855 851 918 fusco.
893 855 1026 942 reliquit
1054 857 1168 938 liliam,
1194 880 1280 945 quae

116 965 213 1044 rpost
239 958 341 1044 equiti
369 956 516 1020 Romano
545 957 671 1042 nupsit:
714 956 791 1018 item
813 955 959 1020 hortulos
982 973 1029 1020 xx
1053 959 1202 1042 iugerum
1225 961 1281 1023 uia

137 1059 248 1144 Appia
265 1057 308 1122 ad
329 1057 455 1122 Martis.
483 1079 546 1143 quo
564 1058 668 1142 magis
690 1056 789 1120 miror
804 1056 954 1120 Porcium
974 1057 1132 1124 scribere:
1157 1059 1279 1146 ‘Scipio

137 1158 219 1224 nibil
239 1160 269 1223 ei
286 1157 425 1244 profuit,
449 1158 528 1221 nihil
547 1156 695 1240 Laelius,
715 1158 794 1220 nihil
818 1157 953 1222 Furius:
973 1181 1083 1242 eorum
1107 1157 1162 1224 ille
1182 1183 1281 1248 opera

137 1283 180 1326 ne
215 1261 347 1326 domum
379 1259 510 1346 quidem
536 1258 650 1324 habuit
677 1259 942 1324 conducticiam'.
998 1261 1093 1325 Hunc
1121 1261 1279 1327 Afranius

137 1363 271 1449 quidem
294 1359 446 1425 omnibus
468 1361 600 1424 cornicis
621 1359 777 1446 praefert,
802 1361 947 1426 scribens
967 1363 1001 1425 in
1023 1363 1278 1449 Compitalibus:

105 1495 130 1536 ιο
292 1477 425 1543 Terenti
449 1499 512 1542 non
535 1477 735 1542 consimilem
759 1478 848 1542 dicas
869 1481 1062 1568 quempiam.

138 1595 307 1662 Volcatius
335 1607 444 1660 autem
475 1618 540 1660 non
573 1595 676 1662 solum
703 1595 829 1660 Naeuio
858 1607 890 1661 et
922 1596 1037 1662 Plauto
1065 1609 1097 1662 et
1125 1589 1278 1682 Caecilia,

137 1787 344 1802 ——U—

226 1904 299 1985 Cn.]
323 1927 348 1964 c.
365 1927 392 1964 n.
414 1910 446 1964 A.
463 1906 522 1966 Gn.
541 1909 589 1966 01>
608 1904 621 1989 Η
644 1905 775 1966 cornelio
793 1911 879 1966 AFG.
902 1928 962 1966 cor.
982 1914 1071 1967 ceteri
1091 1909 1104 1988 Η
1124 1930 1225 1968 marco
1244 1913 1281 1970 Ε.

138 2057 168 2104 et
186 1987 226 2103 lh.
246 2045 274 2100 F
287 2041 301 2126 Η
316 2041 470 2101 dolobella
488 2045 616 2102 BGDGZ
630 2038 644 2126 Η
660 2055 673 2105 1
691 2042 864 2101 consulibus
885 2045 972 2102 ΒΕΖ.
993 2055 1135 2104 consunts
1156 2015 1281 2103 Ascon‘l

138 2135 175 2190 Β.
202 2147 280 2188 coss.
302 2131 352 2188 CF
371 2122 384 2208 Η
403 2127 590 2206 implicatum
613 2149 649 2188 ex
673 2131 857 2186 Bitsrhelius:
887 2128 1064 2207 implicitum
1087 2151 1123 2190 ex
1149 2132 1279 2188 Rolln'us.

136 2209 297 2293 implicata
316 2231 353 2272 ao
369 2231 406 2270 ex
423 2218 455 2270 A.
472 2212 650 2291 implicitum
666 2212 728 2272 acri
743 2217 831 2270 ceteri
845 2211 858 2292 Η
873 2222 889 2272 2
906 2213 987 2271 tedio
1011 2216 1083 2273 CDZ
1096 2209 1109 2297 Η
1125 2215 1279 2273 tramissa·

137 2319 204 2358 nrm
220 2301 255 2356 Ε.
280 2297 428 2370 amississr
449 2292 503 2378 ΒΗ
519 2299 705 2356 sarcinarum
724 2303 762 2368 A,
793 2299 850 2354 Vel.
870 2302 909 2367 (a.
932 2305 1027 2373 1512).
1048 2299 1218 2358 fabularum
1235 2317 1279 2358 cc

137 2389 204 2442 trrr’.
227 2394 400 2464 satyrarum
415 2383 447 2439 St
468 2382 480 2462 Η
502 2401 582 2462 quae
596 2385 624 2440 Ι]
646 2378 659 2464 Η
682 2401 761 2440 naue
782 2383 961 2440 Ritsehelr'us.
980 2377 1059 2443 ilaue
1079 2385 1228 2464 Ananim
1246 2387 1279 2441 F.

137 2470 212 2528 nani
225 2473 316 2527 reteri
329 2465 343 2548 Η
358 2467 538 2544 premiserat
557 2471 586 2526 Z.
609 2469 806 2546 premisserat
822 2463 868 2548 ΟΗ
883 2477 900 2528 l
915 2467 1016 2528 colere
1030 2463 1088 2550 ΒΗ
1111 2467 1240 2546 reliquid
1256 2473 1280 2525 A

138 2551 147 2637 Η
163 2555 257 2612 filiam
271 2573 325 2611 om.
343 2554 408 2618 BC,
424 2556 489 2610 add.
509 2555 537 2608 B
554 2573 624 2629 mrp.
641 2547 655 2634 Η
671 2571 729 2632 que
747 2549 795 2632 ΖΗ
812 2565 827 2614 5
844 2561 913 2630 post
931 2558 964 2609 A.
984 2573 1036 2611 oar.
1056 2557 1145 2611 ceteri
1159 2547 1171 2632 Η
1188 2553 1241 2610 uo.
1259 2555 1282 2610 Z

138 2640 142 2716 1
162 2639 278 2697 ramulos
292 2639 404 2695 BCIJF.
421 2645 502 2696 ortos
519 2639 542 2696 G
563 2632 576 2720 Η
597 2639 662 2714 uia,
680 2657 735 2696 noa
753 2637 784 2696 in
794 2639 860 2708 uia,
880 2640 946 2695 libri
960 2632 973 2718 Η
988 2647 1004 2700 6
1020 2638 1089 2717 apia
1105 2639 1130 2694 Il
1145 2631 1158 2718 Η
1173 2637 1281 2696 Martis

140 2727 319 2796 Schopenus.
338 2722 443 2780 martis
459 2722 563 2782 uillam
575 2727 641 2781 libri
653 2716 667 2804 Η
683 2723 823 2782 Porcium
841 2723 881 2779 St.
900 2733 1016 2800 portum
1042 2726 1070 2781 t'.
1091 2723 1220 2801 portium
1235 2739 1280 2778 re-

138 2813 197 2866 terr'
215 2805 228 2890 Η
251 2807 356 2886 Scipio
373 2849 508 2865 ......
526 2807 745 2866 conductitiam
767 2812 809 2866 sie
833 2809 1013 2866 Bitschelr‘us.
1050 2810 1176 2878 Quarta
1202 2811 1282 2864 libris

137 2899 183 2950 rto
198 2897 373 2966 interpolato
393 2902 460 2949 suat
478 2910 536 2966 ep.
558 2899 608 2962 23,
628 2900 647 2949 A
664 2911 743 2966 spa:
765 2893 859 2972 scipio
874 2891 948 2949 nihil
966 2893 1080 2972 proluit
1098 2891 1173 2950 nihil
1191 2891 1280 2950 lelius

139 2977 216 3037 nihil
231 2977 343 3048 furius,
362 2985 424 3035 tres
441 2977 589 3054 peridem
606 2989 725 3055 ternpus
743 2977 794 3056 qui
815 2975 971 3054 agitabant
985 2977 1103 3036 nobiles
1126 2976 1279 3034 facillime.

140 3083 244 3120 orarum
260 3061 313 3120 ille
330 3081 424 3140 epora
436 3081 474 3120 ne
489 3061 607 3121 domum
621 3061 743 3142 quidem
756 3061 862 3121 habuit
877 3059 1108 3134 conducticiam‚
1126 3060 1233 3118 saltern
1249 3069 1281 3119 ut

140 3157 297 3226 essetque
317 3148 445 3205 referret
462 3145 575 3205 obitum
591 3145 703 3205 domini
722 3147 872 3205 seruulus.
921 3148 971 3205 Vbi
983 3146 1158 3222 stupidorum
1174 3149 1282 3203 discre-

138 3238 243 3307 pantia
262 3221 334 3290 hoec
353 3239 413 3288 est:
434 3233 528 3310 scipio
544 3231 637 3290 nichil
653 3233 766 3310 profuit
782 3237 813 3290 A.
833 3232 928 3310 scipio
950 3232 992 3290 nil
1011 3233 1124 3311 profuit
1148 3233 1202 3288 GZ.
1224 3231 1281 3288 sci-

140 3319 223 3396 pioni
243 3317 286 3375 nil
300 3316 416 3394 profuit
432 3319 468 3372 E.
485 3315 560 3374 nibil
582 3315 701 3394 publius
718 3318 812 3395 scipio
831 3316 872 3375 nil
892 3317 1004 3396 profuit
1015 3321 1050 3374 F.
1067 3315 1141 3374 nihil
1155 3313 1281 3375 Publius

141 3401 246 3480 Scipio
277 3400 393 3480 profuit
418 3405 482 3458 Ald.
505 3395 518 3482 Η
537 3401 621 3459 nihil
637 3401 726 3460 lelius
752 3401 826 3459 nihil
852 3401 946 3460 furius
974 3405 1010 3460 B.
1036 3401 1078 3459 nil
1103 3399 1210 3472 Lelius
1238 3399 1282 3456 nil

142 3488 238 3546 furius
260 3489 294 3544 F.
312 3485 540 3548 nichildedius.
566 3483 661 3544 furius
677 3489 710 3544 A.
727 3486 802 3544 nihil
818 3488 845 3545 ei
860 3485 949 3544 lelius
966 3485 1041 3544 nibil
1061 3485 1156 3544 furius
1172 3488 1262 3542 ceteri
1275 3477 1284 3566 Η

141 3593 267 3651 operam
292 3573 397 3629 BCDF
421 3565 435 3652 Η
459 3571 580 3649 quidem
604 3571 721 3630 domurn
745 3574 800 3630 CG.
828 3570 968 3632 ‘'dornum
987 3568 1128 3650 “quidem
1154 3573 1189 3627 F.
1209 3568 1282 3648 quid

142 3657 263 3716 domurn
279 3658 334 3713 BD
350 3652 363 3737 Η
378 3655 482 3714 habuit
496 3675 548 3714 om.
565 3651 621 3737 ΒΗ
637 3651 828 3715 conducticia
840 3661 873 3713 A.
891 3655 1096 3714 conclutitiarn
1112 3657 1147 3711 B.
1170 3653 1282 3711 condu-

141 3742 239 3801 titiam
256 3743 292 3798 D.
316 3739 531 3800 conductitiam
549 3745 639 3800 cereri
658 3735 672 3822 Η
691 3743 806 3800 referre
822 3745 849 3798 Ι)
869 3737 882 3823 Η
907 3741 1019 3799 obitum
1042 3782 1073 3798 ..
1092 3784 1122 3799 ..
1146 3737 1282 3796 scribens

139 3849 195 3886 om.
214 3829 236 3882 G
252 3823 265 3904 Η
280 3825 432 3905 liquidam
444 3829 478 3882 Ι).
495 3825 568 3906 quid
578 3829 606 3882 Β
619 3820 632 3904 Η
648 3828 762 3904 prefert
771 3829 801 3883 Z.
817 3826 965 3906 praeferri
977 3827 1061 3884 BCF.
1075 3843 1125 3883 ora.
1139 3827 1166 3880 Ι)
1180 3817 1194 3902 Η
1210 3823 1283 3880 scri-

139 3911 231 3972 beres
247 3913 276 3968 B
289 3905 303 3992 Η
320 3908 555 3989 Compitalibus]
575 3931 597 3968 r.
613 3917 685 3984 2911.
705 3917 761 3969 m
783 3913 863 3972 aaut.
879 3905 892 3992 Η
912 3921 943 3972 10
957 3911 1084 3970 'Ferenti
1105 3927 1165 3966 non
1186 3908 1282 3964 consi·

138 3997 243 4056 milem
258 3999 439 4054 Bitscdelr'us.
461 3995 582 4054 terentii
600 4017 659 4054 non
676 3996 805 4055 similem
823 3999 854 4052 A.
879 3996 1008 4053 tc'rcntio
1020 4015 1081 4052 non
1096 3991 1222 4053 similem
1238 4009 1283 4048 ce-

139 4087 212 4151 teri,
225 4086 282 4139 ru'sr'
295 4085 374 4156 quod
384 4081 512 4140 similem
531 4101 591 4139 non
608 4085 645 4152 G,
663 4079 813 4139 ”similem
830 4077 911 4138 ‘'non
930 4083 958 4137 F
970 4076 983 4160 Η
1000 4075 1083 4137 dicas
1103 4079 1281 4134 Ritsrhelius.

140 4167 249 4226 dicens
268 4170 345 4225 libri.
373 4165 457 4226 dices
482 4169 545 4224 Ald.
567 4161 580 4247 Η
602 4162 789 4245 quempiam]
808 4165 873 4240 ‹11›
888 4159 901 4246 Η
919 4177 945 4228 11
966 4163 1123 4224 Volcatius
1138 4164 1178 4218 F:
1206 4165 1286 4234 apud

139 4256 262 4312 Gellium
277 4257 397 4313 17324,
422 4251 572 4310 uulcatius
592 4252 728 4309 BCEGZ.
748 4251 903 4308 Vulcanus
918 4252 969 4306 AD
989 4244 1002 4331 Η
1025 4247 1114 4308 neuin
1135 4241 1284 4326 ΑΒΒΒΖΗ

138 4359 178 4396 ex
191 4335 297 4416 plauto
314 4337 433 4396 excelio
449 4341 484 4395 A.
507 4345 538 4395 et
552 4335 662 4414 planco
678 4345 708 4395 et
725 4335 802 4394 celio
823 4337 859 4402 ll.
878 4343 908 4393 et
926 4335 1030 4414 plauto
1047 4343 1078 4392 et
1098 4331 1224 4391 caecilio
1239 4349 1284 4389 ce-

137 4427 213 4485 teri.
234 4425 290 4480 nisi
305 4425 383 4496 quod
398 4421 505 4507 capilio
524 4423 598 4480 BCZ

211 4537 331 4574 surorr
350 4535 413 4576 aar..
1064 4516 1083 4578 3
