<?xml version="1.0" encoding="UTF-8"?>
<!DOCTYPE html PUBLIC "-//W3C//DTD XHTML 1.0 Transitional//EN"
    "http://www.w3.org/TR/xhtml1/DTD/xhtml1-transitional.dtd">
<html xmlns="http://www.w3.org/1999/xhtml" xml:lang="en" lang="en">
 <head>
  <title>
</title>
<meta http-equiv="Content-Type" content="text/html;charset=utf-8" />
  <meta name='ocr-system' content='tesseract 3.04.00' />
  <meta name='ocr-capabilities' content='ocr_page ocr_carea ocr_par ocr_line ocrx_word'/>
</head>
<body>
  <div class='ocr_page' id='page_1' title='image "./csvetonitranqvi01ritsgoog_0296.png"; bbox 0 0 3072 5064; ppageno 0'>
   <div class='ocr_carea' id='block_1_1' title="bbox 301 375 1265 456">
    <p class='ocr_par' dir='ltr' id='par_1_1' title="bbox 301 375 1265 456">
     <span class='ocr_line' id='line_1_1' title="bbox 301 375 1265 456; baseline -0.004 -2"><span class='ocrx_word' id='word_1_1' title='bbox 301 411 532 454; x_wconf 81' lang='lat' dir='ltr'><strong>svrrnnuears</strong></span> <span class='ocrx_word' id='word_1_2' title='bbox 554 411 643 453; x_wconf 80' lang='lat' dir='ltr'><strong>arear</strong></span> <span class='ocrx_word' id='word_1_3' title='bbox 664 411 706 452; x_wconf 81' lang='lat' dir='ltr'><strong>os</strong></span> <span class='ocrx_word' id='word_1_4' title='bbox 730 408 934 451; x_wconf 71' lang='lat' dir='ltr'><strong>insusurras</strong></span> <span class='ocrx_word' id='word_1_5' title='bbox 957 375 1095 450; x_wconf 75' lang='lat' dir='ltr'><strong>sarvam</strong></span> <span class='ocrx_word' id='word_1_6' title='bbox 1202 387 1265 456; x_wconf 75' lang='lat' dir='ltr'><strong>tet</strong></span> 
     </span>
    </p>
   </div>
   <div class='ocr_carea' id='block_1_2' title="bbox 133 556 1309 4171">
    <p class='ocr_par' dir='ltr' id='par_1_2' title="bbox 138 556 1263 684">
     <span class='ocr_line' id='line_1_2' title="bbox 138 556 1263 631; baseline -0.007 -17"><span class='ocrx_word' id='word_1_7' title='bbox 138 563 361 631; x_wconf 74' lang='lat' dir='ltr'><strong>cygnidicantur.</strong></span> <span class='ocrx_word' id='word_1_8' title='bbox 393 567 495 614; x_wconf 86' lang='lat' dir='ltr'><strong>nautae</strong></span> <span class='ocrx_word' id='word_1_9' title='bbox 514 577 580 616; x_wconf 88' lang='lat' dir='ltr'><strong>nero</strong></span> <span class='ocrx_word' id='word_1_10' title='bbox 598 563 652 614; x_wconf 91' lang='lat' dir='ltr'><strong>sibi</strong></span> <span class='ocrx_word' id='word_1_11' title='bbox 669 563 740 613; x_wconf 88' lang='lat' dir='ltr'><strong>bunc</strong></span> <span class='ocrx_word' id='word_1_12' title='bbox 759 563 856 614; x_wconf 88' lang='lat' dir='ltr'><strong>bonam</strong></span> <span class='ocrx_word' id='word_1_13' title='bbox 875 561 1030 628; x_wconf 79' lang='lat' dir='ltr'>prognosim</span> <span class='ocrx_word' id='word_1_14' title='bbox 1048 560 1142 610; x_wconf 83' lang='lat' dir='ltr'><strong>iacere</strong></span> <span class='ocrx_word' id='word_1_15' title='bbox 1161 556 1263 620; x_wconf 86' lang='lat' dir='ltr'><strong>dicunt,</strong></span> 
     </span>
     <span class='ocr_line' id='line_1_3' title="bbox 139 633 433 684; baseline 0 -2"><span class='ocrx_word' id='word_1_16' title='bbox 139 633 206 684; x_wconf 88' lang='lat' dir='ltr'><strong>sicut</strong></span> <span class='ocrx_word' id='word_1_17' title='bbox 225 634 265 682; x_wconf 91' lang='lat' dir='ltr'><strong>ait</strong></span> <span class='ocrx_word' id='word_1_18' title='bbox 282 633 433 683; x_wconf 78' lang='lat' dir='ltr'><strong>Aemilius:</strong></span> 
     </span>
    </p>

    <p class='ocr_par' dir='ltr' id='par_1_3' title="bbox 284 699 977 767">
     <span class='ocr_line' id='line_1_4' title="bbox 284 699 977 767; baseline -0.006 -16"><span class='ocrx_word' id='word_1_19' title='bbox 284 717 388 767; x_wconf 81' lang='lat' dir='ltr'><strong>cygnus</strong></span> <span class='ocrx_word' id='word_1_20' title='bbox 406 703 434 751; x_wconf 93' lang='lat' dir='ltr'><strong>in</strong></span> <span class='ocrx_word' id='word_1_21' title='bbox 453 701 583 766; x_wconf 73' lang='lat' dir='ltr'><strong>auspiciis</strong></span> <span class='ocrx_word' id='word_1_22' title='bbox 601 715 708 766; x_wconf 84' lang='lat' dir='ltr'>semper</span> <span class='ocrx_word' id='word_1_23' title='bbox 724 700 890 750; x_wconf 89' lang='lat' dir='ltr'><strong>laetissimus</strong></span> <span class='ocrx_word' id='word_1_24' title='bbox 910 699 977 749; x_wconf 90' lang='lat' dir='ltr'><strong>alas.</strong></span> 
     </span>
    </p>

    <p class='ocr_par' dir='ltr' id='par_1_4' title="bbox 134 763 1266 1176">
     <span class='ocr_line' id='line_1_5' title="bbox 283 763 1101 835; baseline -0.005 -16"><span class='ocrx_word' id='word_1_25' title='bbox 283 770 356 820; x_wconf 88' lang='lat' dir='ltr'><strong>huuc</strong></span> <span class='ocrx_word' id='word_1_26' title='bbox 374 773 471 835; x_wconf 88' lang='lat' dir='ltr'><strong>optant</strong></span> <span class='ocrx_word' id='word_1_27' title='bbox 487 777 606 830; x_wconf 88' lang='lat' dir='ltr'><strong>nautae,</strong></span> <span class='ocrx_word' id='word_1_28' title='bbox 631 769 695 834; x_wconf 87' lang='lat' dir='ltr'><strong>quia</strong></span> <span class='ocrx_word' id='word_1_29' title='bbox 713 783 742 819; x_wconf 91' lang='lat' dir='ltr'><strong>se</strong></span> <span class='ocrx_word' id='word_1_30' title='bbox 761 784 815 819; x_wconf 90' lang='lat' dir='ltr'><strong>non</strong></span> <span class='ocrx_word' id='word_1_31' title='bbox 832 769 931 833; x_wconf 79' lang='lat' dir='ltr'><strong>mergit</strong></span> <span class='ocrx_word' id='word_1_32' title='bbox 949 768 977 816; x_wconf 87' lang='lat' dir='ltr'><strong>in</strong></span> <span class='ocrx_word' id='word_1_33' title='bbox 995 763 1101 816; x_wconf 63' lang='lat' dir='ltr'><strong>undas!</strong></span> 
     </span>
     <span class='ocr_line' id='line_1_6' title="bbox 136 835 1265 902; baseline -0.005 -14"><span class='ocrx_word' id='word_1_34' title='bbox 136 837 171 888; x_wconf 84' lang='lat' dir='ltr'><strong>ci.</strong></span> <span class='ocrx_word' id='word_1_35' title='bbox 184 836 296 887; x_wconf 83' lang='lat' dir='ltr'><strong>Servius</strong></span> <span class='ocrx_word' id='word_1_36' title='bbox 308 837 375 887; x_wconf 80' lang='lat' dir='ltr'><strong>Aen.</strong></span> <span class='ocrx_word' id='word_1_37' title='bbox 390 837 474 888; x_wconf 75' lang='lat'><strong>1397.</strong></span> <span class='ocrx_word' id='word_1_38' title='bbox 510 835 556 887; x_wconf 82' lang='lat' dir='ltr'><strong>st:</strong></span> <span class='ocrx_word' id='word_1_39' title='bbox 577 836 731 887; x_wconf 83' lang='lat' dir='ltr'><strong>‘Monedula</strong></span> <span class='ocrx_word' id='word_1_40' title='bbox 742 839 821 902; x_wconf 89' lang='lat' dir='ltr'><strong>quasi</strong></span> <span class='ocrx_word' id='word_1_41' title='bbox 839 835 988 896; x_wconf 86' lang='lat' dir='ltr'><strong>monetula,</strong></span> <span class='ocrx_word' id='word_1_42' title='bbox 1007 849 1077 899; x_wconf 87' lang='lat' dir='ltr'><strong>quae</strong></span> <span class='ocrx_word' id='word_1_43' title='bbox 1092 837 1151 884; x_wconf 81' lang='lat' dir='ltr'><strong>bum</strong></span> <span class='ocrx_word' id='word_1_44' title='bbox 1171 849 1265 884; x_wconf 87' lang='lat' dir='ltr'><strong>aarum</strong></span> 
     </span>
     <span class='ocr_line' id='line_1_7' title="bbox 136 900 1265 971; baseline -0.004 -17"><span class='ocrx_word' id='word_1_45' title='bbox 136 905 241 955; x_wconf 89' lang='lat' dir='ltr'><strong>inuenit</strong></span> <span class='ocrx_word' id='word_1_46' title='bbox 259 907 351 955; x_wconf 85' lang='lat' dir='ltr'><strong>aufert</strong></span> <span class='ocrx_word' id='word_1_47' title='bbox 369 912 396 956; x_wconf 90' lang='lat' dir='ltr'><strong>et</strong></span> <span class='ocrx_word' id='word_1_48' title='bbox 414 906 543 956; x_wconf 88' lang='lat' dir='ltr'><strong>occultat.</strong></span> <span class='ocrx_word' id='word_1_49' title='bbox 568 905 664 955; x_wconf 84' lang='lat' dir='ltr'><strong>Cicero</strong></span> <span class='ocrx_word' id='word_1_50' title='bbox 676 921 725 971; x_wconf 90' lang='lat' dir='ltr'><strong>pro</strong></span> <span class='ocrx_word' id='word_1_51' title='bbox 737 904 849 954; x_wconf 87' lang='lat' dir='ltr'><strong>Valerio</strong></span> <span class='ocrx_word' id='word_1_52' title='bbox 861 905 963 954; x_wconf 80' lang='lat' dir='ltr'><strong>Flacco</strong></span> <span class='ocrx_word' id='word_1_53' title='bbox 982 900 1036 966; x_wconf 81' lang='lat' dir='ltr'><strong>(st,</strong></span> <span class='ocrx_word' id='word_1_54' title='bbox 1057 903 1113 962; x_wconf 75' lang='lat' dir='ltr'><strong>tet:</strong></span> <span class='ocrx_word' id='word_1_55' title='bbox 1131 903 1191 952; x_wconf 88' lang='lat' dir='ltr'><strong>Non</strong></span> <span class='ocrx_word' id='word_1_56' title='bbox 1204 901 1265 966; x_wconf 89' lang='lat' dir='ltr'><strong>plus</strong></span> 
     </span>
     <span class='ocr_line' id='line_1_8' title="bbox 134 969 1266 1038; baseline -0.004 -15"><span class='ocrx_word' id='word_1_57' title='bbox 134 989 227 1023; x_wconf 88' lang='lat' dir='ltr'><strong>aarum</strong></span> <span class='ocrx_word' id='word_1_58' title='bbox 245 974 298 1024; x_wconf 91' lang='lat' dir='ltr'><strong>tibi</strong></span> <span class='ocrx_word' id='word_1_59' title='bbox 317 989 396 1038; x_wconf 91' lang='lat' dir='ltr'><strong>quarn</strong></span> <span class='ocrx_word' id='word_1_60' title='bbox 415 973 575 1024; x_wconf 77' lang='lat' dir='ltr'>monedulae</span> <span class='ocrx_word' id='word_1_61' title='bbox 603 971 844 1023; x_wconf 87' lang='lat' dir='ltr'><strong>committendum.&#39;</strong></span> <span class='ocrx_word' id='word_1_62' title='bbox 879 971 923 1023; x_wconf 78' lang='lat'><strong>37:</strong></span> <span class='ocrx_word' id='word_1_63' title='bbox 950 969 1096 1020; x_wconf 80' lang='lat' dir='ltr'><strong>‘Luscinia</strong></span> <span class='ocrx_word' id='word_1_64' title='bbox 1119 971 1179 1020; x_wconf 85' lang='lat' dir='ltr'><strong>auis</strong></span> <span class='ocrx_word' id='word_1_65' title='bbox 1202 969 1266 1019; x_wconf 89' lang='lat' dir='ltr'><strong>inds</strong></span> 
     </span>
     <span class='ocr_line' id='line_1_9' title="bbox 134 1038 1265 1107; baseline -0.002 -17"><span class='ocrx_word' id='word_1_66' title='bbox 134 1057 231 1091; x_wconf 86' lang='lat' dir='ltr'><strong>nomen</strong></span> <span class='ocrx_word' id='word_1_67' title='bbox 253 1043 382 1106; x_wconf 81' lang='lat' dir='ltr'><strong>sumpsit,</strong></span> <span class='ocrx_word' id='word_1_68' title='bbox 410 1041 566 1107; x_wconf 89' lang='lat' dir='ltr'><strong>quodcantu</strong></span> <span class='ocrx_word' id='word_1_69' title='bbox 583 1057 632 1092; x_wconf 92' lang='lat' dir='ltr'><strong>suo</strong></span> <span class='ocrx_word' id='word_1_70' title='bbox 650 1041 806 1106; x_wconf 84' lang='lat' dir='ltr'><strong>significare</strong></span> <span class='ocrx_word' id='word_1_71' title='bbox 826 1041 897 1092; x_wconf 90' lang='lat' dir='ltr'><strong>solet</strong></span> <span class='ocrx_word' id='word_1_72' title='bbox 914 1039 970 1089; x_wconf 91' lang='lat' dir='ltr'><strong>diei</strong></span> <span class='ocrx_word' id='word_1_73' title='bbox 988 1038 1125 1104; x_wconf 85' lang='lat' dir='ltr'><strong>surgentis</strong></span> <span class='ocrx_word' id='word_1_74' title='bbox 1144 1043 1265 1090; x_wconf 88' lang='lat' dir='ltr'><strong>exortum</strong></span> 
     </span>
     <span class='ocr_line' id='line_1_10' title="bbox 134 1107 1175 1176; baseline -0.003 -18"><span class='ocrx_word' id='word_1_75' title='bbox 134 1111 211 1176; x_wconf 83' lang='lat' dir='ltr'><strong>quasi</strong></span> <span class='ocrx_word' id='word_1_76' title='bbox 223 1109 338 1160; x_wconf 87' lang='lat' dir='ltr'><strong>lucinia.</strong></span> <span class='ocrx_word' id='word_1_77' title='bbox 368 1109 464 1160; x_wconf 91' lang='lat' dir='ltr'><strong>eadem</strong></span> <span class='ocrx_word' id='word_1_78' title='bbox 483 1115 511 1160; x_wconf 91' lang='lat' dir='ltr'><strong>et</strong></span> <span class='ocrx_word' id='word_1_79' title='bbox 529 1109 674 1172; x_wconf 76' lang='lat' dir='ltr'>acredula,</span> <span class='ocrx_word' id='word_1_80' title='bbox 693 1110 725 1160; x_wconf 89' lang='lat' dir='ltr'><strong>de</strong></span> <span class='ocrx_word' id='word_1_81' title='bbox 745 1109 913 1175; x_wconf 82' lang='lat' dir='ltr'><strong>qua-Cicero</strong></span> <span class='ocrx_word' id='word_1_82' title='bbox 932 1109 961 1158; x_wconf 89' lang='lat' dir='ltr'><strong>iu</strong></span> <span class='ocrx_word' id='word_1_83' title='bbox 979 1107 1175 1172; x_wconf 77' lang='lat' dir='ltr'><strong>prognosticis:</strong></span> 
     </span>
    </p>

    <p class='ocr_par' dir='ltr' id='par_1_5' title="bbox 134 1175 1266 1448">
     <span class='ocr_line' id='line_1_11' title="bbox 286 1175 895 1228; baseline -0.005 0"><span class='ocrx_word' id='word_1_84' title='bbox 286 1183 314 1228; x_wconf 87' lang='lat' dir='ltr'><strong>ct</strong></span> <span class='ocrx_word' id='word_1_85' title='bbox 331 1178 479 1228; x_wconf 85' lang='lat' dir='ltr'><strong>matutinos</strong></span> <span class='ocrx_word' id='word_1_86' title='bbox 499 1183 610 1228; x_wconf 80' lang='lat' dir='ltr'><strong>exercet</strong></span> <span class='ocrx_word' id='word_1_87' title='bbox 629 1177 759 1228; x_wconf 76' lang='lat' dir='ltr'><strong>acredula</strong></span> <span class='ocrx_word' id='word_1_88' title='bbox 778 1175 895 1228; x_wconf 83' lang='lat' dir='ltr'><strong>cantus’</strong></span> 
     </span>
     <span class='ocr_line' id='line_1_12' title="bbox 134 1243 1266 1311; baseline -0.003 -16"><span class='ocrx_word' id='word_1_89' title='bbox 134 1243 177 1295; x_wconf 77' lang='lat'><strong>39:</strong></span> <span class='ocrx_word' id='word_1_90' title='bbox 203 1245 297 1295; x_wconf 82' lang='lat' dir='ltr'><strong>‘Buba</strong></span> <span class='ocrx_word' id='word_1_91' title='bbox 315 1261 332 1295; x_wconf 91' lang='lat' dir='ltr'><strong>a</strong></span> <span class='ocrx_word' id='word_1_92' title='bbox 350 1261 416 1296; x_wconf 92' lang='lat' dir='ltr'><strong>sono</strong></span> <span class='ocrx_word' id='word_1_93' title='bbox 434 1247 511 1296; x_wconf 91' lang='lat' dir='ltr'><strong>uocis</strong></span> <span class='ocrx_word' id='word_1_94' title='bbox 535 1246 712 1311; x_wconf 87' lang='lat' dir='ltr'><strong>compositum</strong></span> <span class='ocrx_word' id='word_1_95' title='bbox 735 1262 833 1296; x_wconf 89' lang='lat' dir='ltr'><strong>nomen</strong></span> <span class='ocrx_word' id='word_1_96' title='bbox 851 1245 947 1306; x_wconf 85' lang='lat' dir='ltr'><strong>habet,</strong></span> <span class='ocrx_word' id='word_1_97' title='bbox 976 1244 1036 1294; x_wconf 89' lang='lat' dir='ltr'><strong>auis</strong></span> <span class='ocrx_word' id='word_1_98' title='bbox 1055 1243 1149 1294; x_wconf 82' lang='lat' dir='ltr'><strong>feralis</strong></span> <span class='ocrx_word' id='word_1_99' title='bbox 1168 1246 1266 1294; x_wconf 84' lang='lat' dir='ltr'><strong>onusta</strong></span> 
     </span>
     <span class='ocr_line' id='line_1_13' title="bbox 134 1311 1265 1379; baseline -0.001 -16"><span class='ocrx_word' id='word_1_100' title='bbox 134 1313 242 1378; x_wconf 89' lang='lat' dir='ltr'><strong>quidem</strong></span> <span class='ocrx_word' id='word_1_101' title='bbox 260 1313 360 1379; x_wconf 89' lang='lat' dir='ltr'><strong>plumis</strong></span> <span class='ocrx_word' id='word_1_102' title='bbox 378 1315 427 1366; x_wconf 88' lang='lat' dir='ltr'><strong>sed</strong></span> <span class='ocrx_word' id='word_1_103' title='bbox 444 1315 524 1379; x_wconf 79' lang='lat' dir='ltr'><strong>graui</strong></span> <span class='ocrx_word' id='word_1_104' title='bbox 541 1330 650 1379; x_wconf 86' lang='lat' dir='ltr'><strong>semper</strong></span> <span class='ocrx_word' id='word_1_105' title='bbox 667 1313 779 1364; x_wconf 88' lang='lat' dir='ltr'><strong>detenta</strong></span> <span class='ocrx_word' id='word_1_106' title='bbox 796 1313 921 1379; x_wconf 78' lang='lat' dir='ltr'><strong>pigritie;</strong></span> <span class='ocrx_word' id='word_1_107' title='bbox 941 1313 968 1362; x_wconf 88' lang='lat' dir='ltr'><strong>in</strong></span> <span class='ocrx_word' id='word_1_108' title='bbox 987 1311 1121 1377; x_wconf 78' lang='lat' dir='ltr'><strong>sepulcris</strong></span> <span class='ocrx_word' id='word_1_109' title='bbox 1139 1311 1182 1362; x_wconf 92' lang='lat' dir='ltr'><strong>die</strong></span> <span class='ocrx_word' id='word_1_110' title='bbox 1201 1327 1265 1362; x_wconf 86' lang='lat' dir='ltr'><strong>noc·</strong></span> 
     </span>
     <span class='ocr_line' id='line_1_14' title="bbox 134 1379 1198 1448; baseline -0.001 -18"><span class='ocrx_word' id='word_1_111' title='bbox 134 1391 214 1447; x_wconf 87' lang='lat' dir='ltr'><strong>tuque</strong></span> <span class='ocrx_word' id='word_1_112' title='bbox 233 1387 361 1432; x_wconf 85' lang='lat' dir='ltr'><strong>uersatur</strong></span> <span class='ocrx_word' id='word_1_113' title='bbox 379 1388 407 1432; x_wconf 91' lang='lat' dir='ltr'><strong>et</strong></span> <span class='ocrx_word' id='word_1_114' title='bbox 424 1399 532 1448; x_wconf 87' lang='lat' dir='ltr'><strong>semper</strong></span> <span class='ocrx_word' id='word_1_115' title='bbox 549 1397 718 1432; x_wconf 88' lang='lat' dir='ltr'><strong>commorans</strong></span> <span class='ocrx_word' id='word_1_116' title='bbox 736 1384 764 1432; x_wconf 90' lang='lat' dir='ltr'><strong>iu</strong></span> <span class='ocrx_word' id='word_1_117' title='bbox 783 1382 923 1443; x_wconf 84' lang='lat' dir='ltr'><strong>cauernis;</strong></span> <span class='ocrx_word' id='word_1_118' title='bbox 947 1380 980 1430; x_wconf 89' lang='lat' dir='ltr'><strong>de</strong></span> <span class='ocrx_word' id='word_1_119' title='bbox 999 1395 1052 1445; x_wconf 85' lang='lat' dir='ltr'><strong>qna</strong></span> <span class='ocrx_word' id='word_1_120' title='bbox 1070 1379 1198 1430; x_wconf 87' lang='lat' dir='ltr'><strong>Ouidius:</strong></span> 
     </span>
    </p>

    <p class='ocr_par' dir='ltr' id='par_1_6' title="bbox 286 1449 1094 1537">
     <span class='ocr_line' id='line_1_15' title="bbox 286 1449 1094 1537; baseline 0.001 -38"><span class='ocrx_word' id='word_1_121' title='bbox 286 1451 419 1514; x_wconf 80' lang='lat' dir='ltr'><strong>foedaque</strong></span> <span class='ocrx_word' id='word_1_122' title='bbox 438 1449 468 1500; x_wconf 89' lang='lat' dir='ltr'><strong>fit</strong></span> <span class='ocrx_word' id='word_1_123' title='bbox 485 1451 605 1510; x_wconf 81' lang='lat' dir='ltr'><strong>uolucris</strong></span> <span class='ocrx_word' id='word_1_124' title='bbox 622 1450 731 1500; x_wconf 90' lang='lat' dir='ltr'><strong>uenturi</strong></span> <span class='ocrx_word' id='word_1_125' title='bbox 748 1453 846 1500; x_wconf 89' lang='lat' dir='ltr'><strong>nuntia</strong></span> <span class='ocrx_word' id='word_1_126' title='bbox 863 1449 954 1500; x_wconf 87' lang='lat' dir='ltr'><strong>luctus</strong></span> <span class='ocrx_word' id='word_1_127' title='bbox 1074 1494 1094 1537; x_wconf 52' lang='grc' dir='ltr'>Ι</span> 
     </span>
    </p>

    <p class='ocr_par' dir='ltr' id='par_1_7' title="bbox 133 1518 1309 4171">
     <span class='ocr_line' id='line_1_16' title="bbox 286 1518 904 1583; baseline 0.002 -17"><span class='ocrx_word' id='word_1_128' title='bbox 286 1519 402 1583; x_wconf 80' lang='lat' dir='ltr'><strong>ignauus</strong></span> <span class='ocrx_word' id='word_1_129' title='bbox 420 1518 505 1580; x_wconf 90' lang='lat' dir='ltr'><strong>bubo,</strong></span> <span class='ocrx_word' id='word_1_130' title='bbox 531 1519 618 1568; x_wconf 88' lang='lat' dir='ltr'><strong>dirum</strong></span> <span class='ocrx_word' id='word_1_131' title='bbox 636 1519 798 1570; x_wconf 82' lang='lat' dir='ltr'><strong>mortalibus</strong></span> <span class='ocrx_word' id='word_1_132' title='bbox 816 1533 904 1570; x_wconf 88' lang='lat' dir='ltr'><strong>omen.</strong></span> 
     </span>
     <span class='ocr_line' id='line_1_17' title="bbox 134 1585 1267 1652; baseline 0 -18"><span class='ocrx_word' id='word_1_133' title='bbox 134 1585 251 1650; x_wconf 86' lang='lat' dir='ltr'><strong>denique</strong></span> <span class='ocrx_word' id='word_1_134' title='bbox 271 1586 344 1652; x_wconf 90' lang='lat' dir='ltr'><strong>apud</strong></span> <span class='ocrx_word' id='word_1_135' title='bbox 363 1601 480 1652; x_wconf 77' lang='lat' dir='ltr'><strong>augures</strong></span> <span class='ocrx_word' id='word_1_136' title='bbox 497 1587 597 1636; x_wconf 88' lang='lat' dir='ltr'><strong>malum</strong></span> <span class='ocrx_word' id='word_1_137' title='bbox 615 1587 777 1652; x_wconf 87' lang='lat' dir='ltr'><strong>portendere</strong></span> <span class='ocrx_word' id='word_1_138' title='bbox 796 1587 895 1636; x_wconf 84' lang='lat' dir='ltr'><strong>ferturr</strong></span> <span class='ocrx_word' id='word_1_139' title='bbox 914 1601 977 1635; x_wconf 89' lang='lat' dir='ltr'><strong>nam</strong></span> <span class='ocrx_word' id='word_1_140' title='bbox 995 1599 1056 1635; x_wconf 89' lang='lat' dir='ltr'><strong>curn</strong></span> <span class='ocrx_word' id='word_1_141' title='bbox 1074 1585 1103 1634; x_wconf 91' lang='lat' dir='ltr'><strong>in</strong></span> <span class='ocrx_word' id='word_1_142' title='bbox 1120 1585 1188 1636; x_wconf 87' lang='lat' dir='ltr'><strong>urbe</strong></span> <span class='ocrx_word' id='word_1_143' title='bbox 1205 1585 1267 1634; x_wconf 83' lang='lat' dir='ltr'><strong>uisa</strong></span> 
     </span>
     <span class='ocr_line' id='line_1_18' title="bbox 135 1651 1267 1726; baseline 0.002 -24"><span class='ocrx_word' id='word_1_144' title='bbox 135 1653 229 1714; x_wconf 83' lang='lat' dir='ltr'><strong>inerit,</strong></span> <span class='ocrx_word' id='word_1_145' title='bbox 254 1653 430 1704; x_wconf 86' lang='lat' dir='ltr'><strong>solitudinem</strong></span> <span class='ocrx_word' id='word_1_146' title='bbox 448 1655 601 1720; x_wconf 76' lang='lat' dir='ltr'><strong>significari</strong></span> <span class='ocrx_word' id='word_1_147' title='bbox 624 1654 737 1708; x_wconf 65' lang='lat' dir='ltr'><strong>dicunt)</strong></span> <span class='ocrx_word' id='word_1_148' title='bbox 777 1656 824 1705; x_wconf 82' lang='lat'><strong>44:</strong></span> <span class='ocrx_word' id='word_1_149' title='bbox 849 1654 959 1704; x_wconf 84' lang='lat' dir='ltr'><strong>‘Cornix</strong></span> <span class='ocrx_word' id='word_1_150' title='bbox 983 1668 1089 1705; x_wconf 83' lang='lat' dir='ltr'><strong>annosa</strong></span> <span class='ocrx_word' id='word_1_151' title='bbox 1112 1653 1172 1726; x_wconf 70' lang='lat' dir='ltr'><strong>suis</strong></span> <span class='ocrx_word' id='word_1_152' title='bbox 1194 1651 1267 1718; x_wconf 89' lang='lat' dir='ltr'><strong>apud</strong></span> 
     </span>
     <span class='ocr_line' id='line_1_19' title="bbox 134 1721 1267 1790; baseline 0 -20"><span class='ocrx_word' id='word_1_153' title='bbox 134 1721 250 1773; x_wconf 87' lang='lat' dir='ltr'><strong>Latinos</strong></span> <span class='ocrx_word' id='word_1_154' title='bbox 268 1737 369 1788; x_wconf 82' lang='lat' dir='ltr'><strong>graeco</strong></span> <span class='ocrx_word' id='word_1_155' title='bbox 388 1723 496 1773; x_wconf 89' lang='lat' dir='ltr'><strong>nomine</strong></span> <span class='ocrx_word' id='word_1_156' title='bbox 515 1723 684 1788; x_wconf 90' lang='lat' dir='ltr'><strong>appellatur,</strong></span> <span class='ocrx_word' id='word_1_157' title='bbox 704 1740 782 1790; x_wconf 89' lang='lat' dir='ltr'><strong>quarn</strong></span> <span class='ocrx_word' id='word_1_158' title='bbox 802 1724 879 1772; x_wconf 89' lang='lat' dir='ltr'><strong>aiunt</strong></span> <span class='ocrx_word' id='word_1_159' title='bbox 897 1737 1014 1788; x_wconf 81' lang='lat' dir='ltr'><strong>augures</strong></span> <span class='ocrx_word' id='word_1_160' title='bbox 1032 1721 1169 1772; x_wconf 90' lang='lat' dir='ltr'><strong>hominum</strong></span> <span class='ocrx_word' id='word_1_161' title='bbox 1187 1737 1267 1772; x_wconf 87' lang='lat' dir='ltr'><strong>curas</strong></span> 
     </span>
     <span class='ocr_line' id='line_1_20' title="bbox 133 1789 1267 1856; baseline 0 -17"><span class='ocrx_word' id='word_1_162' title='bbox 133 1789 384 1856; x_wconf 75' lang='lat' dir='ltr'><strong>significationibus</strong></span> <span class='ocrx_word' id='word_1_163' title='bbox 404 1807 520 1856; x_wconf 83' lang='lat' dir='ltr'><strong>augere,</strong></span> <span class='ocrx_word' id='word_1_164' title='bbox 544 1791 704 1842; x_wconf 85' lang='lat' dir='ltr'><strong>insidiarum</strong></span> <span class='ocrx_word' id='word_1_165' title='bbox 721 1793 783 1841; x_wconf 86' lang='lat' dir='ltr'><strong>aias</strong></span> <span class='ocrx_word' id='word_1_166' title='bbox 801 1796 966 1853; x_wconf 88' lang='lat' dir='ltr'><strong>monstrare,</strong></span> <span class='ocrx_word' id='word_1_167' title='bbox 990 1790 1082 1840; x_wconf 77' lang='lat' dir='ltr'><strong>futura</strong></span> <span class='ocrx_word' id='word_1_168' title='bbox 1105 1789 1267 1856; x_wconf 77' lang='lat' dir='ltr'><strong>praedicere</strong></span> 
     </span>
     <span class='ocr_line' id='line_1_21' title="bbox 205 1858 1267 1924; baseline 0.004 -17.753"><span class='ocrx_word' id='word_1_169' title='bbox 205 1859 272 1908; x_wconf 90' lang='lat' dir='ltr'><strong>huic</strong></span> <span class='ocrx_word' id='word_1_170' title='bbox 296 1858 367 1908; x_wconf 88' lang='lat' dir='ltr'><strong>inter</strong></span> <span class='ocrx_word' id='word_1_171' title='bbox 390 1859 476 1910; x_wconf 87' lang='lat' dir='ltr'><strong>multa</strong></span> <span class='ocrx_word' id='word_1_172' title='bbox 503 1859 630 1924; x_wconf 87' lang='lat' dir='ltr'><strong>auspicia</strong></span> <span class='ocrx_word' id='word_1_173' title='bbox 655 1860 778 1910; x_wconf 88' lang='lat' dir='ltr'><strong>tribuunt</strong></span> <span class='ocrx_word' id='word_1_174' title='bbox 801 1861 886 1910; x_wconf 87' lang='lat' dir='ltr'><strong>etiam</strong></span> <span class='ocrx_word' id='word_1_175' title='bbox 908 1859 1017 1924; x_wconf 86' lang='lat' dir='ltr'><strong>pluuias</strong></span> <span class='ocrx_word' id='word_1_176' title='bbox 1039 1859 1202 1924; x_wconf 89' lang='lat' dir='ltr'><strong>portendere</strong></span> <span class='ocrx_word' id='word_1_177' title='bbox 1219 1873 1267 1910; x_wconf 90' lang='lat' dir='ltr'><strong>uo·</strong></span> 
     </span>
     <span class='ocr_line' id='line_1_22' title="bbox 135 1925 1266 1992; baseline -0.001 -16"><span class='ocrx_word' id='word_1_178' title='bbox 135 1925 224 1976; x_wconf 83' lang='lat' dir='ltr'><strong>cibus:</strong></span> <span class='ocrx_word' id='word_1_179' title='bbox 249 1927 321 1976; x_wconf 90' lang='lat' dir='ltr'><strong>unde</strong></span> <span class='ocrx_word' id='word_1_180' title='bbox 342 1933 383 1976; x_wconf 89' lang='lat' dir='ltr'><strong>est</strong></span> <span class='ocrx_word' id='word_1_181' title='bbox 401 1926 468 1976; x_wconf 91' lang='lat' dir='ltr'><strong>illud</strong></span> <span class='ocrx_word' id='word_1_182' title='bbox 486 1927 580 1992; x_wconf 81' lang='lat' dir='ltr'><strong>(Verp.</strong></span> <span class='ocrx_word' id='word_1_183' title='bbox 602 1943 693 1992; x_wconf 74' lang='lat' dir='ltr'><strong>peorp.</strong></span> <span class='ocrx_word' id='word_1_184' title='bbox 706 1928 729 1988; x_wconf 83' lang='lat' dir='ltr'><strong><em>J</em></strong></span> <span class='ocrx_word' id='word_1_185' title='bbox 747 1927 823 1988; x_wconf 77' lang='grc'><em>388);</em></span> <span class='ocrx_word' id='word_1_186' title='bbox 842 1928 911 1978; x_wconf 90' lang='lat' dir='ltr'><strong>Tum</strong></span> <span class='ocrx_word' id='word_1_187' title='bbox 930 1928 1025 1977; x_wconf 86' lang='lat' dir='ltr'><strong>cornix</strong></span> <span class='ocrx_word' id='word_1_188' title='bbox 1042 1927 1126 1992; x_wconf 90' lang='lat' dir='ltr'><strong>plena</strong></span> <span class='ocrx_word' id='word_1_189' title='bbox 1144 1926 1266 1992; x_wconf 85' lang='lat' dir='ltr'><strong>pluuium</strong></span> 
     </span>
     <span class='ocr_line' id='line_1_23' title="bbox 134 1993 1266 2062; baseline 0.001 -19"><span class='ocrx_word' id='word_1_190' title='bbox 134 1999 216 2044; x_wconf 86' lang='lat' dir='ltr'><strong>noest</strong></span> <span class='ocrx_word' id='word_1_191' title='bbox 241 1995 366 2062; x_wconf 89' lang='lat' dir='ltr'><strong>improba</strong></span> <span class='ocrx_word' id='word_1_192' title='bbox 387 1993 477 2046; x_wconf 87' lang='lat' dir='ltr'><strong>uoce.&#39;</strong></span> <span class='ocrx_word' id='word_1_193' title='bbox 516 1996 562 2044; x_wconf 79' lang='lat'><strong>47:</strong></span> <span class='ocrx_word' id='word_1_194' title='bbox 588 1995 683 2046; x_wconf 86' lang='lat' dir='ltr'><strong>‘Picus</strong></span> <span class='ocrx_word' id='word_1_195' title='bbox 711 1996 815 2048; x_wconf 91' lang='lat' dir='ltr'><strong>aPico</strong></span> <span class='ocrx_word' id='word_1_196' title='bbox 839 1995 950 2045; x_wconf 78' lang='lat' dir='ltr'><strong>Saturni</strong></span> <span class='ocrx_word' id='word_1_197' title='bbox 974 1994 1030 2044; x_wconf 85' lang='lat' dir='ltr'><strong>filio</strong></span> <span class='ocrx_word' id='word_1_198' title='bbox 1054 2011 1153 2046; x_wconf 89' lang='lat' dir='ltr'><strong>nomen</strong></span> <span class='ocrx_word' id='word_1_199' title='bbox 1177 2009 1266 2060; x_wconf 90' lang='lat' dir='ltr'><strong>sump-</strong></span> 
     </span>
     <span class='ocr_line' id='line_1_24' title="bbox 134 2062 1268 2128; baseline 0.001 -17"><span class='ocrx_word' id='word_1_200' title='bbox 134 2062 178 2122; x_wconf 86' lang='lat' dir='ltr'><strong>sit,</strong></span> <span class='ocrx_word' id='word_1_201' title='bbox 198 2079 230 2112; x_wconf 92' lang='lat' dir='ltr'><strong>eo</strong></span> <span class='ocrx_word' id='word_1_202' title='bbox 250 2063 320 2127; x_wconf 92' lang='lat' dir='ltr'><strong>quod</strong></span> <span class='ocrx_word' id='word_1_203' title='bbox 339 2079 373 2112; x_wconf 89' lang='lat' dir='ltr'><strong>sa</strong></span> <span class='ocrx_word' id='word_1_204' title='bbox 391 2063 419 2112; x_wconf 92' lang='lat' dir='ltr'><strong>in</strong></span> <span class='ocrx_word' id='word_1_205' title='bbox 438 2063 571 2128; x_wconf 79' lang='lat' dir='ltr'><strong>auspiciis</strong></span> <span class='ocrx_word' id='word_1_206' title='bbox 588 2065 726 2114; x_wconf 88' lang='lat' dir='ltr'><strong>utebatur.</strong></span> <span class='ocrx_word' id='word_1_207' title='bbox 760 2080 825 2114; x_wconf 90' lang='lat' dir='ltr'><strong>narn</strong></span> <span class='ocrx_word' id='word_1_208' title='bbox 842 2064 935 2114; x_wconf 80' lang='lat' dir='ltr'><strong>ierunt</strong></span> <span class='ocrx_word' id='word_1_209' title='bbox 951 2062 1023 2113; x_wconf 90' lang='lat' dir='ltr'><strong>hanc</strong></span> <span class='ocrx_word' id='word_1_210' title='bbox 1042 2079 1121 2112; x_wconf 86' lang='lat' dir='ltr'><strong>auem</strong></span> <span class='ocrx_word' id='word_1_211' title='bbox 1140 2063 1268 2128; x_wconf 85' lang='lat' dir='ltr'><strong>quiddam</strong></span> 
     </span>
     <span class='ocr_line' id='line_1_25' title="bbox 133 2129 1267 2198; baseline 0.002 -20"><span class='ocrx_word' id='word_1_212' title='bbox 133 2129 236 2180; x_wconf 88' lang='lat' dir='ltr'><strong>habers</strong></span> <span class='ocrx_word' id='word_1_213' title='bbox 260 2130 395 2188; x_wconf 85' lang='lat' dir='ltr'><strong>diuinum,</strong></span> <span class='ocrx_word' id='word_1_214' title='bbox 419 2131 467 2181; x_wconf 93' lang='lat' dir='ltr'><strong>illo</strong></span> <span class='ocrx_word' id='word_1_215' title='bbox 490 2131 593 2182; x_wconf 89' lang='lat' dir='ltr'><strong>indicio</strong></span> <span class='ocrx_word' id='word_1_216' title='bbox 617 2133 686 2196; x_wconf 91' lang='lat' dir='ltr'><strong>quod</strong></span> <span class='ocrx_word' id='word_1_217' title='bbox 709 2133 738 2182; x_wconf 92' lang='lat' dir='ltr'><strong>in</strong></span> <span class='ocrx_word' id='word_1_218' title='bbox 761 2147 929 2198; x_wconf 88' lang='lat' dir='ltr'><strong>quacumque</strong></span> <span class='ocrx_word' id='word_1_219' title='bbox 954 2131 1049 2181; x_wconf 89' lang='lat' dir='ltr'><strong>arbore</strong></span> <span class='ocrx_word' id='word_1_220' title='bbox 1072 2131 1267 2194; x_wconf 82' lang='lat' dir='ltr'><strong>nidificauerit,</strong></span> 
     </span>
     <span class='ocr_line' id='line_1_26' title="bbox 135 2198 1268 2264; baseline 0.002 -18"><span class='ocrx_word' id='word_1_221' title='bbox 135 2198 230 2248; x_wconf 87' lang='lat' dir='ltr'><strong>elanus</strong></span> <span class='ocrx_word' id='word_1_222' title='bbox 254 2199 299 2248; x_wconf 89' lang='lat' dir='ltr'><strong>nel</strong></span> <span class='ocrx_word' id='word_1_223' title='bbox 323 2199 454 2264; x_wconf 89' lang='lat' dir='ltr'><strong>quidquid</strong></span> <span class='ocrx_word' id='word_1_224' title='bbox 478 2199 552 2248; x_wconf 91' lang='lat' dir='ltr'><strong>aliud</strong></span> <span class='ocrx_word' id='word_1_225' title='bbox 576 2198 657 2250; x_wconf 83' lang='lat' dir='ltr'><strong>fixura</strong></span> <span class='ocrx_word' id='word_1_226' title='bbox 681 2201 764 2249; x_wconf 88' lang='lat' dir='ltr'><strong>inerit</strong></span> <span class='ocrx_word' id='word_1_227' title='bbox 787 2199 834 2250; x_wconf 88' lang='lat' dir='ltr'><strong>diu</strong></span> <span class='ocrx_word' id='word_1_228' title='bbox 857 2200 971 2249; x_wconf 86' lang='lat' dir='ltr'><strong>haerere</strong></span> <span class='ocrx_word' id='word_1_229' title='bbox 996 2213 1049 2248; x_wconf 90' lang='lat' dir='ltr'><strong>nou</strong></span> <span class='ocrx_word' id='word_1_230' title='bbox 1073 2200 1172 2264; x_wconf 87' lang='lat' dir='ltr'><strong>possit,</strong></span> <span class='ocrx_word' id='word_1_231' title='bbox 1202 2199 1268 2264; x_wconf 90' lang='lat' dir='ltr'><strong>quin</strong></span> 
     </span>
     <span class='ocr_line' id='line_1_27' title="bbox 135 2266 1269 2333; baseline 0 -17"><span class='ocrx_word' id='word_1_232' title='bbox 135 2267 227 2316; x_wconf 90' lang='lat' dir='ltr'><strong>statim</strong></span> <span class='ocrx_word' id='word_1_233' title='bbox 247 2267 370 2329; x_wconf 85' lang='lat' dir='ltr'><strong>excidat,</strong></span> <span class='ocrx_word' id='word_1_234' title='bbox 394 2267 442 2317; x_wconf 89' lang='lat' dir='ltr'><strong>ubi</strong></span> <span class='ocrx_word' id='word_1_235' title='bbox 461 2283 495 2317; x_wconf 88' lang='lat' dir='ltr'><strong>ea</strong></span> <span class='ocrx_word' id='word_1_236' title='bbox 512 2268 654 2318; x_wconf 86' lang='lat' dir='ltr'><strong>insederit.</strong></span> <span class='ocrx_word' id='word_1_237' title='bbox 683 2269 736 2318; x_wconf 90' lang='lat' dir='ltr'><strong>iste</strong></span> <span class='ocrx_word' id='word_1_238' title='bbox 761 2273 803 2318; x_wconf 87' lang='lat' dir='ltr'><strong>est</strong></span> <span class='ocrx_word' id='word_1_239' title='bbox 821 2269 898 2333; x_wconf 89' lang='lat' dir='ltr'><strong>picus</strong></span> <span class='ocrx_word' id='word_1_240' title='bbox 916 2266 1048 2328; x_wconf 88' lang='lat' dir='ltr'><strong>Martius;</strong></span> <span class='ocrx_word' id='word_1_241' title='bbox 1068 2283 1132 2315; x_wconf 90' lang='lat' dir='ltr'><strong>nam</strong></span> <span class='ocrx_word' id='word_1_242' title='bbox 1150 2266 1269 2318; x_wconf 83' lang='lat' dir='ltr'><strong>aliaest</strong></span> 
     </span>
     <span class='ocr_line' id='line_1_28' title="bbox 135 2333 1269 2400; baseline 0.002 -18"><span class='ocrx_word' id='word_1_243' title='bbox 135 2333 216 2398; x_wconf 64' lang='lat' dir='ltr'><strong>pies)</strong></span> <span class='ocrx_word' id='word_1_244' title='bbox 248 2333 295 2384; x_wconf 83' lang='lat' dir='ltr'><strong>al:</strong></span> <span class='ocrx_word' id='word_1_245' title='bbox 319 2333 402 2384; x_wconf 81' lang='lat' dir='ltr'><strong>‘Anas</strong></span> <span class='ocrx_word' id='word_1_246' title='bbox 422 2336 457 2384; x_wconf 90' lang='lat' dir='ltr'><strong>ab</strong></span> <span class='ocrx_word' id='word_1_247' title='bbox 477 2335 641 2385; x_wconf 76' lang='lat' dir='ltr'><strong>assiduitate</strong></span> <span class='ocrx_word' id='word_1_248' title='bbox 659 2335 775 2386; x_wconf 89' lang='lat' dir='ltr'><strong>natandi</strong></span> <span class='ocrx_word' id='word_1_249' title='bbox 794 2340 887 2400; x_wconf 89' lang='lat' dir='ltr'><strong>aptum</strong></span> <span class='ocrx_word' id='word_1_250' title='bbox 904 2349 1002 2384; x_wconf 87' lang='lat' dir='ltr'><strong>nornen</strong></span> <span class='ocrx_word' id='word_1_251' title='bbox 1016 2335 1134 2400; x_wconf 88' lang='lat' dir='ltr'><strong>accepit.</strong></span> <span class='ocrx_word' id='word_1_252' title='bbox 1171 2350 1269 2400; x_wconf 82' lang='lat' dir='ltr'><strong>exque</strong></span> 
     </span>
     <span class='ocr_line' id='line_1_29' title="bbox 135 2400 1267 2468; baseline 0.001 -17"><span class='ocrx_word' id='word_1_253' title='bbox 135 2417 235 2464; x_wconf 66' lang='lat' dir='ltr'><strong>genere</strong></span> <span class='ocrx_word' id='word_1_254' title='bbox 255 2404 390 2468; x_wconf 88' lang='lat' dir='ltr'><strong>quaedam</strong></span> <span class='ocrx_word' id='word_1_255' title='bbox 408 2419 556 2468; x_wconf 80' lang='lat' dir='ltr'><strong>germanae</strong></span> <span class='ocrx_word' id='word_1_256' title='bbox 584 2403 724 2466; x_wconf 88' lang='lat' dir='ltr'><strong>dicuntur,</strong></span> <span class='ocrx_word' id='word_1_257' title='bbox 750 2403 821 2468; x_wconf 91' lang='lat' dir='ltr'><strong>quod</strong></span> <span class='ocrx_word' id='word_1_258' title='bbox 845 2403 904 2468; x_wconf 90' lang='lat' dir='ltr'><strong>plus</strong></span> <span class='ocrx_word' id='word_1_259' title='bbox 928 2403 1029 2452; x_wconf 90' lang='lat' dir='ltr'><strong>ceteris</strong></span> <span class='ocrx_word' id='word_1_260' title='bbox 1052 2400 1195 2452; x_wconf 85' lang='lat' dir='ltr'><strong>nutriant&#39;</strong></span> <span class='ocrx_word' id='word_1_261' title='bbox 1231 2402 1267 2452; x_wconf 84' lang='lat' dir='ltr'><strong>ei.</strong></span> 
     </span>
     <span class='ocr_line' id='line_1_30' title="bbox 134 2469 1270 2537; baseline 0 -18"><span class='ocrx_word' id='word_1_262' title='bbox 134 2469 220 2520; x_wconf 78' lang='lat' dir='ltr'><strong>Varro</strong></span> <span class='ocrx_word' id='word_1_263' title='bbox 243 2472 275 2520; x_wconf 89' lang='lat' dir='ltr'><strong>L.</strong></span> <span class='ocrx_word' id='word_1_264' title='bbox 296 2471 328 2520; x_wconf 84' lang='lat' dir='ltr'><strong>b.</strong></span> <span class='ocrx_word' id='word_1_265' title='bbox 353 2471 377 2520; x_wconf 85' lang='lat' dir='ltr'>V</span> <span class='ocrx_word' id='word_1_266' title='bbox 401 2469 442 2520; x_wconf 81' lang='lat'><strong>78.</strong></span> <span class='ocrx_word' id='word_1_267' title='bbox 483 2469 517 2520; x_wconf 82' lang='lat'><strong>60</strong></span> <span class='ocrx_word' id='word_1_268' title='bbox 535 2487 590 2537; x_wconf 86' lang='lat' dir='ltr'><strong>sq:</strong></span> <span class='ocrx_word' id='word_1_269' title='bbox 614 2471 725 2521; x_wconf 90' lang='lat' dir='ltr'><strong>‘Turtur</strong></span> <span class='ocrx_word' id='word_1_270' title='bbox 745 2471 779 2520; x_wconf 90' lang='lat' dir='ltr'><strong>de</strong></span> <span class='ocrx_word' id='word_1_271' title='bbox 802 2485 869 2520; x_wconf 88' lang='lat' dir='ltr'><strong>uoce</strong></span> <span class='ocrx_word' id='word_1_272' title='bbox 888 2474 1018 2530; x_wconf 88' lang='lat' dir='ltr'><strong>necatur,</strong></span> <span class='ocrx_word' id='word_1_273' title='bbox 1045 2471 1105 2519; x_wconf 89' lang='lat' dir='ltr'><strong>auis</strong></span> <span class='ocrx_word' id='word_1_274' title='bbox 1123 2470 1223 2536; x_wconf 88' lang='lat' dir='ltr'><strong>pudica</strong></span> <span class='ocrx_word' id='word_1_275' title='bbox 1242 2473 1270 2519; x_wconf 92' lang='lat' dir='ltr'><strong>et</strong></span> 
     </span>
     <span class='ocr_line' id='line_1_31' title="bbox 136 2528 1269 2605; baseline -0.001 -18"><span class='ocrx_word' id='word_1_276' title='bbox 136 2553 244 2603; x_wconf 86' lang='lat' dir='ltr'><strong>semper</strong></span> <span class='ocrx_word' id='word_1_277' title='bbox 263 2541 291 2588; x_wconf 92' lang='lat' dir='ltr'><strong>in</strong></span> <span class='ocrx_word' id='word_1_278' title='bbox 310 2539 440 2589; x_wconf 91' lang='lat' dir='ltr'><strong>montium</strong></span> <span class='ocrx_word' id='word_1_279' title='bbox 458 2539 531 2605; x_wconf 78' lang='lat' dir='ltr'><strong>iugis</strong></span> <span class='ocrx_word' id='word_1_280' title='bbox 550 2545 577 2589; x_wconf 88' lang='lat' dir='ltr'><strong>et</strong></span> <span class='ocrx_word' id='word_1_281' title='bbox 595 2539 623 2589; x_wconf 90' lang='lat' dir='ltr'><strong>in</strong></span> <span class='ocrx_word' id='word_1_282' title='bbox 641 2539 758 2590; x_wconf 85' lang='lat' dir='ltr'><strong>desertis</strong></span> <span class='ocrx_word' id='word_1_283' title='bbox 776 2539 971 2589; x_wconf 83' lang='lat' dir='ltr'><strong>solitudinibus</strong></span> <span class='ocrx_word' id='word_1_284' title='bbox 984 2528 1163 2588; x_wconf 58' lang='lat' dir='ltr'><strong>commorans.</strong></span> <span class='ocrx_word' id='word_1_285' title='bbox 1193 2543 1269 2588; x_wconf 85' lang='lat' dir='ltr'><strong>tecta</strong></span> 
     </span>
     <span class='ocr_line' id='line_1_32' title="bbox 137 2606 1268 2672; baseline 0.001 -18"><span class='ocrx_word' id='word_1_286' title='bbox 137 2606 207 2655; x_wconf 88' lang='lat' dir='ltr'><strong>enim</strong></span> <span class='ocrx_word' id='word_1_287' title='bbox 225 2607 365 2656; x_wconf 86' lang='lat' dir='ltr'><strong>hominnm</strong></span> <span class='ocrx_word' id='word_1_288' title='bbox 384 2612 411 2656; x_wconf 91' lang='lat' dir='ltr'><strong>et</strong></span> <span class='ocrx_word' id='word_1_289' title='bbox 430 2607 669 2658; x_wconf 87' lang='lat' dir='ltr'><strong>conuersationem</strong></span> <span class='ocrx_word' id='word_1_290' title='bbox 687 2608 768 2672; x_wconf 79' lang='lat' dir='ltr'><strong>sugit,</strong></span> <span class='ocrx_word' id='word_1_291' title='bbox 788 2615 816 2656; x_wconf 90' lang='lat' dir='ltr'><strong>et</strong></span> <span class='ocrx_word' id='word_1_292' title='bbox 833 2610 1015 2656; x_wconf 87' lang='lat' dir='ltr'><strong>commoratur</strong></span> <span class='ocrx_word' id='word_1_293' title='bbox 1032 2607 1060 2655; x_wconf 90' lang='lat' dir='ltr'><strong>ia</strong></span> <span class='ocrx_word' id='word_1_294' title='bbox 1078 2606 1164 2656; x_wconf 86' lang='lat' dir='ltr'><strong>siluis.</strong></span> <span class='ocrx_word' id='word_1_295' title='bbox 1199 2621 1268 2671; x_wconf 90' lang='lat' dir='ltr'><strong>quae</strong></span> 
     </span>
     <span class='ocr_line' id='line_1_33' title="bbox 137 2673 1269 2740; baseline 0 -17"><span class='ocrx_word' id='word_1_296' title='bbox 137 2675 219 2724; x_wconf 83' lang='lat' dir='ltr'><strong>etiam</strong></span> <span class='ocrx_word' id='word_1_297' title='bbox 239 2675 329 2724; x_wconf 88' lang='lat' dir='ltr'><strong>hicme</strong></span> <span class='ocrx_word' id='word_1_298' title='bbox 348 2673 507 2740; x_wconf 86' lang='lat' dir='ltr'><strong>deplumata</strong></span> <span class='ocrx_word' id='word_1_299' title='bbox 525 2675 675 2726; x_wconf 89' lang='lat' dir='ltr'><strong>intraneis</strong></span> <span class='ocrx_word' id='word_1_300' title='bbox 694 2677 820 2725; x_wconf 89' lang='lat' dir='ltr'><strong>arborum</strong></span> <span class='ocrx_word' id='word_1_301' title='bbox 839 2675 969 2724; x_wconf 91' lang='lat' dir='ltr'><strong>coucauis</strong></span> <span class='ocrx_word' id='word_1_302' title='bbox 991 2673 1118 2724; x_wconf 87' lang='lat' dir='ltr'><strong>babitare</strong></span> <span class='ocrx_word' id='word_1_303' title='bbox 1142 2674 1269 2740; x_wconf 89' lang='lat' dir='ltr'><strong>perhibe·</strong></span> 
     </span>
     <span class='ocr_line' id='line_1_34' title="bbox 135 2733 1309 2808; baseline 0.003 -18"><span class='ocrx_word' id='word_1_304' title='bbox 135 2747 185 2791; x_wconf 87' lang='lat' dir='ltr'><strong>tar.</strong></span> <span class='ocrx_word' id='word_1_305' title='bbox 223 2743 302 2792; x_wconf 88' lang='lat' dir='ltr'><strong>caius</strong></span> <span class='ocrx_word' id='word_1_306' title='bbox 322 2759 336 2792; x_wconf 90' lang='lat' dir='ltr'><strong>a</strong></span> <span class='ocrx_word' id='word_1_307' title='bbox 356 2744 494 2794; x_wconf 91' lang='lat' dir='ltr'><strong>contrario</strong></span> <span class='ocrx_word' id='word_1_308' title='bbox 513 2743 638 2794; x_wconf 89' lang='lat' dir='ltr'><strong>columba</strong></span> <span class='ocrx_word' id='word_1_309' title='bbox 661 2743 781 2808; x_wconf 91' lang='lat' dir='ltr'><strong>hospitia</strong></span> <span class='ocrx_word' id='word_1_310' title='bbox 803 2743 923 2792; x_wconf 88' lang='lat' dir='ltr'><strong>humana</strong></span> <span class='ocrx_word' id='word_1_311' title='bbox 945 2741 1037 2808; x_wconf 83' lang='lat' dir='ltr'><strong>diligit</strong></span> <span class='ocrx_word' id='word_1_312' title='bbox 1054 2756 1161 2808; x_wconf 85' lang='lat' dir='ltr'><strong>semper</strong></span> <span class='ocrx_word' id='word_1_313' title='bbox 1178 2741 1269 2794; x_wconf 91' lang='lat' dir='ltr'><strong>domo·</strong></span> <span class='ocrx_word' id='word_1_314' title='bbox 1301 2733 1309 2754; x_wconf 81' lang='lat'>⁸</span> 
     </span>
     <span class='ocr_line' id='line_1_35' title="bbox 135 2809 1269 2876; baseline 0.001 -17"><span class='ocrx_word' id='word_1_315' title='bbox 135 2825 191 2859; x_wconf 87' lang='lat' dir='ltr'><strong>rum</strong></span> <span class='ocrx_word' id='word_1_316' title='bbox 214 2809 319 2860; x_wconf 87' lang='lat' dir='ltr'><strong>blanda</strong></span> <span class='ocrx_word' id='word_1_317' title='bbox 341 2811 501 2860; x_wconf 85' lang='lat' dir='ltr'><strong>habitatrix.</strong></span> <span class='ocrx_word' id='word_1_318' title='bbox 543 2811 684 2861; x_wconf 86' lang='lat' dir='ltr'><strong>columbae</strong></span> <span class='ocrx_word' id='word_1_319' title='bbox 703 2812 811 2872; x_wconf 89' lang='lat' dir='ltr'><strong>diotae,</strong></span> <span class='ocrx_word' id='word_1_320' title='bbox 834 2810 906 2876; x_wconf 91' lang='lat' dir='ltr'><strong>quod</strong></span> <span class='ocrx_word' id='word_1_321' title='bbox 923 2825 1016 2860; x_wconf 87' lang='lat' dir='ltr'><strong>earnm</strong></span> <span class='ocrx_word' id='word_1_322' title='bbox 1034 2810 1107 2860; x_wconf 89' lang='lat' dir='ltr'><strong>eolla</strong></span> <span class='ocrx_word' id='word_1_323' title='bbox 1126 2810 1160 2861; x_wconf 90' lang='lat' dir='ltr'><strong>ad</strong></span> <span class='ocrx_word' id='word_1_324' title='bbox 1178 2811 1269 2876; x_wconf 79' lang='lat' dir='ltr'><strong>singu-</strong></span> 
     </span>
     <span class='ocr_line' id='line_1_36' title="bbox 134 2876 1270 2942; baseline 0.001 -15"><span class='ocrx_word' id='word_1_325' title='bbox 134 2876 174 2928; x_wconf 89' lang='lat' dir='ltr'><strong>las</strong></span> <span class='ocrx_word' id='word_1_326' title='bbox 192 2879 390 2928; x_wconf 88' lang='lat' dir='ltr'><strong>conuersiones</strong></span> <span class='ocrx_word' id='word_1_327' title='bbox 409 2879 514 2929; x_wconf 89' lang='lat' dir='ltr'><strong>colores</strong></span> <span class='ocrx_word' id='word_1_328' title='bbox 531 2885 651 2942; x_wconf 88' lang='lat' dir='ltr'><strong>mutent,</strong></span> <span class='ocrx_word' id='word_1_329' title='bbox 671 2893 737 2931; x_wconf 88' lang='lat' dir='ltr'><strong>aues</strong></span> <span class='ocrx_word' id='word_1_330' title='bbox 755 2885 914 2930; x_wconf 85' lang='lat' dir='ltr'><strong>mansuetae</strong></span> <span class='ocrx_word' id='word_1_331' title='bbox 934 2883 962 2928; x_wconf 91' lang='lat' dir='ltr'><strong>et</strong></span> <span class='ocrx_word' id='word_1_332' title='bbox 977 2879 1007 2928; x_wconf 91' lang='lat' dir='ltr'><strong>in</strong></span> <span class='ocrx_word' id='word_1_333' title='bbox 1024 2878 1162 2930; x_wconf 87' lang='lat' dir='ltr'><strong>hominurn</strong></span> <span class='ocrx_word' id='word_1_334' title='bbox 1179 2878 1270 2930; x_wconf 90' lang='lat' dir='ltr'><strong>multi·</strong></span> 
     </span>
     <span class='ocr_line' id='line_1_37' title="bbox 134 2947 1269 3013; baseline 0.003 -18"><span class='ocrx_word' id='word_1_335' title='bbox 134 2947 228 2996; x_wconf 87' lang='lat' dir='ltr'><strong>tudine</strong></span> <span class='ocrx_word' id='word_1_336' title='bbox 249 2953 456 3008; x_wconf 88' lang='lat' dir='ltr'><strong>eouuersantes,</strong></span> <span class='ocrx_word' id='word_1_337' title='bbox 476 2963 508 2996; x_wconf 89' lang='lat' dir='ltr'><strong>ae</strong></span> <span class='ocrx_word' id='word_1_338' title='bbox 527 2949 586 2998; x_wconf 90' lang='lat' dir='ltr'><strong>sine</strong></span> <span class='ocrx_word' id='word_1_339' title='bbox 606 2947 685 3010; x_wconf 84' lang='lat' dir='ltr'><strong>felle,</strong></span> <span class='ocrx_word' id='word_1_340' title='bbox 705 2963 771 3013; x_wconf 89' lang='lat' dir='ltr'><strong>qnas</strong></span> <span class='ocrx_word' id='word_1_341' title='bbox 791 2947 896 3012; x_wconf 86' lang='lat' dir='ltr'><strong>antiqui</strong></span> <span class='ocrx_word' id='word_1_342' title='bbox 914 2947 1042 2998; x_wconf 87' lang='lat' dir='ltr'><strong>uenerias</strong></span> <span class='ocrx_word' id='word_1_343' title='bbox 1064 2949 1269 3013; x_wconf 89' lang='lat' dir='ltr'><strong>nuncupabant,</strong></span> 
     </span>
     <span class='ocr_line' id='line_1_38' title="bbox 136 3013 1270 3080; baseline 0.003 -17"><span class='ocrx_word' id='word_1_344' title='bbox 136 3029 166 3064; x_wconf 91' lang='lat' dir='ltr'><strong>eo</strong></span> <span class='ocrx_word' id='word_1_345' title='bbox 184 3015 257 3079; x_wconf 88' lang='lat' dir='ltr'><strong>qnod</strong></span> <span class='ocrx_word' id='word_1_346' title='bbox 274 3015 353 3064; x_wconf 88' lang='lat' dir='ltr'><strong>uides</strong></span> <span class='ocrx_word' id='word_1_347' title='bbox 371 3014 548 3079; x_wconf 78' lang='lat' dir='ltr'><strong>frequentent</strong></span> <span class='ocrx_word' id='word_1_348' title='bbox 571 3020 598 3065; x_wconf 89' lang='lat' dir='ltr'><strong>et</strong></span> <span class='ocrx_word' id='word_1_349' title='bbox 615 3016 708 3066; x_wconf 89' lang='lat' dir='ltr'><strong>osculo</strong></span> <span class='ocrx_word' id='word_1_350' title='bbox 732 3031 850 3067; x_wconf 87' lang='lat' dir='ltr'><strong>amorem</strong></span> <span class='ocrx_word' id='word_1_351' title='bbox 876 3014 1052 3080; x_wconf 86' lang='lat' dir='ltr'><strong>concipiant.’</strong></span> <span class='ocrx_word' id='word_1_352' title='bbox 1087 3013 1133 3066; x_wconf 79' lang='lat'><strong>69:</strong></span> <span class='ocrx_word' id='word_1_353' title='bbox 1154 3017 1270 3066; x_wconf 87' lang='lat' dir='ltr'><strong>‘Merula</strong></span> 
     </span>
     <span class='ocr_line' id='line_1_39' title="bbox 136 3082 1270 3148; baseline 0.003 -17"><span class='ocrx_word' id='word_1_354' title='bbox 136 3084 287 3148; x_wconf 83' lang='lat' dir='ltr'><strong>antiquitus</strong></span> <span class='ocrx_word' id='word_1_355' title='bbox 300 3082 409 3133; x_wconf 87' lang='lat' dir='ltr'><strong>medula</strong></span> <span class='ocrx_word' id='word_1_356' title='bbox 426 3083 586 3144; x_wconf 86' lang='lat' dir='ltr'><strong>uocabatur,</strong></span> <span class='ocrx_word' id='word_1_357' title='bbox 607 3099 639 3134; x_wconf 92' lang='lat' dir='ltr'><strong>eo</strong></span> <span class='ocrx_word' id='word_1_358' title='bbox 658 3085 729 3148; x_wconf 89' lang='lat' dir='ltr'><strong>qnod</strong></span> <span class='ocrx_word' id='word_1_359' title='bbox 746 3085 906 3134; x_wconf 89' lang='lat' dir='ltr'><strong>moduletur.</strong></span> <span class='ocrx_word' id='word_1_360' title='bbox 937 3083 986 3134; x_wconf 90' lang='lat' dir='ltr'><strong>alii</strong></span> <span class='ocrx_word' id='word_1_361' title='bbox 999 3083 1129 3134; x_wconf 89' lang='lat' dir='ltr'><strong>morulam</strong></span> <span class='ocrx_word' id='word_1_362' title='bbox 1141 3089 1270 3134; x_wconf 88' lang='lat' dir='ltr'><strong>uocatam</strong></span> 
     </span>
     <span class='ocr_line' id='line_1_40' title="bbox 135 3151 1270 3216; baseline 0.004 -18"><span class='ocrx_word' id='word_1_363' title='bbox 135 3151 218 3212; x_wconf 89' lang='lat' dir='ltr'><strong>aiant,</strong></span> <span class='ocrx_word' id='word_1_364' title='bbox 239 3152 306 3215; x_wconf 89' lang='lat' dir='ltr'><strong>qaia</strong></span> <span class='ocrx_word' id='word_1_365' title='bbox 323 3151 382 3200; x_wconf 87' lang='lat' dir='ltr'><strong>sola</strong></span> <span class='ocrx_word' id='word_1_366' title='bbox 400 3151 490 3214; x_wconf 86' lang='lat' dir='ltr'><strong>uolat,</strong></span> <span class='ocrx_word' id='word_1_367' title='bbox 509 3153 587 3216; x_wconf 85' lang='lat' dir='ltr'><strong>qnasi</strong></span> <span class='ocrx_word' id='word_1_368' title='bbox 607 3167 681 3202; x_wconf 89' lang='lat' dir='ltr'><strong>mera</strong></span> <span class='ocrx_word' id='word_1_369' title='bbox 698 3153 803 3202; x_wconf 89' lang='lat' dir='ltr'><strong>uolaus.</strong></span> <span class='ocrx_word' id='word_1_370' title='bbox 838 3151 909 3202; x_wconf 90' lang='lat' dir='ltr'><strong>haec</strong></span> <span class='ocrx_word' id='word_1_371' title='bbox 928 3167 988 3202; x_wconf 90' lang='lat' dir='ltr'><strong>eum</strong></span> <span class='ocrx_word' id='word_1_372' title='bbox 1011 3153 1040 3201; x_wconf 90' lang='lat' dir='ltr'><strong>in</strong></span> <span class='ocrx_word' id='word_1_373' title='bbox 1058 3153 1183 3202; x_wconf 88' lang='lat' dir='ltr'><strong>omnibns</strong></span> <span class='ocrx_word' id='word_1_374' title='bbox 1200 3153 1270 3204; x_wconf 90' lang='lat' dir='ltr'><strong>loeis</strong></span> 
     </span>
     <span class='ocr_line' id='line_1_41' title="bbox 134 3217 1270 3284; baseline 0.003 -17"><span class='ocrx_word' id='word_1_375' title='bbox 134 3219 212 3284; x_wconf 77' lang='lat' dir='ltr'><strong>nigra</strong></span> <span class='ocrx_word' id='word_1_376' title='bbox 235 3220 286 3273; x_wconf 87' lang='lat' dir='ltr'><strong>sit.</strong></span> <span class='ocrx_word' id='word_1_377' title='bbox 312 3219 340 3268; x_wconf 89' lang='lat' dir='ltr'><strong>in</strong></span> <span class='ocrx_word' id='word_1_378' title='bbox 358 3219 465 3268; x_wconf 79' lang='lat' dir='ltr'><strong>Achaia</strong></span> <span class='ocrx_word' id='word_1_379' title='bbox 488 3219 607 3269; x_wconf 88' lang='lat' dir='ltr'><strong>eandida</strong></span> <span class='ocrx_word' id='word_1_380' title='bbox 626 3219 686 3270; x_wconf 88' lang='lat' dir='ltr'><strong>est.&#39;</strong></span> <span class='ocrx_word' id='word_1_381' title='bbox 722 3221 759 3270; x_wconf 81' lang='lat' dir='ltr'><strong>ci.</strong></span> <span class='ocrx_word' id='word_1_382' title='bbox 777 3221 864 3270; x_wconf 89' lang='lat' dir='ltr'><strong>Varro</strong></span> <span class='ocrx_word' id='word_1_383' title='bbox 881 3221 912 3270; x_wconf 91' lang='lat' dir='ltr'><strong>L.</strong></span> <span class='ocrx_word' id='word_1_384' title='bbox 931 3221 963 3270; x_wconf 87' lang='lat' dir='ltr'><strong>L.</strong></span> <span class='ocrx_word' id='word_1_385' title='bbox 982 3221 1006 3270; x_wconf 89' lang='lat' dir='ltr'>V</span> <span class='ocrx_word' id='word_1_386' title='bbox 1023 3217 1056 3269; x_wconf 80' lang='grc'><strong>76</strong></span> <span class='ocrx_word' id='word_1_387' title='bbox 1073 3220 1175 3270; x_wconf 88' lang='lat' dir='ltr'><strong>Paulus</strong></span> <span class='ocrx_word' id='word_1_388' title='bbox 1193 3221 1270 3270; x_wconf 81' lang='lat' dir='ltr'><strong>Festi</strong></span> 
     </span>
     <span class='ocr_line' id='line_1_42' title="bbox 135 3285 1269 3354; baseline 0.003 -19"><span class='ocrx_word' id='word_1_389' title='bbox 135 3300 153 3334; x_wconf 92' lang='lat' dir='ltr'><strong>s.</strong></span> <span class='ocrx_word' id='word_1_390' title='bbox 172 3303 198 3336; x_wconf 84' lang='lat' dir='ltr'><strong>r.</strong></span> <span class='ocrx_word' id='word_1_391' title='bbox 217 3301 323 3336; x_wconf 88' lang='lat' dir='ltr'><strong>merum</strong></span> <span class='ocrx_word' id='word_1_392' title='bbox 346 3303 371 3352; x_wconf 93' lang='lat' dir='ltr'><strong>p.</strong></span> <span class='ocrx_word' id='word_1_393' title='bbox 389 3285 423 3336; x_wconf 86' lang='lat'><strong>84</strong></span> <span class='ocrx_word' id='word_1_394' title='bbox 441 3287 555 3348; x_wconf 85' lang='lat' dir='ltr'><strong>Quintil.</strong></span> <span class='ocrx_word' id='word_1_395' title='bbox 580 3285 634 3350; x_wconf 80' lang='lat'><strong>16,</strong></span> <span class='ocrx_word' id='word_1_396' title='bbox 654 3287 696 3340; x_wconf 87' lang='grc'><strong>38.</strong></span> <span class='ocrx_word' id='word_1_397' title='bbox 731 3288 777 3339; x_wconf 83' lang='lat'><strong>75:</strong></span> <span class='ocrx_word' id='word_1_398' title='bbox 802 3289 939 3354; x_wconf 80' lang='lat' dir='ltr'><strong>‘Augures</strong></span> <span class='ocrx_word' id='word_1_399' title='bbox 963 3294 1054 3338; x_wconf 90' lang='lat' dir='ltr'><strong>autem</strong></span> <span class='ocrx_word' id='word_1_400' title='bbox 1077 3289 1173 3338; x_wconf 89' lang='lat' dir='ltr'><strong>dicunt</strong></span> <span class='ocrx_word' id='word_1_401' title='bbox 1196 3293 1224 3338; x_wconf 90' lang='lat' dir='ltr'><strong>et</strong></span> <span class='ocrx_word' id='word_1_402' title='bbox 1241 3290 1269 3338; x_wconf 92' lang='lat' dir='ltr'><strong>in</strong></span> 
     </span>
     <span class='ocr_line' id='line_1_43' title="bbox 136 3355 1268 3421; baseline 0.001 -17"><span class='ocrx_word' id='word_1_403' title='bbox 136 3360 210 3416; x_wconf 67' lang='lat' dir='ltr'><strong>resta</strong></span> <span class='ocrx_word' id='word_1_404' title='bbox 230 3359 260 3404; x_wconf 88' lang='lat' dir='ltr'><strong>et</strong></span> <span class='ocrx_word' id='word_1_405' title='bbox 277 3355 305 3403; x_wconf 92' lang='lat' dir='ltr'><strong>in</strong></span> <span class='ocrx_word' id='word_1_406' title='bbox 330 3359 403 3406; x_wconf 91' lang='lat' dir='ltr'><strong>motu</strong></span> <span class='ocrx_word' id='word_1_407' title='bbox 427 3360 454 3404; x_wconf 88' lang='lat' dir='ltr'><strong>et</strong></span> <span class='ocrx_word' id='word_1_408' title='bbox 473 3356 500 3404; x_wconf 93' lang='lat' dir='ltr'><strong>in</strong></span> <span class='ocrx_word' id='word_1_409' title='bbox 518 3355 613 3406; x_wconf 90' lang='lat' dir='ltr'><strong>uolatu</strong></span> <span class='ocrx_word' id='word_1_410' title='bbox 637 3362 665 3406; x_wconf 89' lang='lat' dir='ltr'><strong>et</strong></span> <span class='ocrx_word' id='word_1_411' title='bbox 682 3357 710 3406; x_wconf 89' lang='lat' dir='ltr'><strong>iu</strong></span> <span class='ocrx_word' id='word_1_412' title='bbox 728 3373 796 3406; x_wconf 86' lang='lat' dir='ltr'><strong>uoce</strong></span> <span class='ocrx_word' id='word_1_413' title='bbox 816 3358 907 3406; x_wconf 90' lang='lat' dir='ltr'><strong>auium</strong></span> <span class='ocrx_word' id='word_1_414' title='bbox 931 3357 1011 3421; x_wconf 79' lang='lat' dir='ltr'><strong>sigua</strong></span> <span class='ocrx_word' id='word_1_415' title='bbox 1031 3371 1090 3406; x_wconf 86' lang='lat' dir='ltr'><strong>esse</strong></span> <span class='ocrx_word' id='word_1_416' title='bbox 1109 3357 1268 3406; x_wconf 87' lang='lat' dir='ltr'><strong>constituta.</strong></span> 
     </span>
     <span class='ocr_line' id='line_1_44' title="bbox 136 3424 1270 3490; baseline 0.002 -18"><span class='ocrx_word' id='word_1_417' title='bbox 136 3424 241 3472; x_wconf 88' lang='lat' dir='ltr'><strong>oscines</strong></span> <span class='ocrx_word' id='word_1_418' title='bbox 266 3437 333 3472; x_wconf 88' lang='lat' dir='ltr'><strong>anes</strong></span> <span class='ocrx_word' id='word_1_419' title='bbox 355 3427 470 3484; x_wconf 88' lang='lat' dir='ltr'><strong>uocant,</strong></span> <span class='ocrx_word' id='word_1_420' title='bbox 499 3439 568 3489; x_wconf 89' lang='lat' dir='ltr'><strong>quae</strong></span> <span class='ocrx_word' id='word_1_421' title='bbox 588 3439 633 3474; x_wconf 89' lang='lat' dir='ltr'><strong>ore</strong></span> <span class='ocrx_word' id='word_1_422' title='bbox 653 3429 789 3490; x_wconf 86' lang='lat' dir='ltr'><strong>cantuque</strong></span> <span class='ocrx_word' id='word_1_423' title='bbox 809 3425 960 3490; x_wconf 87' lang='lat' dir='ltr'><strong>auspicium</strong></span> <span class='ocrx_word' id='word_1_424' title='bbox 979 3425 1099 3484; x_wconf 82' lang='lat' dir='ltr'><strong>faciunt,</strong></span> <span class='ocrx_word' id='word_1_425' title='bbox 1124 3429 1155 3472; x_wconf 89' lang='lat' dir='ltr'><strong>nt</strong></span> <span class='ocrx_word' id='word_1_426' title='bbox 1172 3439 1270 3474; x_wconf 87' lang='lat' dir='ltr'><strong>cornus</strong></span> 
     </span>
     <span class='ocr_line' id='line_1_45' title="bbox 136 3489 1269 3556; baseline 0.002 -18"><span class='ocrx_word' id='word_1_427' title='bbox 136 3493 226 3542; x_wconf 83' lang='lat' dir='ltr'><strong>cornix</strong></span> <span class='ocrx_word' id='word_1_428' title='bbox 238 3491 328 3556; x_wconf 91' lang='lat' dir='ltr'><strong>picus.</strong></span> <span class='ocrx_word' id='word_1_429' title='bbox 342 3489 437 3550; x_wconf 87' lang='lat' dir='ltr'><strong>alites,</strong></span> <span class='ocrx_word' id='word_1_430' title='bbox 452 3505 521 3556; x_wconf 87' lang='lat' dir='ltr'><strong>quae</strong></span> <span class='ocrx_word' id='word_1_431' title='bbox 535 3491 629 3542; x_wconf 90' lang='lat' dir='ltr'><strong>uolatu</strong></span> <span class='ocrx_word' id='word_1_432' title='bbox 642 3493 783 3542; x_wconf 89' lang='lat' dir='ltr'><strong>ostendere</strong></span> <span class='ocrx_word' id='word_1_433' title='bbox 797 3493 889 3542; x_wconf 80' lang='lat' dir='ltr'><strong>sutura</strong></span> <span class='ocrx_word' id='word_1_434' title='bbox 901 3493 1041 3552; x_wconf 89' lang='lat' dir='ltr'><strong>uidentur,</strong></span> <span class='ocrx_word' id='word_1_435' title='bbox 1056 3507 1125 3555; x_wconf 89' lang='lat' dir='ltr'><strong>quae</strong></span> <span class='ocrx_word' id='word_1_436' title='bbox 1138 3491 1162 3541; x_wconf 91' lang='lat' dir='ltr'><strong>si</strong></span> <span class='ocrx_word' id='word_1_437' title='bbox 1174 3492 1269 3542; x_wconf 90' lang='lat' dir='ltr'><strong>aduer-</strong></span> 
     </span>
     <span class='ocr_line' id='line_1_46' title="bbox 136 3558 1269 3626; baseline 0.002 -19"><span class='ocrx_word' id='word_1_438' title='bbox 136 3573 180 3608; x_wconf 85' lang='lat' dir='ltr'><strong>sae</strong></span> <span class='ocrx_word' id='word_1_439' title='bbox 198 3564 278 3620; x_wconf 88' lang='lat' dir='ltr'><strong>sunt,</strong></span> <span class='ocrx_word' id='word_1_440' title='bbox 296 3559 410 3608; x_wconf 87' lang='lat' dir='ltr'><strong>inebrae</strong></span> <span class='ocrx_word' id='word_1_441' title='bbox 430 3558 570 3623; x_wconf 88' lang='lat' dir='ltr'><strong>dicantar,</strong></span> <span class='ocrx_word' id='word_1_442' title='bbox 591 3561 661 3625; x_wconf 91' lang='lat' dir='ltr'><strong>quod</strong></span> <span class='ocrx_word' id='word_1_443' title='bbox 679 3560 823 3610; x_wconf 87' lang='lat' dir='ltr'><strong>inhibeant</strong></span> <span class='ocrx_word' id='word_1_444' title='bbox 839 3561 868 3609; x_wconf 91' lang='lat' dir='ltr'><strong>id</strong></span> <span class='ocrx_word' id='word_1_445' title='bbox 885 3565 927 3610; x_wconf 91' lang='lat' dir='ltr'><strong>est</strong></span> <span class='ocrx_word' id='word_1_446' title='bbox 945 3565 1051 3621; x_wconf 81' lang='lat' dir='ltr'><strong>ueteut;</strong></span> <span class='ocrx_word' id='word_1_447' title='bbox 1070 3559 1093 3610; x_wconf 93' lang='lat' dir='ltr'><strong>si</strong></span> <span class='ocrx_word' id='word_1_448' title='bbox 1112 3575 1269 3626; x_wconf 90' lang='lat' dir='ltr'><strong>prosperae,</strong></span> 
     </span>
     <span class='ocr_line' id='line_1_47' title="bbox 134 3627 1269 3694; baseline 0 -18"><span class='ocrx_word' id='word_1_449' title='bbox 134 3633 290 3692; x_wconf 83' lang='lat' dir='ltr'><strong>praepetes,</strong></span> <span class='ocrx_word' id='word_1_450' title='bbox 304 3631 333 3676; x_wconf 87' lang='lat' dir='ltr'><strong>et</strong></span> <span class='ocrx_word' id='word_1_451' title='bbox 345 3627 407 3676; x_wconf 90' lang='lat' dir='ltr'><strong>ideo</strong></span> <span class='ocrx_word' id='word_1_452' title='bbox 418 3633 573 3694; x_wconf 88' lang='lat' dir='ltr'><strong>praepetes,</strong></span> <span class='ocrx_word' id='word_1_453' title='bbox 588 3629 652 3693; x_wconf 90' lang='lat' dir='ltr'><strong>quia</strong></span> <span class='ocrx_word' id='word_1_454' title='bbox 665 3644 758 3679; x_wconf 88' lang='lat' dir='ltr'><strong>omnes</strong></span> <span class='ocrx_word' id='word_1_455' title='bbox 772 3645 837 3679; x_wconf 90' lang='lat' dir='ltr'><strong>aues</strong></span> <span class='ocrx_word' id='word_1_456' title='bbox 850 3630 941 3694; x_wconf 90' lang='lat' dir='ltr'><strong>priora</strong></span> <span class='ocrx_word' id='word_1_457' title='bbox 954 3633 1050 3692; x_wconf 91' lang='lat' dir='ltr'><strong>petunt</strong></span> <span class='ocrx_word' id='word_1_458' title='bbox 1061 3627 1196 3678; x_wconf 80' lang='lat' dir='ltr'><strong>uolentes.</strong></span> <span class='ocrx_word' id='word_1_459' title='bbox 1215 3633 1269 3677; x_wconf 89' lang='lat' dir='ltr'><strong>ter-</strong></span> 
     </span>
     <span class='ocr_line' id='line_1_48' title="bbox 134 3695 1270 3762; baseline 0.003 -20"><span class='ocrx_word' id='word_1_460' title='bbox 134 3695 198 3744; x_wconf 81' lang='lat' dir='ltr'><strong>tiam</strong></span> <span class='ocrx_word' id='word_1_461' title='bbox 211 3696 322 3746; x_wconf 82' lang='lat' dir='ltr'><strong>faciunt</strong></span> <span class='ocrx_word' id='word_1_462' title='bbox 334 3697 454 3760; x_wconf 88' lang='lat' dir='ltr'><strong>speciem</strong></span> <span class='ocrx_word' id='word_1_463' title='bbox 466 3697 637 3760; x_wconf 85' lang='lat' dir='ltr'><strong>auguriorum</strong></span> <span class='ocrx_word' id='word_1_464' title='bbox 651 3698 679 3746; x_wconf 93' lang='lat' dir='ltr'><strong>in</strong></span> <span class='ocrx_word' id='word_1_465' title='bbox 698 3697 808 3758; x_wconf 91' lang='lat' dir='ltr'><strong>auibus,</strong></span> <span class='ocrx_word' id='word_1_466' title='bbox 828 3712 908 3762; x_wconf 88' lang='lat' dir='ltr'><strong>qaam</strong></span> <span class='ocrx_word' id='word_1_467' title='bbox 922 3711 1089 3746; x_wconf 89' lang='lat' dir='ltr'><strong>communem</strong></span> <span class='ocrx_word' id='word_1_468' title='bbox 1101 3701 1217 3756; x_wconf 87' lang='lat' dir='ltr'><strong>uocant,</strong></span> <span class='ocrx_word' id='word_1_469' title='bbox 1237 3712 1270 3745; x_wconf 88' lang='lat' dir='ltr'><strong>ex</strong></span> 
     </span>
     <span class='ocr_line' id='line_1_49' title="bbox 134 3763 1270 3828; baseline 0.004 -18"><span class='ocrx_word' id='word_1_470' title='bbox 134 3769 247 3828; x_wconf 84' lang='lat' dir='ltr'><strong>atroque</strong></span> <span class='ocrx_word' id='word_1_471' title='bbox 261 3765 438 3828; x_wconf 83' lang='lat' dir='ltr'><strong>permixtam,</strong></span> <span class='ocrx_word' id='word_1_472' title='bbox 462 3763 489 3813; x_wconf 90' lang='lat' dir='ltr'><strong>id</strong></span> <span class='ocrx_word' id='word_1_473' title='bbox 502 3769 544 3814; x_wconf 90' lang='lat' dir='ltr'><strong>est</strong></span> <span class='ocrx_word' id='word_1_474' title='bbox 557 3780 617 3814; x_wconf 90' lang='lat' dir='ltr'><strong>cum</strong></span> <span class='ocrx_word' id='word_1_475' title='bbox 631 3781 697 3815; x_wconf 88' lang='lat' dir='ltr'><strong>aues</strong></span> <span class='ocrx_word' id='word_1_476' title='bbox 710 3782 743 3815; x_wconf 87' lang='lat' dir='ltr'><strong>ex</strong></span> <span class='ocrx_word' id='word_1_477' title='bbox 755 3781 802 3816; x_wconf 91' lang='lat' dir='ltr'><strong>ore</strong></span> <span class='ocrx_word' id='word_1_478' title='bbox 814 3771 841 3814; x_wconf 90' lang='lat' dir='ltr'><strong>et</strong></span> <span class='ocrx_word' id='word_1_479' title='bbox 853 3765 948 3814; x_wconf 89' lang='lat' dir='ltr'><strong>uolatu</strong></span> <span class='ocrx_word' id='word_1_480' title='bbox 959 3765 1075 3828; x_wconf 74' lang='lat' dir='ltr'><strong>auguria</strong></span> <span class='ocrx_word' id='word_1_481' title='bbox 1088 3763 1207 3824; x_wconf 61' lang='lat' dir='ltr'><strong>fucinum</strong></span> <span class='ocrx_word' id='word_1_482' title='bbox 1221 3763 1270 3814; x_wconf 87' lang='lat' dir='ltr'><strong>sed</strong></span> 
     </span>
     <span class='ocr_line' id='line_1_50' title="bbox 134 3829 1269 3898; baseline 0.003 -19"><span class='ocrx_word' id='word_1_483' title='bbox 134 3829 211 3880; x_wconf 86' lang='lat' dir='ltr'><strong>tidem</strong></span> <span class='ocrx_word' id='word_1_484' title='bbox 225 3847 281 3881; x_wconf 88' lang='lat' dir='ltr'><strong>non</strong></span> <span class='ocrx_word' id='word_1_485' title='bbox 294 3829 398 3880; x_wconf 81' lang='lat' dir='ltr'><strong>babet’</strong></span> <span class='ocrx_word' id='word_1_486' title='bbox 424 3832 459 3882; x_wconf 86' lang='lat' dir='ltr'><strong>el.</strong></span> <span class='ocrx_word' id='word_1_487' title='bbox 470 3833 569 3882; x_wconf 80' lang='lat' dir='ltr'><strong>Festus</strong></span> <span class='ocrx_word' id='word_1_488' title='bbox 583 3847 603 3882; x_wconf 93' lang='lat' dir='ltr'><strong>s.</strong></span> <span class='ocrx_word' id='word_1_489' title='bbox 614 3849 639 3882; x_wconf 83' lang='lat' dir='ltr'><strong>v.</strong></span> <span class='ocrx_word' id='word_1_490' title='bbox 654 3835 763 3884; x_wconf 91' lang='lat' dir='ltr'><strong>oscines</strong></span> <span class='ocrx_word' id='word_1_491' title='bbox 776 3851 801 3898; x_wconf 93' lang='lat' dir='ltr'><strong>p.</strong></span> <span class='ocrx_word' id='word_1_492' title='bbox 818 3831 866 3882; x_wconf 77' lang='lat'><strong>197</strong></span> <span class='ocrx_word' id='word_1_493' title='bbox 879 3832 980 3882; x_wconf 86' lang='lat' dir='ltr'><strong>Paulus</strong></span> <span class='ocrx_word' id='word_1_494' title='bbox 992 3831 1069 3882; x_wconf 80' lang='lat' dir='ltr'><strong>Festi</strong></span> <span class='ocrx_word' id='word_1_495' title='bbox 1083 3847 1103 3882; x_wconf 89' lang='lat' dir='ltr'><strong>s.</strong></span> <span class='ocrx_word' id='word_1_496' title='bbox 1117 3847 1143 3882; x_wconf 84' lang='lat' dir='ltr'><strong>r.</strong></span> <span class='ocrx_word' id='word_1_497' title='bbox 1157 3832 1269 3882; x_wconf 86' lang='lat' dir='ltr'><strong>inebrae</strong></span> 
     </span>
     <span class='ocr_line' id='line_1_51' title="bbox 133 3897 1268 3966; baseline 0.002 -18"><span class='ocrx_word' id='word_1_498' title='bbox 133 3913 160 3962; x_wconf 91' lang='lat' dir='ltr'><strong>p.</strong></span> <span class='ocrx_word' id='word_1_499' title='bbox 179 3897 225 3950; x_wconf 85' lang='lat'><strong>109</strong></span> <span class='ocrx_word' id='word_1_500' title='bbox 237 3899 337 3950; x_wconf 76' lang='lat' dir='ltr'><strong>Festus</strong></span> <span class='ocrx_word' id='word_1_501' title='bbox 350 3915 373 3948; x_wconf 89' lang='lat' dir='ltr'><strong>s.</strong></span> <span class='ocrx_word' id='word_1_502' title='bbox 391 3913 416 3948; x_wconf 82' lang='lat' dir='ltr'><strong>r.</strong></span> <span class='ocrx_word' id='word_1_503' title='bbox 429 3905 576 3965; x_wconf 88' lang='lat' dir='ltr'><strong>praepetes</strong></span> <span class='ocrx_word' id='word_1_504' title='bbox 594 3919 619 3966; x_wconf 93' lang='lat' dir='ltr'><strong>p.</strong></span> <span class='ocrx_word' id='word_1_505' title='bbox 637 3900 697 3951; x_wconf 75' lang='lat'><strong>205.</strong></span> <span class='ocrx_word' id='word_1_506' title='bbox 713 3901 763 3951; x_wconf 80' lang='lat'><strong>245</strong></span> <span class='ocrx_word' id='word_1_507' title='bbox 786 3900 892 3950; x_wconf 87' lang='lat' dir='ltr'><strong>Gellius</strong></span> <span class='ocrx_word' id='word_1_508' title='bbox 903 3901 936 3950; x_wconf 85' lang='lat' dir='ltr'><strong>N.</strong></span> <span class='ocrx_word' id='word_1_509' title='bbox 950 3899 980 3949; x_wconf 77' lang='grc' dir='ltr'><strong>Α.</strong></span> <span class='ocrx_word' id='word_1_510' title='bbox 996 3900 1032 3949; x_wconf 92' lang='lat' dir='ltr'><strong>VI</strong></span> <span class='ocrx_word' id='word_1_511' title='bbox 1050 3899 1065 3951; x_wconf 82' lang='lat'><strong>3</strong></span> <span class='ocrx_word' id='word_1_512' title='bbox 1081 3899 1191 3952; x_wconf 84' lang='lat' dir='ltr'><strong>Servius</strong></span> <span class='ocrx_word' id='word_1_513' title='bbox 1201 3900 1268 3950; x_wconf 81' lang='lat' dir='ltr'><strong>Aen.</strong></span> 
     </span>
     <span class='ocr_line' id='line_1_52' title="bbox 133 3965 1269 4034; baseline 0.002 -18"><span class='ocrx_word' id='word_1_514' title='bbox 133 3966 175 4016; x_wconf 86' lang='lat'><strong>11]</strong></span> <span class='ocrx_word' id='word_1_515' title='bbox 183 3966 242 4017; x_wconf 77' lang='lat'><strong>24¹3.</strong></span> <span class='ocrx_word' id='word_1_516' title='bbox 255 3965 281 4016; x_wconf 81' lang='lat'><strong>8.</strong></span> <span class='ocrx_word' id='word_1_517' title='bbox 303 3967 354 4016; x_wconf 86' lang='lat' dir='ltr'><strong>‘De</strong></span> <span class='ocrx_word' id='word_1_518' title='bbox 367 3967 478 4017; x_wconf 89' lang='lat' dir='ltr'><strong>minutis</strong></span> <span class='ocrx_word' id='word_1_519' title='bbox 488 3967 668 4020; x_wconf 70' lang='lat' dir='ltr'><strong>dolatilibus.¹</strong></span> <span class='ocrx_word' id='word_1_520' title='bbox 690 3968 733 4020; x_wconf 80' lang='lat'><strong>16:</strong></span> <span class='ocrx_word' id='word_1_521' title='bbox 747 3969 889 4019; x_wconf 85' lang='lat' dir='ltr'><strong>‘Bibiones</strong></span> <span class='ocrx_word' id='word_1_522' title='bbox 901 3973 963 4018; x_wconf 87' lang='lat' dir='ltr'><strong>sunt</strong></span> <span class='ocrx_word' id='word_1_523' title='bbox 976 3969 1021 4034; x_wconf 92' lang='lat' dir='ltr'><strong>qui</strong></span> <span class='ocrx_word' id='word_1_524' title='bbox 1035 3969 1063 4018; x_wconf 88' lang='lat' dir='ltr'><strong>iu</strong></span> <span class='ocrx_word' id='word_1_525' title='bbox 1075 3970 1139 4019; x_wconf 91' lang='lat' dir='ltr'><strong>uine</strong></span> <span class='ocrx_word' id='word_1_526' title='bbox 1151 3983 1269 4018; x_wconf 88' lang='lat' dir='ltr'><strong>nascun-</strong></span> 
     </span>
     <span class='ocr_line' id='line_1_53' title="bbox 133 4034 1270 4104; baseline 0.004 -22"><span class='ocrx_word' id='word_1_527' title='bbox 133 4039 186 4096; x_wconf 86' lang='lat' dir='ltr'><strong>tur,</strong></span> <span class='ocrx_word' id='word_1_528' title='bbox 202 4051 270 4100; x_wconf 87' lang='lat' dir='ltr'><strong>qnos</strong></span> <span class='ocrx_word' id='word_1_529' title='bbox 287 4034 372 4100; x_wconf 78' lang='lat' dir='ltr'><strong>uulgo</strong></span> <span class='ocrx_word' id='word_1_530' title='bbox 390 4037 539 4086; x_wconf 83' lang='lat' dir='ltr'><strong>mustiones</strong></span> <span class='ocrx_word' id='word_1_531' title='bbox 557 4053 573 4086; x_wconf 92' lang='lat' dir='ltr'><strong>a</strong></span> <span class='ocrx_word' id='word_1_532' title='bbox 590 4043 679 4088; x_wconf 87' lang='lat' dir='ltr'><strong>musto</strong></span> <span class='ocrx_word' id='word_1_533' title='bbox 693 4037 847 4104; x_wconf 85' lang='lat' dir='ltr'><strong>appellant,</strong></span> <span class='ocrx_word' id='word_1_534' title='bbox 867 4037 937 4086; x_wconf 89' lang='lat' dir='ltr'><strong>unde</strong></span> <span class='ocrx_word' id='word_1_535' title='bbox 956 4041 984 4086; x_wconf 86' lang='lat' dir='ltr'><strong>et</strong></span> <span class='ocrx_word' id='word_1_536' title='bbox 1001 4037 1144 4086; x_wconf 79' lang='lat' dir='ltr'><strong>Afranius:</strong></span> <span class='ocrx_word' id='word_1_537' title='bbox 1168 4037 1210 4086; x_wconf 79' lang='lat' dir='ltr'><strong>Ad</strong></span> <span class='ocrx_word' id='word_1_538' title='bbox 1227 4053 1270 4087; x_wconf 89' lang='lat' dir='ltr'><strong>me</strong></span> 
     </span>
     <span class='ocr_line' id='line_1_54' title="bbox 133 4103 1269 4171; baseline 0.004 -19"><span class='ocrx_word' id='word_1_539' title='bbox 133 4117 194 4152; x_wconf 86' lang='lat' dir='ltr'><strong>enm</strong></span> <span class='ocrx_word' id='word_1_540' title='bbox 206 4108 321 4170; x_wconf 82' lang='lat' dir='ltr'><strong>spectas</strong></span> <span class='ocrx_word' id='word_1_541' title='bbox 334 4103 509 4170; x_wconf 84' lang='lat' dir='ltr'><strong>fabularique</strong></span> <span class='ocrx_word' id='word_1_542' title='bbox 521 4106 637 4171; x_wconf 84' lang='lat' dir='ltr'><strong>incipis,</strong></span> <span class='ocrx_word' id='word_1_543' title='bbox 659 4121 692 4156; x_wconf 86' lang='lat' dir='ltr'><strong>ex</strong></span> <span class='ocrx_word' id='word_1_544' title='bbox 706 4121 752 4157; x_wconf 88' lang='lat' dir='ltr'><strong>ore</strong></span> <span class='ocrx_word' id='word_1_545' title='bbox 768 4107 796 4156; x_wconf 91' lang='lat' dir='ltr'><strong>iu</strong></span> <span class='ocrx_word' id='word_1_546' title='bbox 809 4105 902 4156; x_wconf 87' lang='lat' dir='ltr'><strong>oculos</strong></span> <span class='ocrx_word' id='word_1_547' title='bbox 914 4110 975 4156; x_wconf 88' lang='lat' dir='ltr'><strong>tuos</strong></span> <span class='ocrx_word' id='word_1_548' title='bbox 988 4106 1113 4157; x_wconf 89' lang='lat' dir='ltr'><strong>bibiones</strong></span> <span class='ocrx_word' id='word_1_549' title='bbox 1126 4103 1269 4156; x_wconf 86' lang='lat' dir='ltr'><strong>inuolant.’</strong></span> 
     </span>
    </p>
   </div>
   <div class='ocr_carea' id='block_1_3' title="bbox 0 0 1540 5064">
    <p class='ocr_par' dir='ltr' id='par_1_8' title="bbox 0 0 1540 5064">
     <span class='ocr_line' id='line_1_55' title="bbox 0 0 1540 5064; baseline 0 0"><span class='ocrx_word' id='word_1_550' title='bbox 0 0 1540 5064; x_wconf 95' lang='lat' dir='ltr'><strong> </strong></span> 
     </span>
    </p>
   </div>
  </div>
 </body>
</html>
