3078 5072
633 371 674 418 ur
697 373 784 418 vrnrs
808 343 1048 418 rnnvsraravs'

758 575 853 658 XXV
875 617 899 658 c.

640 728 753 774 VITA
787 727 1017 796 VERGILII

340 849 362 894 A
387 847 476 896 FOCA
500 846 732 894 GRAMMATICO
757 845 858 894 vssssts
879 846 1000 896 ROMAE
1022 845 1191 896 vssuslnvs
1212 847 1320 896 EDITA

344 967 487 1032 Maeonii
509 969 675 1054 specimen
696 969 780 1031 uatis
802 967 993 1032 ueneranda
1012 967 1179 1032 Maronem

345 1067 480 1132 Mantua
502 1067 680 1134 Romuleae
702 1070 871 1154 generauit
893 1068 1028 1134 fiumina
1047 1071 1189 1155 linguae.

347 1171 420 1257 quis
439 1169 583 1234 facunda
606 1179 678 1236 tuos
700 1170 854 1236 toleraret
876 1170 1017 1237 Graecia
1040 1171 1161 1254 fastus,

262 1345 364 1402 diente
387 1343 538 1422 elinguem
560 1346 645 1408 illum
668 1346 784 1406 diceret
805 1355 836 1406 et
857 1367 980 1408 causam
1004 1349 1097 1406 etiam
1116 1365 1202 1406 suam
1225 1346 1250 1404 si
1267 1343 1404 1422 linguam

261 1429 390 1488 haberet
403 1429 569 1490 del'endere
584 1433 738 1512 nequiret:
759 1433 868 1506 ‘tace,'
891 1433 1004 1514 inquit,
1022 1431 1148 1491 ‘rabula
1164 1451 1234 1489 uam
1246 1431 1322 1489 haec
1336 1451 1404 1490 inca

261 1513 451 1574 taciturnitas
476 1513 669 1576 defensorem
686 1537 846 1576 causarum
868 1539 1002 1578 mearum
1013 1518 1184 1595 Augustum
1200 1516 1274 1575 fecit
1291 1523 1321 1573 et
1337 1516 1403 1574 llle-

262 1609 420 1658 coenatom
436 1607 465 1658 et
488 1621 524 1660 ca
542 1601 614 1662 tuba
637 1623 704 1661 curn
722 1603 791 1661 uolo
816 1603 924 1682 loquor
946 1623 1026 1684 quae
1044 1603 1155 1683 ubique
1179 1614 1209 1658 et
1235 1599 1404 1660 diutissime

261 1683 410 1742 audietur.
427 1694 459 1742 tu
475 1685 660 1766 loquacitate
671 1708 731 1746 non
746 1687 832 1746 modo
845 1709 934 1747 aures
945 1687 1115 1758 homiuum,
1139 1685 1195 1744 scd
1207 1706 1307 1744 muros
1322 1705 1403 1744 rum-

261 1768 330 1846 pis!
364 1769 519 1845 Augustus
546 1791 618 1830 uero
637 1772 777 1832 Filistum
793 1775 880 1850 graui
896 1773 981 1832 uultu
1000 1772 1179 1852 increpauit.
1216 1771 1402 1842 tuuclllaro,

261 1853 298 1910 ‘si
311 1863 429 1932 tempus
447 1853 591 1930 Caesar',
608 1858 719 1936 inquit,
736 1858 871 1917 ‘tacendi
882 1858 931 1917 hic
946 1859 1051 1930 sciret,
1067 1877 1135 1916 raro
1151 1855 1335 1936 loqueretur.
1357 1865 1403 1914 ta·

261 1937 391 1996 cendum
413 1939 492 1997 enim
513 1961 632 2021 semper
654 1953 713 2014 cst,
746 1943 809 2002 nisi
822 1964 889 2002 cum
914 1944 1104 2002 taciturnitas
1120 1939 1174 2000 tibi
1196 1950 1321 2014 noceat,
1351 1948 1405 1998 aut

261 2024 356 2080 oratio
379 2023 446 2081 aliis
468 2026 574 2103 prosit.
617 2048 686 2086 nam
707 2029 759 2106 qui
781 2027 951 2100 contendit,
976 2037 1007 2086 et
1019 2025 1220 2087 contentionis
1236 2025 1303 2084 finis
1321 2024 1403 2083 utilis

260 2128 321 2166 non
339 2117 400 2178 ost,
418 2109 518 2170 stultis
535 2109 619 2170 illum
634 2112 890 2172 annumerandum
906 2113 1060 2192 sapientes
1076 2112 1205 2191 putant?
1241 2119 1404 2190 postquam

262 2195 417 2270 Augustus
441 2215 556 2255 summa
574 2217 674 2256 rerum
696 2199 826 2257 omnium
851 2200 963 2277 potitus
985 2207 1046 2270 est,
1071 2196 1155 2256 uenit
1170 2197 1200 2256 in
1219 2204 1350 2253 mentem
1364 2215 1404 2253 on

262 2277 446 2337 conduceret
460 2281 653 2361 tyrannidem
669 2283 805 2343 omittere
823 2295 853 2342 et
873 2303 991 2342 omnem
1009 2291 1190 2361 potestatem
1209 2282 1315 2340 annuis
1332 2301 1402 2338 con·

262 2362 937 2445 sulibuseiscnatui1·empul›licamreddcre;
955 2369 986 2426 in
1002 2387 1062 2448 qua
1075 2387 1107 2426 re
1125 2367 1264 2426 diuersae
1281 2360 1402 2424 senten-

262 2448 323 2506 tiao
345 2449 500 2510 consultos
523 2451 629 2511 habuit
657 2453 866 2512 llleooenatom
894 2462 924 2512 et
944 2453 1123 2531 Agrippam.
1162 2451 1300 2529 Agrippa
1324 2451 1404 2508 enirn

262 2533 335 2591 utile
354 2532 411 2593 sibi
427 2534 493 2595 sore
514 2537 606 2596 etiarn
624 2536 648 2594 si
665 2537 823 2596 honestum
840 2559 900 2597 non
920 2545 1002 2597 essct
1023 2537 1195 2616 relinquere
1208 2533 1403 2614 tyrannidem

261 2617 353 2694 longa
378 2619 513 2680 oratione
538 2622 711 2682 contendit:
749 2623 830 2702 quod
849 2623 1013 2682 Mccocnas
1038 2621 1191 2680 dehortari
1219 2639 1404 2698 magnopere

261 2703 438 2761 conabatur.
468 2726 561 2785 quaro
575 2707 705 2782 Augusti
720 2709 835 2766 animus
852 2717 880 2766 et
897 2707 967 2765 liinc
986 2705 1141 2766 ferebatur
1157 2713 1187 2764 ct
1200 2704 1294 2763 illinc.
1316 2712 1402 2762 eraut

262 2786 500 2849 enimdiucrsao
517 2793 686 2850 serrtcutiue
702 2793 794 2850 uariis
811 2791 977 2852 rationibus
993 2792 1138 2850 firmatae.
1174 2791 1292 2868 rogauit
1311 2790 1404 2866 igitur

260 2873 417 2930 Maronem
433 2891 475 2932 an
488 2877 625 2934 conferat
640 2877 759 2955 priuato
775 2877 886 2936 homini
902 2897 935 2936 se
953 2879 983 2936 in
999 2897 1054 2934 sua
1068 2874 1226 2954 republica
1241 2885 1404 2954 tyrannum

261 2957 375 3014 facere.
397 2967 460 3017 turn
476 2961 538 3033 illc,
555 2959 706 3020 ‘omnibus
722 2963 848 3036 sermo',
866 2963 979 3042 inquit,
998 2961 1073 3020 ‘rem
1086 2955 1238 3104 publiJm
1252 2979 1403 3038 occupan·
1423 2949 1461 3017 R

260 3041 340 3099 tibus
351 3041 478 3104 molesta
490 3045 556 3124 ipsa
566 3047 702 3125 tyrannis
715 3048 770 3106 suit
782 3058 812 3107 et
825 3047 956 3119 ciuilius,
973 3047 1045 3127 quia
1059 3065 1168 3104 necess
1205 3053 1269 3104 erat
1280 3047 1404 3124 propter
1467 3048 1473 3070 ‘

261 3125 331 3184 odia
353 3125 541 3194 subditorum
558 3143 609 3189 aut
630 3151 733 3190 corum
753 3131 931 3191 iniustitiam
952 3151 1062 3208 magua
1085 3132 1258 3210 suspicione
1279 3149 1402 3207 magno·

260 3212 445 3290 que.timore
468 3215 583 3274 uiuere.
622 3216 677 3274 scd
700 3217 725 3276 si
747 3217 830 3276 ciues
854 3217 963 3276 iustum
992 3217 1125 3296 aliquem
1153 3216 1280 3286 scirent,
1312 3235 1402 3295 quom

260 3307 399 3358 amarent
419 3299 595 3378 plurimum,
615 3303 731 3360 ciuitati
748 3302 778 3360 id
794 3302 869 3361 utile
894 3303 987 3374 soret,
1011 3303 1036 3359 si
1050 3303 1080 3360 in
1096 3321 1131 3360 oo
1154 3321 1211 3358 uno
1233 3299 1328 3358 omnis
1350 3321 1403 3378 po·

259 3388 356 3440 testas
378 3393 469 3442 essct.
511 3405 604 3464 quare
623 3387 648 3444 si
677 3387 839 3460 iustitiam,
868 3386 948 3468 quod
972 3385 1061 3444 morlo
1089 3383 1186 3466 (immo
1217 3405 1276 3465 quo
1300 3383 1403 3460 morlo)

260 3465 351 3541 facis,
372 3468 508 3528 omnibus
522 3471 553 3528 iu
570 3471 701 3529 futurum
716 3471 800 3530 nulla
810 3471 964 3530 hominum
979 3473 1061 3530 lacta
1074 3471 1290 3549 compositione
1304 3469 1403 3529 distri·

261 3551 350 3625 bues,
376 3552 523 3613 dominari
541 3565 571 3614 te
591 3565 622 3614 et
643 3555 696 3614 tibi
722 3557 871 3615 conducet
892 3566 922 3614 ot
943 3555 1017 3614 orbi.
1055 3555 1300 3614 beneuolentiam
1324 3557 1404 3614 enim

261 3635 390 3696 onmium
406 3639 448 3698 itu
463 3638 577 3711 habes,
598 3649 629 3698 ut
647 3640 736 3700 (lenm
748 3651 777 3700 te
794 3653 824 3700 ot
840 3641 967 3700 adorent
980 3653 1009 3699 ot
1025 3641 1172 3699 credant!
1200 3641 1403 3712 elusseuten-

218 3783 220 3788 ,
260 3723 332 3778 tium
355 3732 478 3782 secutus
498 3723 613 3784 Caesar
640 3726 841 3804 principatum
866 3727 972 3784 tonuit.
1011 3726 1127 3784 aridiuit
1151 3724 1290 3784 aSirone
1315 3746 1403 3803 prae-

261 3807 350 3884 cepta
372 3809 511 3885 Epicuri:
552 3809 637 3868 cuius
659 3811 815 3869 doctrinae
837 3811 952 3869 socium
969 3810 1074 3868 habuit
1095 3811 1230 3869 Varium.
1264 3811 1405 3890 quamuis

261 3891 447 3951 diuersorum
459 3893 705 3972 philosophorum
724 3895 881 3973 opiniones
898 3894 983 3954 libris
1002 3898 1064 3954 suis
1076 3896 1240 3953 inseruisse
1253 3894 1290 3953 de
1304 3897 1405 3954 animo

260 3977 390 4035 maxime
406 3978 559 4050 uideatur,
577 3981 643 4057 ipse
660 3989 761 4038 tamen
778 3980 834 4038 fuit
851 3979 1064 4038 Academicus.
1091 3999 1161 4038 uam
1179 3979 1318 4038 Platonis
1335 3999 1405 4038 sen·

259 4060 370 4118 tentiae
386 4062 522 4122 omnibus
541 4063 610 4122 aliis
625 4064 777 4141 piractulit.
795 4087 813 4134 ς

346 4149 469 4205 A'A'Vc.
490 4172 547 4206 vrri
569 4171 680 4206 ruuarau
700 4173 713 4206 a
735 4173 796 4207 roca
814 4173 975 4208 urrluuamro
996 4171 1067 4208 varus
1086 4171 1171 4208 nourr
1193 4171 1310 4205 amusium
1330 4171 1406 4208 surra

260 4233 321 4298 qod.
336 4233 489 4306 Scaliqcrt',·
507 4239 535 4292 in
551 4239 611 4292 ced.
630 4237 781 4293 Scriverii:
804 4259 818 4292 a
839 4257 899 4292 rora
920 4256 1084 4293 autumno
1102 4257 1177 4292 varim
1200 4256 1285 4291 noune
1305 4257 1407 4292 ranser-

261 4333 391 4373 mussmo
410 4341 439 4373 ar
458 4339 612 4376 criniosum.
629 4323 749 4379 Carmen
768 4325 846 4394 quod
861 4323 955 4378 Foras
970 4324 1122 4394 praemisit
1134 4321 1270 4378 emittere
1285 4323 1373 4379 notari.

345 4399 509 4464 sfacundo
526 4423 579 4477 my.
597 4406 721 4462 litleoci:
741 4404 891 4464 foecundo
907 4409 968 4464 cod.
987 4407 1062 4463 Scul.
