3138 5100
291 411 352 473 534
698 425 732 466 ru
749 425 848 465 vrrsn
867 425 1020 466 assensu

289 580 469 663 prooemiis,
490 578 542 640 ubi
563 597 645 638 nune
659 580 849 652 Apollodorus
870 577 982 654 legitur
1002 577 1192 656 simpliciter,
1215 581 1350 658 potuerit
1371 580 1426 642 ali·

289 705 349 765 quo
366 684 433 743 loco
450 682 521 742 olim
543 681 683 761 pleniore
704 681 828 740 nomine
845 682 1033 753 Apollodorus
1049 681 1197 755 Carystius
1218 679 1317 742 dietus
1340 703 1424 744 esse:

290 786 347 846 etsi
364 786 407 844 eis
423 784 646 844 commentariis
663 791 709 844 est
725 801 800 842 sane
815 781 864 840 bic
879 783 1009 862 scriptor
1022 803 1108 856 usus,
1125 784 1256 843 velutin
1272 783 1332 844 illis
1346 805 1425 864 quae

289 887 328 948 de
343 887 453 947 Luscio
468 885 631 946 Lanuvino
647 884 779 958 rettulit,
795 893 898 944 tamen
915 883 988 964 qnid
1005 894 1051 944 est
1067 905 1197 964 quaeso,
1215 905 1267 946 cur
1282 885 1425 965 probabi·

289 989 347 1050 lius
362 989 412 1048 lric
432 995 581 1049 statuatur
596 1005 687 1068 quam
706 987 739 1046 in
764 987 897 1046 auctario
920 986 1002 1046 vitae
1025 1005 1138 1047 nomen
1159 989 1276 1066 gentile
1299 990 1424 1050 interci-

289 1089 395 1150 disse?
425 1090 606 1170 praesertim
633 1109 699 1150 eum
721 1109 759 1150 ex
788 1108 824 1150 eo
846 1089 980 1150 auctario
1007 1089 1136 1150 finitima
1158 1087 1342 1171 deprompta
1362 1093 1426 1169 sint

289 1193 400 1252 omnia.

373 1295 464 1356 Vita
493 1301 595 1354 autem
619 1291 877 1355 Ambrosiaua
901 1293 955 1353 illa
983 1293 1086 1374 (quam
1113 1303 1183 1374 post
1208 1295 1313 1357 Itothii
1338 1315 1426 1358 curas

290 1396 399 1458 eodem
420 1399 484 1457 iure
504 1397 676 1458 Parisinam
700 1392 796 1472 dicas)
826 1396 883 1455 etsi
907 1396 1022 1456 referta
1046 1403 1093 1456 est
1114 1417 1190 1456 saue
1207 1396 1425 1460 additamentis

288 1521 352 1560 non
369 1520 386 1558 c
401 1500 518 1560 Donati
533 1499 585 1560 vel
600 1499 664 1567 vita
679 1499 731 1558 vel
743 1497 958 1558 commentario
975 1482 1094 1576 petitis,
1111 1507 1214 1559 temen
1230 1501 1307 1560 haec
1323 1503 1426 1562 omnia

288 1603 332 1666 ita
347 1610 522 1681 comparata
536 1609 608 1662 sunt
623 1610 656 1661 ut
678 1620 733 1660 suo
754 1600 898 1715 ingenio
897 1600 993 1660 fretus
1007 1601 1125 1680 fingere
1147 1604 1276 1682 scriptor
1292 1605 1427 1683 potuerit

289 1803 680 1885 gens,doetr1naefontes
704 1805 779 1864 alios
801 1802 943 1864 habuerit
957 1805 1076 1864 nullos:
1099 1807 1281 1884 praesertim
1300 1806 1352 1866 ubi
1372 1809 1426 1870 illa

288 1909 480 1987 reputaveris
497 1907 537 1966 ad
553 1927 645 1968 unum
661 1906 719 1966 hoc
735 1904 894 1966 consilium
910 1905 1026 1980 redire,
1049 1915 1082 1966 ut
1097 1890 1240 1968 itinerum
1255 1909 1391 1970 rationes
1407 1931 1426 1970 a

288 2019 382 2090 poeta
397 2010 544 2070 sactorum
559 2009 688 2070 clariore
704 2008 736 2067 in
753 2009 820 2068 luce
837 2008 1081 2069 conlocarentur.
1125 2011 1174 2069 De
1191 2031 1250 2090 quo
1266 2020 1300 2071 ut
1315 2013 1424 2072 certius

288 2111 425 2174 iudicare
441 2112 561 2184 liceret,
578 2112 676 2190 ipsam
690 2111 784 2169 vitam
800 2109 898 2182 illam,
915 2109 996 2168 inter
1012 2122 1047 2166 lv
1063 2113 1216 2172 saeculum
1233 2123 1314 2172 etxl
1331 2116 1425 2194 scrip·

288 2224 364 2285 tam,
387 2213 444 2274 sed
460 2215 503 2274 illi
525 2214 585 2274 nisi
601 2197 697 2272 fallor
719 2232 809 2292 quam
830 2211 900 2270 huic
915 2213 1106 2292 propiorem,
1129 2213 1178 2274 hic
1200 2214 1336 2275 subicere
1359 2217 1424 2296 pla-

290 2319 351 2386 cuit
366 2325 397 2378 et
413 2315 606 2377 emendatam
622 2315 807 2396 aliquotiens
826 2323 856 2374 et
873 2317 991 2374 ex'arte
1011 2313 1198 2376 adnotatam.
1235 2319 1345 2399 Itaque
1368 2341 1424 2398 pro

289 2419 491 2480 fiandamento
508 2440 576 2478 esse
592 2417 730 2478 codicem
745 2417 916 2478 Parisinum
931 2415 1159 2478 membraneum
1173 2426 1242 2482 7902
1264 2418 1314 2498 (A)
1330 2422 1423 2495 volui,

288 2523 401 2583 saeculi
418 2530 451 2580 ut
466 2523 561 2593 fertur
576 2533 627 2594 xl,
651 2539 826 2602 possessum
849 2519 920 2579 olim
936 2539 954 2578 a
969 2520 1061 2578 Petro
1076 2521 1227 2581 Daniele:
1249 2523 1425 2584 lacunosum

288 2644 364 2684 sane
382 2633 412 2682 ot
426 2632 459 2682 ut
473 2643 530 2682 usu
544 2623 653 2682 venire
669 2623 701 2682 in
718 2623 772 2680 teli
788 2642 902 2700 genere
919 2623 998 2683 solet
1013 2621 1207 2698 mendosum,
1224 2623 1279 2683 sed
1297 2645 1335 2685 ex
1347 2628 1425 2686 anti-

212 2791 215 2800 ,
289 2728 394 2805 quiore
410 2733 443 2784 ut
458 2723 580 2782 videtur
595 2724 681 2782 sonte
698 2721 829 2783 ductum.
858 2723 914 2784 Oui
929 2724 1043 2784 saeculi
1059 2736 1105 2782 xv
1120 2725 1309 2786 Basileensis
1324 2729 1362 2788 P.
1375 2740 1423 2804 111,

288 2823 365 2902 2(B)
384 2834 412 2883 et
428 2823 585 2882 Parisinus
602 2833 664 2886 1441
687 2823 737 2901 (P)
754 2824 920 2884 accedunt:
936 2846 1062 2905 quorum
1077 2827 1127 2886 hic
1142 2827 1256 2907 insigni
1273 2833 1424 2911 exemplo,

289 2923 440 3004 quomodo
466 2924 612 3002 serpserit
635 2923 844 3002 interpolandi
870 2927 998 2986 licentia
1020 2939 1176 2989 monstrat.
1218 2931 1347 2992 Praeter
1367 2934 1424 2996 bos

287 3034 363 3096 tres,
390 3044 406 3081 e
423 3023 531 3102 quibus
548 3033 722 3102 excerptam
738 3024 776 3084 ab
792 3025 973 3088 Hunaikero
997 3030 1235 3112 discrepantiam
1255 3036 1424 3115 scripturae

287 3125 415 3184 Rothius
430 3124 529 3182 Musei
545 3125 689 3184 Rhenani
705 3137 725 3185 t.
743 3136 792 3184 ΧΗ
810 3148 841 3206 p.
860 3137 908 3192 186
924 3151 993 3211 sqq.
1010 3135 1184 3212 proposuit,
1207 3137 1240 3194 M
1253 3137 1351 3197 dixis
1372 3141 1424 3200 tri·

287 3224 342 3284 bus
359 3223 513 3286 codicibus
529 3226 755 3302 Ambrosiaui's,
772 3249 922 3310 nusquam
935 3233 1019 3292 inter
1034 3255 1067 3294 se
1085 3233 1236 3298 distinctis
1246 3239 1426 3318 ‚proditam

287 3324 325 3388 ab
341 3324 463 3402 angelo
480 3327 562 3386 Maio
578 3329 687 3402 vitam,
712 3349 791 3409 quae
809 3334 902 3392 estin
919 3354 955 3394 eo
979 3335 1056 3397 libro
1080 3359 1169 3418 quem
1185 3339 1237 3400 ille
1251 3341 1425 3403 Mediolani

287 3445 314 3486 a.
332 3435 398 3488 18Ιό
413 3427 457 3486 sic
469 3417 650 3508 inscriptum
666 3431 781 3491 edidit:
811 3435 868 3494 M.
885 3436 958 3496 Acci
974 3438 1076 3499 Plauti
1099 3441 1273 3519 fragmenta
1293 3444 1423 3506 inedita.

256 3591 260 3600 .
286 3525 364 3585 Item
378 3525 418 3586 ad
433 3529 468 3587 P
485 3531 664 3592 Terentium
681 3537 953 3598 commentationes
970 3549 1001 3599 et
1022 3543 1158 3620 picturae
1175 3541 1332 3604 ineditae'.
1363 3546 1424 3606 Vbi

288 3626 326 3686 de
342 3627 426 3688 libris
440 3631 540 3690 illis
516 3653 560 3692 sm
574 3641 701 3696 testatus
719 3646 765 3697 est
780 3658 810 3717 p
823 3648 872 3703 37:
901 3635 1005 3701 ‘Haec
1019 3643 1160 3704 Terentii
1176 3646 1262 3720 Vita,
1285 3619 1424 3714 nondum

285 3736 318 3788 nt
333 3739 405 3806 puto
425 3733 566 3811 vulgata,
595 3738 708 3796 extat'
700 3758 732 3797 m
747 3739 958 3802 Ambrosianis
981 3743 1137 3808 codicibus
1158 3747 1197 3807 Ι).
1214 3755 1248 3812 79
1271 3747 1424 3814 etO.1oc

286 3839 364 3908 part.
387 3853 470 3912 sup,
498 3835 530 3895 in
556 3835 664 3916 quibus
686 3847 716 3898 et
744 3839 853 3902 dicitur
876 3853 1021 3924 excerpta
1044 3867 1060 3904 e
1082 3851 1288 3910 vetustissimo
1305 3850 1421 3912 codice.

284 3929 394 3994 Exstat
409 3934 481 3996 item
495 3937 527 3996 in
545 3937 650 3998 codice
664 3940 701 4000 F.
717 3948 751 4004 92
766 3952 844 4020 part.
860 3965 943 4024 sup,
965 3945 1017 4008 ubi
1033 3950 1207 4012 inscribitur
1221 3955 1422 4013 Prohoemiatur

285 4039 607 4106 aarum,utnimi1um
624 4039 825 4120 distinguatur
842 4063 860 4103 a
875 4047 1015 4108 Terentii
1031 4050 1104 4110 Vita
1118 4052 1219 4114 studio
1236 4055 1421 4118 Petramhae

287 4133 441 4216 descripta
458 4136 612 4218 (etedita)
631 4144 757 4222 quaein
774 4145 883 4206 eodem
905 4167 959 4208 ms.
981 4153 1119 4248 proxime
1134 4156 1364 4236 praeponitur.
1378 4189 1423 4204 -

287 4233 452 4298 Ueterum'
444 4243 723 4322 interpunctionem
735 4247 828 4308 tacite
844 4251 972 4310 correxi.
