3064 5064
260 361 319 426 166
765 377 895 418 rnsrvrr

256 527 364 592 Numa
386 523 565 611 Pompilius
594 521 723 588 addidit
748 523 854 609 adque
882 525 929 587 i'ta
958 525 992 586 in
1021 521 1091 588 XII
1120 545 1248 588 menses
1275 545 1397 588 annum

256 625 418 694 distinxit.
446 625 593 712 plerique
609 633 716 688 autern
733 624 1067 708 adseruntffiingum
1080 623 1274 690 Sabinorum
1286 647 1398 710 regern

257 729 346 818 prius
369 727 536 792 annumin
559 747 687 789 menses
707 725 877 807 diuisisse‚
900 726 981 791 Idus
997 725 1229 812 Kalendasque
1251 737 1283 790 et
1300 728 1399 792 inter·
1497 793 1503 806 ,

257 829 382 896 calmas
413 827 483 892 dies
506 827 695 890 instituisso
732 844 922 892 unsarans
950 838 1057 892 autem
1080 849 1100 890 a
1122 825 1259 892 colendo
1280 828 1399 892 dietas.

257 930 343 1020 apud
370 929 520 1015 antiquos
550 930 636 992 enim
666 950 793 1013 semper
824 930 984 993 mensium
1010 929 1172 1016 principia
1197 928 1422 994 colebantur.s

256 1049 338 1098 rurs
366 1053 494 1118 quoque
523 1029 628 1094 dietae
651 1052 670 1092 a
691 1029 806 1094 diebus
829 1041 862 1095 et
884 1047 1004 1095 nonna
1026 1052 1046 1094 a
1068 1029 1233 1094 nundinis.
1268 1045 1400 1096 meuses

256 1145 364 1200 autom
388 1133 493 1196 omnis
520 1131 607 1218 apud
630 1129 767 1196 Latinos
791 1153 832 1196 ex
855 1131 1016 1196 Kalendis
1038 1141 1169 1196 sumunt
1191 1133 1399 1218 principiam.

256 1233 343 1322 apud
360 1235 543 1324 Aegyptios
559 1242 666 1298 autem
681 1234 842 1321 principia
856 1235 1014 1298 mensium
1031 1243 1107 1297 ante
1122 1231 1291 1298 Kalendas
1307 1243 1401 1320 quat·

210 1366 215 1374 ·
256 1347 330 1402 tuor
345 1334 397 1401 uel
413 1337 556 1422 quinque
577 1335 645 1398 siue
662 1356 791 1398 seuseu
806 1343 930 1420 septem
946 1343 1002 1400 aut
1017 1343 1090 1398 octo
1106 1335 1176 1399 dies
1187 1335 1399 1420 pronuntian-

256 1447 324 1520 tur,
346 1437 440 1500 iuxta
464 1436 549 1522 quod
574 1435 711 1500 formula
735 1435 881 1501 subiecta
903 1434 1047 1500 declarat
1068 1444 1180 1517 (ppara
1203 1445 1246 1516 I).
1281 1435 1400 1502 dehinc
1412 1453 1435 1492 1⁰

258 1666 323 1710 «turn
341 1661 489 1726 scriptores
509 1659 543 1708 ab
563 1657 616 1708 diis
634 1659 732 1709 inferia
751 1659 918 1708 Februarius
937 1659 1105 1724 appellatus,
1126 1659 1197 1724 quad
1215 1665 1269 1710 tum
1289 1660 1400 1710 iebnrs·

259 1735 301 1778 tur
319 1728 442 1793 populus,
463 1728 490 1776 id
509 1731 552 1776 est
569 1725 689 1791 lupercis
708 1727 787 1776 nudis
799 1726 931 1778 lustratur
944 1729 1083 1791 antiquom
1102 1728 1229 1793 oppidum
1242 1728 1401 1777 Palatinum

258 1795 387 1860 gregibus
407 1795 532 1844 hamanis
551 1793 690 1844 cinctum?
721 1795 832 1844 Verrius
845 1793 964 1845 Flaccus
977 1796 1053 1846 I'ast.
1068 1797 1223 1844 Praenest:
1245 1795 1401 1845 ‘Ianuarius

257 1879 337 1929 aeque
366 1865 441 1912 cliter-
468 1865 613 1927 appellatur
636 1863 664 1911 in
687 1861 793 1912 Latio'
836 1863 967 1913 ‘Manlius
991 1863 1026 1912 ab
1049 1864 1209 1914 Latinorum
1240 1867 1287 1914 deo
1312 1863 1401 1913 illaria

258 1930 411 1996 apellandi
443 1928 495 1992 (ll.
543 1929 636 1994 itaqua
666 1931 737 1995 apud
766 1931 888 1980 Albanos
917 1936 944 1980 et
975 1930 1120 1996 plerosque
1147 1931 1260 1996 populos
1289 1932 1402 1982 Latinas

258 1949 329 2048 idern
360 1999 411 2047 fnit
438 2004 503 2047 ante
530 1997 670 2047 conditam
698 1997 836 2050 somam)
889 2000 1001 2062 ‘Aprilis
1028 2013 1105 2048 sacer
1131 1999 1233 2048 Veneri
1266 1999 1337 2064 quod
1366 2015 1401 2048 ea

258 2081 317 2116 curn
343 2065 457 2114 Anchisa
482 2080 581 2130 pprens
606 2067 656 2128 fait
686 2067 794 2116 Aeneae
824 2066 897 2130 regis
925 2070 969 2130 an'
994 2071 1080 2130 penult
1111 2066 1197 2116 Iulum
1228 2082 1244 2116 a
1272 2083 1324 2131 quo
1354 2084 1400 2132 po·

258 2133 337 2200 palus
365 2133 503 2183 Romanus
532 2137 606 2182 onus
635 2139 684 2184 est.
721 2135 776 2183 Alii
800 2140 891 2198 patant
919 2140 956 2182 ita
983 2137 1136 2198 appellatam
1164 2149 1221 2184 esse
1252 2135 1316 2198 qnia
1346 2135 1399 2184 iru-

257 2217 306 2264 gas
329 2201 410 2251 flores
434 2200 620 2266 animaliaque
647 2218 680 2251 aa
703 2202 791 2252 maria
818 2207 845 2250 et
869 2207 960 2252 temne
990 2200 1169 2267 aperiuntur)
1210 2201 1403 2252 Cassiodorius

258 2269 321 2318 Var.
346 2269 358 2317 I
382 2268 428 2320 35:
460 2269 546 2334 ‘quod
574 2270 609 2319 ab
637 2270 706 2335 ipsis
728 2284 834 2335 quoque
859 2269 997 2319 mensibus
1020 2270 1101 2319 datur
1127 2269 1261 2334 intelligi,
1293 2271 1402 2334 quando

259 2353 291 2386 nx
315 2351 426 2386 numero
450 2338 575 2386 imbrium
599 2338 749 2388 futurorum
767 2341 955 2401 competenter
972 2339 1084 2386 nomina
1102 2336 1300 2402 susceperunt’
1337 2339 1402 2388 Cen-

256 2406 339 2454 sorini
360 2411 385 2454 el
409 2405 529 2454 Mamali
554 2408 671 2454 niensium
694 2410 837 2456 iterationes
859 2421 923 2470 quae
946 2405 986 2454 dic
1007 2412 1128 2469 poterant
1147 2407 1269 2455 adnotari
1290 2408 1315 2455 in
1334 2405 1401 2470 Sup-

255 2477 387 2544 plqraeulr's
404 2476 486 2535 poeni.
527 2473 671 2523 Kalendae
699 2473 763 2522 Idus
786 2469 896 2537 Nonae]
920 2473 1042 2522 Isidorus
1066 2474 1152 2538 origg.
1173 2473 1196 2522 V
1214 2472 1261 2534 33,
1284 2472 1313 2522 12
1326 2490 1399 2538 sqq:

259 2539 409 2588 'Kalendas
433 2547 523 2589 autem
547 2541 640 2591 Nonas
664 2547 692 2590 et
720 2541 783 2590 Idus
806 2545 918 2605 propter
941 2541 1027 2591 festos
1050 2541 1109 2590 dies
1135 2541 1250 2590 Romani
1275 2541 1400 2592 institae-

258 2613 320 2656 runt
341 2607 386 2656 uel
410 2613 521 2674 propter
543 2609 637 2658 cilicia
661 2609 877 2674 magistratuum.
914 2608 1023 2672 quidam
1043 2613 1133 2658 autern
1152 2609 1293 2658 Kalendas
1320 2625 1337 2658 a
1355 2625 1400 2659 co·

257 2673 338 2724 londo
358 2674 494 2738 appellari
514 2677 680 2726 existimant.
712 2676 782 2741 apud
806 2681 915 2726 aroteres
940 2678 1012 2726 enim
1036 2677 1154 2726 omnium
1176 2679 1307 2726 mensium
1326 2678 1401 2742 priu-

258 2743 332 2806 cipIn
357 2743 530 2792 colebantur:
560 2745 632 2794 sieut
655 2749 683 2793 et
707 2744 778 2809 apud
801 2743 953 2793 Hebraeos.
995 2743 1059 2794 Idus
1084 2749 1174 2793 autom
1197 2744 1321 2810 plerique
1347 2745 1400 2794 La-

258 2810 374 2860 tinorum
406 2811 441 2859 ab
472 2811 576 2860 edendo
607 2813 832 2876 dictasputant:
864 2811 934 2876 quod
965 2811 985 2860 ii
1015 2811 1074 2861 dies
1103 2812 1175 2876 apud
1202 2817 1311 2862 ueteres
1335 2829 1400 2878 epu-

258 2876 343 2928 larum
364 2883 465 2926 essent.
501 2879 597 2928 Nonae
617 2895 633 2927 a
651 2879 779 2928 nundInis
798 2885 928 2928 uocatae:
948 2879 1087 2929 nundinae
1108 2881 1179 2928 euim
1198 2879 1401 2944 suntpulrliane

258 2946 454 2994 crrrruontioncs
473 2946 532 2995 siue
551 2945 746 2996 mercimonia!
772 2946 883 2996 Servius
901 2949 967 2996 Aen.
988 2947 1054 2996 VIII
1072 2945 1135 2996 tor:
1156 2947 1280 2998 ‘Curiam
1300 2947 1400 2998 Calab-

259 3029 316 3062 ram
340 3012 422 3074 dicit,
454 3029 534 3077 quarn
558 3013 687 3064 Romulus
711 3019 819 3064 texerat
843 3013 946 3064 culmis.
984 3015 1046 3064 ideo
1070 3019 1161 3064 antem
1185 3015 1305 3066 Calabra
1330 3015 1402 3080 quod

260 3095 319 3128 cum
337 3080 462 3130 incertae
482 3087 575 3130 essent
593 3081 736 3130 Kalendae
756 3087 803 3130 aut
821 3081 885 3131 Idns
904 3097 921 3130 a
935 3082 1047 3132 Romulo
1066 3083 1241 3133 constitutum
1261 3091 1302 3133 est
1320 3091 1349 3132 ut
1363 3083 1402 3133 ibi

258 3153 351 3263 patrm
370 3147 414 3196 uel
433 3147 547 3214 populus
567 3149 739 3212 calarentur,
759 3150 777 3198 i.
797 3165 820 3198 e.
839 3155 1018 3211 uocarentur,
1041 3157 1071 3199 ut
1090 3151 1193 3200 scirent
1211 3167 1263 3216 qua
1281 3152 1326 3200 dic
1345 3151 1402 3200 Ka·

270 3215 357 3264 crnlao
377 3221 469 3264 essent
487 3216 531 3265 nel
550 3218 634 3266 etiarn
653 3217 725 3266 Idus.
746 3233 763 3266 a
776 3233 840 3282 roge
859 3217 1016 3267 sacrificulo
1028 3219 1100 3268 idem
1119 3217 1258 3282 denatat,
1272 3219 1402 3285 qnoniam

259 3283 348 3334 adlrnc
368 3283 433 3332 fasti
453 3299 506 3334 non
525 3289 613 3347 erant,
633 3284 756 3335 ludorum
775 3290 803 3333 et
821 3284 1018 3335 sacrificiorum
1037 3293 1252 3352 praenoscerent
1269 3285 1349 3337 dios!
1370 3313 1402 3322 ——

259 3351 344 3400 Varro
363 3351 395 3399 L.
414 3352 447 3400 L.
465 3351 504 3401 VI
523 3351 555 3401 27
574 3368 627 3418 sq.:
655 3353 754 3402 ‘Primi
771 3353 831 3404 dios
848 3354 982 3402 mansium
1000 3354 1133 3404 nominati
1153 3353 1293 3405 Calendaa
1314 3356 1348 3404 ab
1369 3371 1402 3406 eo

369 3430 375 3454 Ι

347 3547 356 3597 Ι
376 3545 462 3597 nimia
480 3541 563 3597 BDE
576 3534 589 3621 Η
604 3539 766 3619 pompilius
779 3537 842 3598 AE¹
860 3535 873 3622 Η
888 3539 1013 3600 addedit
1026 3537 1063 3599 Βι
1092 3537 1096 3624 Η
1111 3551 1202 3622 atque
1214 3538 1254 3599 13²
1269 3537 1283 3624 Η
1298 3543 1403 3622 itaque

257 3623 288 3682 in
307 3625 399 3680 Bora.
422 3627 446 3681 A
468 3619 480 3705 Η
501 3623 654 3682 aiensibus
673 3629 697 3682 A
719 3619 732 3706 Η
752 3635 768 3686 2
790 3626 1011 3684 distincxerunt
1029 3623 1081 3708 ΒΗ
1112 3637 1253 3686 asserunt
1274 3623 1369 3684 AB²D
1390 3624 1401 3709 Η

259 3707 378 3784 cingam
399 3711 509 3768 ABDE
523 3712 649 3768 Cirrciam
671 3714 840 3783 scriptorem
862 3715 952 3769 latere
971 3716 1103 3786 suspicor
1120 3714 1239 3771 Ancum
1261 3717 1405 3772 Areoalus

259 3796 316 3850 ‘aa
326 3792 494 3852 Sancumt'
519 3796 670 3852 Baedorus
685 3791 697 3876 Η
713 3795 886 3854 saninorum
901 3791 939 3852 B¹
956 3791 970 3877 Η
985 3807 1003 3859 3
1020 3796 1181 3855 diuidissct
1195 3794 1233 3854 B¹
1251 3791 1264 3878 Η
1280 3797 1404 3877 θὶῑτῒψ

257 3877 358 3956 adque
374 3877 401 3936 dr
419 3875 458 3935 B¹
475 3877 576 3958 icalq:
596 3875 623 3937 ds
640 3875 681 3936 ΒΙΖ
695 3879 855 3939 Kalendas
872 3889 903 3938 et
918 3877 954 3938 Α1
972 3876 985 3963 Η
1000 3891 1016 3942 A
1031 3881 1081 3940 kle
1103 3885 1129 3939 B
1144 3878 1156 3963 Η
1173 3891 1274 3942 autem
1293 3901 1347 3940 om.
1365 3879 1402 3940 A¹

172 4023 178 4036 ,
259 3957 271 4044 Η
290 3985 308 4020 a
332 3982 384 4019 om.
402 3967 429 4020 B
451 3958 464 4044 Η
486 3961 631 4023 colendos
650 3960 688 4021 B¹
709 3964 837 4024 colende
858 3971 883 4023 A
905 3961 918 4047 Η
939 3965 1039 4025 dictae
1062 3969 1089 4024 B
1133 3973 1236 4046 eaput
1250 3970 1275 4024 A
1289 3961 1302 4048 Η
1319 3987 1404 4027 men·

258 4067 344 4106 suum
360 4043 397 4104 B¹
420 4045 433 4128 Η
454 4050 577 4108 nomina
599 4049 747 4128 principia
763 4046 843 4108 B¹A²
865 4046 878 4130 Η
899 4050 1004 4114 (idioti
1022 4049 1085 4110 ΑΒ1
1133 4051 1221 4111 dibus
1245 4054 1271 4109 D
1293 4051 1406 4112 diebus

258 4131 306 4190 uel
326 4132 363 4190 ab
381 4133 475 4194 idulio
491 4137 631 4192 Areaalus
647 4133 760 4211 (edulio
776 4133 827 4212 al.)
843 4130 856 4217 Η
872 4155 968 4195 nouas
985 4140 1082 4196 Anon
1097 4137 1298 4196 assnondines
1315 4137 1406 4197 dines

262 4213 295 4276 13¹
313 4215 325 4297 Η
341 4225 356 4280 7
370 4216 422 4297 cx]
440 4222 497 4277 aB
511 4213 524 4300 Η
539 4217 698 4278 Kalendas
712 4224 737 4277 A
751 4215 764 4300 Η
779 4230 797 4284 8
811 4241 968 4280 mensuum
983 4217 1019 4279 ΒΙ
1039 4217 1051 4304 Η
1066 4229 1083 4284 9
1099 4233 1242 4302 quattuor
1252 4221 1303 4280 nel
1315 4222 1406 4302 qnin-

259 4321 317 4384 quo
336 4304 400 4362 sine
413 4323 466 4362 sex
484 4323 538 4362 sen
550 4311 668 4381 septem
680 4315 733 4364 aut
748 4313 815 4364 octo
829 4306 894 4366 dies
911 4311 949 4364 ol.
967 4317 1110 4386 quattuor
1125 4308 1320 4388 autquinque
1337 4312 1404 4381 AB,

259 4392 413 4458 Arcesilas,
430 4391 580 4448 Beckeras
596 4387 608 4468 Η
624 4389 677 4448 dos
692 4386 730 4446 B¹
748 4389 761 4470 Η
778 4401 811 4452 10
822 4391 903 4450 iusta
919 4388 972 4472 ΒΗ
989 4391 1116 4451 formala
1133 4388 1197 4450 AB¹
