3162 5058
240 371 303 434 336
519 383 713 426 carnaoavrr
737 383 902 426 nrsnoavrs
926 385 1102 433 nnurnvran

239 539 346 613 ment,
370 529 413 594 ab
436 551 476 594 ea
497 538 530 594 et
551 530 631 594 circi
652 528 902 616 appellationem
926 537 1205 614 argumentantur.
1246 551 1310 594 ona
1327 530 1384 596 bo·

238 633 311 698 nori
334 631 505 696 Castorum
533 629 723 694 adscribunt
749 631 805 715 qui
832 629 905 694 illos
934 651 997 700 ouo
1026 630 1132 694 etlitos
1157 629 1319 696 credendo
1342 629 1384 696 de

240 753 347 820 cygno
379 731 458 796 lone
491 753 557 796 non
585 731 793 796 erubescunt.
844 731 1013 817 delphines
1049 731 1201 818 Neptuno
1235 739 1381 796 comunt.

237 835 408 900 columnae
437 832 565 898 Sessias
595 853 616 896 a
651 831 958 914 sementationibus,
993 832 1131 897 Messias
1160 853 1181 894 a
1210 831 1382 913 messibus,

238 933 414 1000 Tutulinas
442 957 462 998 a
481 933 584 1000 tutela
611 933 776 1001 fructuum
801 935 973 1000 sustinent
1016 942 1092 998 ante
1119 933 1178 998 bas
1210 943 1276 998 tres
1306 947 1404 996 araas

234 1037 331 1102 trinis
360 1035 432 1100 dcis
454 1044 586 1123 parent:
630 1034 762 1120 Magnis
783 1033 977 1102 Potentibus
1001 1035 1206 1100 Veientibus.
1249 1033 1382 1099 eosdem

237 1191 288 1225 uus
306 1175 443 1241 Augustus
465 1175 494 1223 in
517 1174 591 1225 circo
614 1189 714 1239 magno
738 1173 835 1224 statuit
858 1175 966 1224 excisus
990 1179 1032 1224 est
1055 1191 1071 1224 a
1095 1189 1161 1240 rege
1180 1173 1381 1233 Semnsserteo‚

239 1259 291 1309 quo
309 1249 444 1308 regnante
462 1241 637 1307 Pythagoras
655 1243 683 1290 in
694 1243 820 1308 Aegypto
833 1243 898 1304 luit,
918 1249 1026 1292 centum
1039 1243 1139 1308 uiginti
1152 1243 1269 1308 quinque
1282 1239 1382 1306 pedum

239 1319 267 1362 et
290 1311 446 1374 dodrantis,
470 1317 582 1376 praeter
603 1311 684 1360 basin
707 1311 829 1360 eiusdem
850 1310 965 1375 lapidis:
989 1311 1013 1360 ia
1035 1326 1103 1361 uero
1126 1319 1211 1376 quein
1228 1309 1257 1359 in
1283 1323 1382 1373 campo

140 1393 148 1408 ·
237 1381 338 1430 Martio
357 1395 455 1448 nepem
473 1377 589 1444 pedibus
607 1377 694 1428 minor
713 1393 729 1427 a
747 1376 910 1428 Sesostride.
950 1379 1076 1443 inscripti
1096 1381 1175 1428 ambo
1194 1392 1283 1432 rernm
1301 1383 1381 1424 natn·

237 1465 285 1498 rae
309 1449 565 1513 interpretationem
588 1445 785 1511 Aegyptiorum
811 1445 986 1512 pbilosophis
1010 1445 1171 1497 continent’
1211 1443 1327 1495 XXXVI
1350 1441 1380 1492 8:

238 1515 355 1566 ‘Trabes
374 1531 407 1565 ex
426 1515 538 1578 Syenite
561 1529 696 1564 marmore
720 1515 846 1563 fecerunt
868 1529 948 1580 reges
975 1515 1093 1579 quodam
1111 1515 1262 1565 certamine
1281 1512 1380 1562 obelis-

239 1600 286 1634 cos
303 1589 437 1634 uocantes
460 1582 526 1632 solis
549 1582 653 1632 numiui
676 1580 820 1632 saeratca.'
840 1609 871 1616 -
909 1583 994 1632 Varro
1013 1585 1045 1632 1..
1065 1585 1097 1632 L.
1116 1583 1140 1631 V
1161 1583 1221 1632 154:
1250 1583 1380 1632 ‘Intumns

239 1653 328 1702 circus
348 1653 382 1701 ad
394 1651 529 1701 Murciam
546 1655 662 1700 uocatur
678 1654 709 1698 ut
726 1649 861 1699 Procilius
880 1650 975 1699 aiebat
994 1647 1028 1700 ab
1047 1651 1151 1714 urceis,
1172 1649 1285 1715 quodie
1304 1648 1380 1698 locus

168 1745 174 1772 ·,
239 1725 313 1770 esset
335 1721 408 1770 inter
426 1718 537 1784 ligulas:
563 1718 611 1766 alii
633 1717 728 1767 dicunt
745 1733 762 1766 a
780 1723 898 1768 morteto
916 1719 1097 1782 declinatum,
1123 1721 1194 1784 quod
1217 1719 1256 1768 ibi
1274 1718 1301 1767 id
1320 1717 1380 1766 lua·

238 1789 284 1836 rit:
305 1789 400 1852 quoius
417 1786 565 1852 uestigium
582 1790 685 1846 manet,
709 1785 780 1849 quod
797 1786 836 1834 ibi
855 1786 986 1836 sacellum
1006 1788 1089 1836 etiam
1104 1803 1176 1836 nrrnc
1188 1787 1313 1836 Murteae
1326 1785 1380 1834 Ve-

238 1853 332 1906 noris.¹
368 1855 405 1904 ct'.
424 1855 527 1904 Paulus
545 1853 624 1904 Festi
642 1869 667 1918 p.
689 1851 745 1902 iss.
783 1852 895 1902 Servius
913 1854 982 1904 Aen.
1002 1853 1066 1904 VIII
1083 1855 1147 1906 036:
1172 1854 1269 1904 ‘Vallis
1287 1857 1380 1904 antem

238 1925 299 1990 ipsa
320 1923 366 1973 ubi
390 1923 529 1972 circenses
553 1921 620 1971 editi
642 1925 705 1970 surrt
726 1920 790 1970 ideo
808 1922 915 1972 Murcia
932 1923 1008 1981 dicta
1026 1927 1081 1984 cst,
1102 1923 1167 1988 qnia
1185 1922 1294 1987 quidam
1312 1920 1379 1970 uici·

237 2007 301 2042 num
319 1995 438 2040 nrcntern
455 1992 578 2040 Murcum
598 1989 766 2054 appellatum
784 1989 890 2038 uolunt:
911 1989 958 2038 alii
977 1991 1047 2055 quod
1065 1991 1159 2040 fanum
1178 1990 1294 2040 Veneris
1313 1989 1379 2038 Ver·

237 2059 371 2109 tieordiae
395 2059 434 2108 ibi
458 2057 553 2120 fuerit,
577 2057 653 2106 eirca
676 2057 747 2121 quod
765 2063 860 2106 nemus
880 2073 894 2106 e
918 2060 1043 2121 myrtetis
1062 2059 1173 2120 fuisset,
1191 2059 1380 2108 indemutata

236 2127 331 2177 littera
347 2127 480 2176 Murciam
500 2125 680 2190 appellatam:
705 2124 753 2174 alii
771 2125 920 2176 murcidam
938 2142 956 2175 a
974 2142 1066 2176 murco
1082 2128 1152 2191 quod
1170 2131 1213 2176 est
1230 2125 1379 2175 murcidum

237 2196 339 2244 dictum
357 2195 460 2244 uolunt.
497 2209 562 2259 pars
578 2210 595 2242 a
613 2193 665 2242 dea
682 2193 789 2242 Murcia
807 2193 882 2256 dicit,
903 2209 972 2258 quac
992 2211 1052 2244 cum
1071 2195 1110 2244 ibi
1127 2194 1318 2244 Bacchanalia
1336 2207 1378 2242 es·

238 2269 308 2326 sent,
327 2263 446 2312 furorem
465 2262 538 2312 sacri
554 2262 641 2327 ipsius
659 2261 809 2310 murcidum
827 2261 953 2312 laceret)
973 2287 1005 2298 --
1041 2263 1160 2312 isidorus
1183 2263 1269 2326 origg.
1288 2261 1378 2312 XVHI

237 2329 360 2382 att-31:
391 2330 577 2381 ‘Ornamenta
600 2328 667 2378 circi
693 2344 747 2378 oua
770 2333 844 2379 meta
867 2329 1005 2380 obeliscus
1029 2347 1165 2381 carceres.
1207 2346 1260 2380 oua
1282 2329 1378 2378 honori

238 2399 361 2450 Castoris
385 2404 413 2450 et
431 2399 552 2448 Pollucis
577 2397 733 2457 ascribunt,
758 2401 803 2460 qui
822 2397 884 2446 illos
903 2413 956 2448 oua
974 2399 1062 2448 editos
1081 2399 1217 2448 credendo
1235 2399 1270 2448 de
1288 2412 1378 2462 cygno

237 2468 302 2517 lone
321 2483 375 2516 non
393 2467 549 2516 crubesunt.
581 2465 688 2530 lingunt
710 2469 802 2514 erstem
826 2466 962 2516 circensia
980 2467 1097 2516 Romani
1115 2467 1150 2516 ad
1168 2481 1268 2516 causas
1286 2465 1378 2516 mnndi

236 2534 347 2585 reterri:
376 2539 408 2584 ut
430 2535 479 2584 sub
502 2535 555 2584 bac
579 2536 672 2598 specie
696 2533 906 2597 superstitiones
933 2536 1100 2585 sanitatum·
1115 2550 1225 2585 auarum
1247 2538 1379 2582 excusent

237 2601 283 2666 (cs.
299 2603 395 2667 [rapsa.
414 2599 518 2668 189ff).
553 2607 687 2652 metarum
711 2601 810 2666 quippe
836 2601 1021 2667 appellatione
1045 2604 1153 2668 proprie
1177 2602 1320 2652 terminum
1344 2615 1377 2651 ac

237 2671 318 2722 linem
336 2671 428 2720 mnndi
445 2670 586 2736 designari
604 2669 713 2728 nolunt,
738 2669 773 2716 ab
793 2684 825 2717 co
845 2671 915 2734 quod
933 2670 1016 2720 alicui
1035 2687 1160 2721 emensus
1178 2670 1240 2720 linis
1258 2670 1377 2720 estsine

238 2739 273 2789 ad
296 2739 480 2788 testimoninm
508 2738 622 2787 orientis
649 2735 853 2800 occidentisque
882 2737 956 2788 solis.
992 2739 1141 2790 obeliscum
1164 2738 1307 2802 Mesphres
1330 2753 1377 2786 rex

236 2807 355 2871 Aegypti
373 2807 475 2871 primus
498 2806 599 2855 iecisse
618 2805 706 2854 iertur
723 2804 773 2854 tali
792 2821 825 2854 os
844 2821 936 2856 causa.
979 2823 1039 2856 curn
1057 2807 1173 2872 quodam
1190 2811 1312 2871 tempore
1331 2805 1377 2854 Ni·

235 2873 278 2923 lnr
302 2873 425 2924 molente
451 2873 631 2922 inundatione
654 2873 781 2938 Aegypto
803 2873 955 2936 nocuisset,
980 2875 1140 2940 indignatas
1163 2891 1209 2924 rer
1238 2879 1376 2938 tamquam

236 2955 341 3006 poenas
366 2957 383 2990 a
406 2941 515 2990 flumine
540 2941 664 3005 exigeret
691 2941 824 3003 sagittam
847 2943 876 2990 in
898 2943 987 2992 undas
1009 2943 1090 2993 misit
1131 2957 1187 2994 non
1209 2941 1293 2992 multo
1316 2947 1378 3007 post

175 3007 177 3010 ’
236 3010 316 3074 grain
333 3008 493 3060 ualetudine
512 3013 653 3072 correptus
675 3007 767 3058 lumen
791 3011 897 3070 amisit;
922 3011 966 3075 qui
989 3017 1051 3075 post
1073 3013 1239 3061 eaecitatem
1258 3011 1318 3060 nisu
1336 3019 1383 3061 re·‘

236 3083 316 3142 cepto
339 3077 407 3126 duos
430 3077 566 3128 obeliscos
585 3075 636 3126 soli
662 3077 794 3126 sacrauit.
831 3078 970 3128 obeliscus
988 3081 1061 3128 enirn
1078 3079 1183 3144 sagitta
1200 3079 1311 3138 dicitur:
1331 3079 1378 3143 qui

235 3145 298 3195 ideo
315 3145 344 3194 in
362 3145 451 3196 medio
470 3146 543 3194 circo
562 3145 671 3210 ponitur
694 3143 758 3208 quia
780 3161 830 3210 per
848 3147 963 3196 medium
988 3147 1113 3196 mundum
1132 3147 1174 3196 sol
1192 3147 1285 3196 currit.
1320 3163 1376 3196 rne-

235 3213 280 3262 dio
299 3218 389 3262 autem
408 3212 498 3278 spatio
517 3213 552 3263 ab
572 3219 686 3276 utraque
709 3217 783 3263 meta
802 3215 965 3264 constitutus
988 3214 1126 3264 obeliscus
1145 3215 1287 3280 fastigium
1305 3229 1376 3266 snm·

187 3295 189 3300 ’
235 3281 413 3346 mitaternqne
432 3281 505 3331 caeli
524 3280 677 3346 significat,
702 3296 762 3330 cnm
786 3281 827 3331 sol
846 3283 881 3332 ab
900 3289 1014 3348 utroque
1033 3283 1123 3348 spatio
1141 3283 1230 3332 madio
1248 3283 1376 3334 horarum

235 3349 393 3398 discrimine
412 3349 591 3400 transcendit.
621 3364 725 3398 summo
743 3349 866 3400 obelisco
883 3351 1083 3416 superpositum
1097 3356 1139 3402 cst
1148 3350 1282 3415 quoddam
1297 3365 1375 3401 aura·

234 3423 291 3466 tum
309 3418 338 3466 in
356 3417 464 3467 modnrn
482 3417 607 3468 dammae
632 3417 792 3481 formatum,
812 3419 940 3482 quoniam
958 3419 999 3470 sol
1017 3419 1161 3484 plurimum
1179 3419 1208 3468 in
1225 3433 1255 3470 ae
1275 3419 1376 3469 caloris

235 3491 317 3550 atquc
335 3485 408 3550 ignis
426 3484 529 3535 babet.¹
548 3511 578 3520 -
599 3484 791 3536 Cassiodorius
808 3501 866 3536 var.
880 3485 978 3536 11151:
1004 3487 1124 3537 ‘Primus
1143 3487 1215 3536 enim
1233 3486 1284 3536 boc
1305 3487 1376 3552 apud

233 3553 340 3602 Elidem
357 3553 442 3604 Asiae
465 3553 607 3604 ciuitatem
626 3553 781 3604 Oenomaus
805 3554 893 3604 fertur
916 3554 1049 3617 edidisse,
1073 3554 1143 3620 quod
1161 3560 1258 3620 postea
1276 3555 1375 3604 Romu·

233 3619 276 3669 lus
299 3621 328 3670 in
350 3627 432 3686 raptu
450 3621 615 3671 Sabinarum
637 3621 754 3671 necdum
778 3621 901 3674 fundatis
923 3623 1056 3672 aedificiis
1079 3622 1209 3673 ruraliter
1225 3623 1376 3673 ostentauit

232 3687 341 3738 ltaliae.
377 3689 426 3738 sed
450 3689 543 3740 mundi
565 3689 689 3739 dominus
714 3689 748 3738 ad
771 3691 922 3754 potentiam
940 3705 1017 3740 snam
1035 3705 1102 3757 opus
1121 3690 1256 3740 extollens
1274 3692 1374 3740 miran-

234 3755 296 3806 dam
315 3756 398 3808 etiam
417 3757 547 3808 Romanis
565 3757 700 3808 fabricam
719 3757 747 3806 in
766 3757 866 3807 uallem
884 3759 1016 3808 Murciam
1035 3759 1154 3808 tetendit
1171 3759 1320 3824 Airgnstus.
1345 3764 1376 3808 nt

233 3824 368 3874 immensa
385 3825 471 3875 moles
493 3824 607 3874 tirmiter
629 3826 790 3890 praecincta
813 3826 949 3876 montibus
968 3827 1130 3888 contineret,
1148 3827 1196 3876 ubi
1214 3841 1374 3892 magnarum

233 3907 323 3940 rernrn
346 3893 449 3942 indicia
473 3892 675 3944 clauderentur.
716 3893 828 3943 bissena
851 3895 952 3960 quippe
976 3896 1050 3944 ostia
1072 3893 1108 3944 ad
1130 3893 1274 3945 duodecim
1292 3897 1375 3960 signa

233 3965 391 4024 posuerunt.
426 3961 496 4012 baec
514 3962 549 4011 ab
572 3959 702 4010 hermulis
726 3959 835 4011 funibus
857 3963 985 4012 demissis
1003 3963 1096 4014 subita
1118 3963 1288 4026 aequalitate
1307 3978 1373 4028 pan·

233 4025 341 4090 duntur,
360 4029 492 4079 docentes
510 4034 596 4079 toturn
613 4028 672 4078 illic
689 4033 719 4078 ut
736 4029 885 4094 putabatur
903 4030 1018 4080 consilio
1037 4031 1106 4094 geri,
1123 4029 1171 4079 ubi
1189 4031 1280 4096 imago
1298 4032 1374 4095 capi·

232 4096 269 4146 tis
287 4097 463 4160 cognoscitur
484 4097 604 4162 operari.
639 4095 745 4147 colores
769 4101 860 4147 autem
877 4097 906 4146 in
923 4099 1013 4148 nicem
1031 4105 1183 4164 temporum
1202 4097 1374 4163 quadrifaria

319 4247 332 4295 l
361 4241 541 4311 argutantur
565 4237 619 4292 Fr.
647 4235 750 4292 Iunias
776 4227 789 4314 11
814 4195 945 4294 21εοιιε
969 4252 1069 4314 cygno
1092 4229 1190 4315 ,1113
1213 4235 1372 4315 delphines

234 4319 416 4392 Ganyneias:
438 4317 599 4397 delphinos
614 4321 639 4376 A
653 4313 667 4400 11
682 4328 814 4378 nomunt.
830 4319 990 4379 columnae
1004 4323 1161 4381 oehlerus.-
1181 4331 1306 4380 nomunt
1323 4341 1372 4379 co·

232 4401 363 4462 lamnae.
378 4409 462 4479 augo
476 4399 490 4484 11
505 4416 521 4465 5
534 4403 677 4463 tutelinas
688 4407 730 4462 Ab
746 4399 759 4486 11
774 4408 841 4466 asA
856 4399 902 4488 116
917 4407 988 4466 tinia
999 4401 1043 4488 Α11
1053 4406 1234 4467 Veientibus
1251 4427 1305 4468 ora.
1318 4410 1344 4464 A
