3138 5100
256 379 318 440 492
676 400 708 440 m
722 399 823 442 rursu
838 391 987 440 rsauurrr

256 554 410 632 ticiparet,
429 557 490 638 sacis
507 553 602 632 ipsius
622 555 709 612 rebus
733 549 910 629 ‘neglectis’
934 551 985 612 vel
1007 551 1215 630 ‘postpositis,
1237 529 1393 630 postliabi-

256 657 311 715 tis’
328 655 368 714 ad
384 656 519 735 inopiam
536 675 604 713 esse
620 655 761 714 redactus
778 653 940 714 diceretur.
983 654 1122 733 Eamque
1144 653 1243 732 ipsam
1264 654 1296 712 in
1312 655 1392 712 viam

255 767 344 816 vetus
367 778 423 816 nos
440 757 597 816 Parisinus
619 757 716 830 ducit,
741 775 766 814 e
781 757 865 814 cirins
881 756 1031 836 scriptura
1046 758 1149 814 aetatis
1163 773 1233 814 suae
1245 765 1312 829 past
1327 759 1393 814 sub·

256 864 322 918 latis
350 860 507 919 lenissima
532 861 773 938 transpositione
801 859 928 931 eruitur,
957 857 1041 938 quod
1069 877 1087 916 a
1111 859 1220 917 Porcio
1249 849 1393 936 scripturn

258 981 325 1022 esse
342 983 397 1041 pro
413 970 495 1020 certo
512 961 708 1034 affirmamus,
732 965 834 1018 aelatae
847 977 932 1027 suae,
953 955 967 1040 ll
988 961 1055 1019 Sais
1071 963 1204 1034 partiatis
1218 963 1303 1022 rebus
1318 979 1344 1018 e.
1363 981 1392 1040 q.

256 1085 281 1124 s.
325 1065 430 1143 Ipsum
441 1067 584 1138 postlatus
604 1063 785 1122 vocabulum
801 1064 943 1143 quotiens
965 1063 1016 1121 vel
1031 1071 1207 1141 usurpatum
1228 1081 1246 1119 a
1266 1062 1393 1140 scripto-

257 1166 339 1226 ribus
356 1167 407 1225 vel
423 1187 441 1224 a
463 1164 594 1224 librariis
610 1165 800 1226 obscuratum
821 1165 874 1238 sit,
896 1163 1018 1223 idoneis
1040 1164 1188 1243 exemplis
1210 1161 1394 1223 Oudendor-

258 1269 326 1347 pius
346 1269 378 1326 in
402 1268 486 1326 Suet.
502 1268 555 1326 vit.
574 1266 602 1326 d.
619 1269 699 1346 Aug.
721 1289 746 1326 c.
762 1275 795 1330 77
816 1266 928 1326 docuit.
955 1299 996 1306 -
1019 1265 1160 1325 Ceterum
1187 1265 1226 1324 ad
1248 1263 1393 1324 nobilium

258 1345 430 1428 inlecebras
446 1369 515 1428 illas
531 1377 563 1427 ut
578 1371 683 1448 paucis
706 1369 880 1442 redeamus,
903 1371 1042 1426 Albanam
1065 1369 1148 1427 cuius
1171 1367 1262 1426 iuuerit
1281 1368 1394 1426 incom-

258 1479 377 1550 pertum
393 1469 490 1530 nobis.
535 1472 680 1530 Fortasse
702 1471 983 1551 ipsius'Scipionis:
1005 1471 1052 1528 cui
1074 1471 1265 1528 coniecturae
1286 1470 1394 1528 saltem

258 1571 335 1632 illud
352 1593 414 1632 non
430 1571 532 1632 obstat
547 1573 629 1652 quod
647 1573 801 1652 Scipionis
817 1573 877 1631 iam
898 1581 969 1631 ante
989 1573 1104 1631 mentio
1127 1573 1207 1630 facte
1223 1573 1290 1630 est*
1314 1571 1394 1630 Satis

259 1675 341 1732 enim
367 1673 524 1733 commode
547 1683 629 1752 ¹post
656 1675 849 1753 Scipionem,
880 1675 1022 1746 Furium,
1050 1675 1190 1732 Laelium
1218 1672 1395 1751 singillatim

259 1784 521 1848 commemoratos,
549 1785 581 1834 ut
608 1775 684 1856 quos
705 1777 737 1834 in
759 1775 833 1835 urbe
856 1785 949 1854 poeta·
969 1776 1107 1853 singulos
1128 1776 1258 1847 coleret,
1286 1783 1394 1854 quarto

258 1877 324 1936 loco
347 1878 453 1960 inferri
477 1877 639 1936 cuiuslibet
662 1878 736 1936 villa
758 1879 857 1956 potuit
882 1885 1036 1958 tamquam
1059 1897 1217 1937 commune
1233 1878 1396 1960 amicornm

258 1979 378 2039 illorum
405 1980 537 2036 cranium
560 1979 795 2039 conciliabulum
819 1981 986 2059 voluptatis
1014 1979 1263 2059 deliciarumque.
1306 1979 1396 2057 Quae

259 2082 284 2140 si
300 2081 376 2140 ratio
400 2081 482 2140 inter
496 2099 525 2138 v.
542 2089 568 2139 7.
584 2092 601 2144 3
617 2090 690 2140 etv.
707 2089 724 2142 4
746 2080 909 2150 intercedit
932 2080 1016 2160 (uam
1037 2083 1134 2160 primo
1155 2101 1246 2141 versu
1266 2101 1396 2160 genera-

259 2185 327 2258 tim,
353 2203 432 2264 quae
455 2203 511 2261 per
533 2191 637 2262 partes
662 2185 854 2262 explicantur
877 2182 1040 2262 deinceps,
1070 2181 1394 2264 comprehenduntur),

259 2287 350 2344 etiam
372 2286 495 2364 planius
520 2285 711 2363 intellegitur
738 2305 826 2365 quam
853 2305 871 2343 a
896 2285 1026 2344 veritate
1053 2284 1216 2344 abhorreat
1241 2285 1399 2344 Rothiana

258 2389 350 2460 ratio,
379 2388 430 2466 qui
456 2388 524 2466 ipso
541 2396 648 2468 quarto
672 2407 763 2446 versu
785 2386 945 2466 spodosim
959 2387 1024 2445 lieri
1047 2387 1278 2465 praemissarum
1293 2395 1396 2466 prota-

258 2490 334 2552 sium
349 2488 407 2548 sibi
424 2489 575 2567 persuasit
591 2509 714 2568 prorsus
729 2488 917 2548 mirabiliter.
1005 2505 1009 2514 ·

341 2591 417 2668 Peg.
434 2591 490 2662 28,
505 2589 525 2650 2
541 2592 593 2669 qui
608 2591 779 2670 insequitur
794 2611 914 2664 versus,
931 2592 963 2650 in
979 2591 1120 2650 Parisino
1135 2591 1206 2650 talis
1224 2599 1284 2649 est:
1300 2595 1398 2666 itaqua

257 2712 296 2752 ca
307 2703 461 2766 conspecta
474 2697 595 2750 uraniam
608 2697 666 2751 abit
674 2697 801 2768 praciam
814 2698 842 2752 r‘a
855 2703 963 2752 terram
979 2696 1116 2754 ultimam.
1144 2691 1204 2753 Vbi
1222 2693 1265 2752 sic
1283 2691 1396 2754 discre-

258 2803 335 2876 pant
353 2795 463 2868 ceteri,
481 2802 513 2854 ut
532 2793 669 2874 (praeter
688 2813 703 2853 e
725 2795 851 2854 formam
866 2817 922 2875 pro
939 2813 979 2854 eac
994 2792 1199 2874 substitutam)
1218 2797 1269 2854 vel
1285 2799 1352 2854 abd!
1365 2802 1396 2854 tn

256 2901 404 2974 praecium
416 2906 524 2954 terram
537 2895 671 2975 prodant
683 2897 733 2956 vel
746 2898 814 2955 abiit
826 2902 854 2956 in
865 2902 992 2973 precium
1006 2903 1035 2956 in
1048 2907 1156 2956 terram
1168 2898 1220 2956 vel
1230 2901 1287 2955 abit
1301 2894 1395 2976 (abdi)

258 3005 287 3060 ia
298 3004 424 3076 precium
438 2999 550 3057 omissa
564 3010 672 3057 terram
685 3019 777 3058 voce:
789 3009 821 3058 ut
832 3001 950 3060 incerta
962 2999 1037 3060 sede
1055 3000 1199 3058 fluctuare
1217 3003 1246 3057 r'a
1263 3019 1396 3078 praepo-

258 3102 402 3162 sitionem
414 3109 573 3186 appareat.
596 3101 736 3174 Numeris
753 3110 854 3160 autern
870 3123 929 3183 quo
945 3103 1020 3162 satis
1031 3103 1098 3176 liat,
1116 3102 1194 3161 duae
1207 3102 1291 3161 solae
1304 3102 1396 3160 corri-

258 3204 353 3283 gendi
368 3205 437 3262 viae
454 3211 577 3282 patent:
594 3211 646 3262 aut
657 3211 689 3262 ut
705 3203 773 3262 actu
791 3205 942 3262 Graeciam
966 3205 996 3262 ia
1014 3213 1124 3262 terram
1143 3203 1288 3283 probetur
1301 3211 1398 3263 antut

258 3308 316 3366 cibit
327 3311 355 3364 ia
365 3307 515 3366 Graeciam
528 3315 652 3364 terram:
665 3305 765 3364 nullus
779 3315 826 3364 est
838 3308 919 3366 enim
929 3327 1018 3386 quem
1027 3307 1155 3365 Rotbius
1164 3325 1286 3366 versum
1297 3306 1395 3364 finxit.

258 3411 365 3468 Vtrum
377 3417 521 3487 praestet,
535 3428 599 3466 non
613 3415 658 3466 est
669 3407 793 3467 difficile
806 3407 955 3467 iudicatu:
969 3408 1156 3486 perindeval
1169 3412 1226 3466 abit
1237 3409 1397 3486 praesenti

258 3519 396 3589 tempore
414 3511 465 3572 vel
478 3510 614 3589 perfecto
627 3513 694 3568 abiit
706 3509 872 3578 dicebatur,
887 3531 949 3570 non
962 3510 1092 3588 perinde
1104 3514 1133 3568 r'a
1144 3511 1331 3589 praepositio
1345 3509 1397 3568 vel

258 3612 508 3691 praemittebatur
516 3613 567 3670 vel
579 3612 681 3672 media
692 3610 891 3672 inserebatur.
908 3614 986 3672 Nam
998 3613 1120 3690 poetico
1132 3621 1249 3672 tantum
1259 3612 1397 3684 artificio,

260 3714 350 3794 quale
366 3712 404 3772 ab
420 3714 477 3772 hoc
492 3733 607 3792 genere
623 3715 790 3773 litterarum
812 3715 1029 3774 alienissimum
1051 3723 1112 3787 est,
1134 3715 1178 3773 sic
1198 3715 1283 3794 loqui
1306 3717 1399 3772 Graa-

258 3818 331 3872 rr'am
348 3819 376 3872 in
393 3823 501 3874 terram
517 3816 614 3890 licuit,
639 3837 728 3896 quem
749 3814 925 3875 admodum
942 3818 1090 3874 Celtiberia
1110 3821 1138 3873 ia
1159 3825 1239 3874 terra
1258 3814 1398 3876 Catullus

258 3925 308 3985 39,
334 3922 363 3978 17
388 3916 480 3976 dixit:
503 3922 533 3976 r'a
558 3919 708 3976 Graeciam
730 3925 838 3975 terram
872 3917 936 3995 (vel
957 3918 1048 3976 ctiam
1068 3918 1206 3976 usitatius
1234 3922 1399 3975 interram

260 4016 423 4096 Graeciam)
451 4037 562 4098 prorae
584 4021 730 4080 orationis
751 4021 978 4099 simplicitatem
999 4039 1127 4078 servans
1143 4019 1267 4078 castitas
1283 4039 1383 4078 sermo

259 4120 307 4178 nis
331 4121 450 4200 antiqui
475 4121 665 4202 postulabat,
692 4123 769 4182 sicut
794 4124 827 4180 in
848 4123 1024 4182 Trinummo
1054 4125 1168 4180 aaaron·
1194 4124 1234 4179 acl
1258 4125 1398 4179 Arabiam

259 4231 368 4280 terram
381 4207 621 4284 samus'Plautus
639 4223 716 4284 dixit
730 4243 759 4282 v.
775 4233 841 4297 933,
865 4225 1002 4284 Arabiam
1021 4227 1060 4281 ad
1081 4231 1191 4282 terram
1212 4243 1276 4282 uon
1298 4224 1398 4301 magis

260 4325 358 4400 potuit
388 4345 492 4404 quam,
522 4327 573 4404 qui
600 4336 722 4404 poetam
747 4347 811 4384 non
838 4335 958 4404 ageret,
989 4327 1120 4384 Rlcaam
1145 4330 1174 4384 ia
1198 4329 1319 4400 fluuium
1345 4325 1399 4386 vel

260 4429 457 4484 Alexandrum
474 4430 513 4483 ad
524 4431 625 4499 filiunt.
657 4429 722 4488 Noc
737 4427 840 4501 aliter,
857 4429 909 4507 qui
926 4411 1051 4487 Catonis
1068 4427 1277 4506 Varronisque
1295 4445 1398 4487 onem-
