3190 5098
276 387 338 448 tto
611 399 833 452 nvenerronss
857 398 1084 440 svuroumnns

277 557 342 618 dite
357 555 448 630 CXI,
464 561 592 614 mortem
603 553 730 632 Pompei
743 554 774 612 iu
788 551 868 612 libro
884 551 976 612 OXII
989 559 1142 610 narratam
1157 569 1235 624 esse,
1255 569 1320 609 cnm
1333 543 1418 609 utia-

275 678 336 741 que
350 658 389 718 ab
407 659 597 736 Hieronymo
615 657 736 716 inverso
760 653 863 714 ordine
883 653 921 715 ed
943 653 1074 713 eundem
1091 673 1201 713 ennom
1220 653 1418 713 referrentur.

276 770 438 843 praeterea
451 759 558 820 miram
581 757 662 816 foret
676 759 703 816 ei
719 757 928 838 Hieronymus
941 756 1020 816 hano
1035 765 1148 815 tantum
1165 764 1282 835 portem
1294 755 1420 815 Liviani

277 865 375 945 operis
391 881 559 942 excerpere
577 857 735 918 voluisset.
763 879 822 917 nec
835 859 973 918 nominat
986 859 1106 917 Livium
1123 857 1176 917 sed
1192 858 1308 937 profert
1317 858 1419 916 Tron-

203 973 207 983 ’
277 965 367 1048 quilli
385 983 496 1024 nomon
510 963 561 1022 ubi
578 969 718 1020 auctores
739 959 1011 1020 additamentorum
1030 979 1148 1020 suornm
1165 959 1315 1037 signifieat
1332 957 1419 1038 (tom.

197 1064 200 1072 ’
277 1068 357 1129 VIII
370 1074 429 1145 p.'t
449 1063 559 1143 Voll.):
585 1085 604 1122 a
619 1067 704 1142 Troia
720 1079 807 1138 usqne
820 1067 859 1120 ad
872 1067 1029 1122 morcinum
1044 1065 1214 1120 Constantini
1227 1081 1328 1130 annum
1343 1083 1422 1122 nnnc

277 1173 371 1229 addita
385 1187 460 1226 nnnc
475 1171 563 1226 mixta
579 1174 645 1226 sunt
652 1169 788 1240 plurima,
805 1183 876 1239 potue
890 1168 924 1222 de
943 1167 1105 1240 Tranquillo
1120 1173 1147 1222 rt
1159 1169 1257 1223 ceteris
1270 1167 1422 1223 r'tlustribns

277 1263 416 1331 historicis
429 1273 632 1344 accepsimas.
658 1268 752 1327 ceteri
768 1276 869 1326 autem
881 1267 1018 1326 historici
1037 1285 1113 1347 quoe
1129 1267 1334 1346 Hieronymus
1347 1287 1422 1326 con-

279 1373 372 1433 suluit
383 1373 474 1450 longe
487 1377 557 1431 sunt
574 1370 750 1448 posterioris
763 1370 873 1428 aetatis
885 1388 975 1448 quam
992 1389 1053 1449 que
1062 1367 1260 1448 Tranquillus
1274 1371 1361 1428 visit.
1378 1371 1420 1427 et.

278 1475 484 1534 Mommsenue
496 1473 518 1534 l.
531 1494 557 1533 c.
573 1493 603 1554 p.
616 1482 681 1544 683,
699 1471 751 1531 ubi
768 1469 903 1530 tabulam
919 1479 1075 1530 auctorum
1090 1472 1205 1547 exegit.
1223 1473 1325 1552 itaque
1339 1470 1421 1551 quod

280 1576 443 1638 Suetonius
460 1595 563 1635 eorum
585 1573 813 1655 antiquissimus
831 1573 902 1646 tuit,
927 1571 959 1631 id
980 1574 1012 1632 in
1036 1591 1129 1631 causo
1148 1572 1242 1633 fnisse
1264 1583 1365 1653 putot,
1388 1583 1423 1631 ut

279 1679 485 1756 Hieronymus
515 1677 553 1736 ed
581 1680 646 1736 sius
676 1677 770 1736 solius
794 1676 1004 1734 enormitatem
1031 1676 1206 1734 nominatim
1230 1683 1422 1754 provocaret.

280 1780 391 1854 quodsi
404 1780 485 1838 hunc
500 1779 678 1856 fragmentis
691 1797 770 1858 quae
787 1797 878 1858 supra
894 1778 982 1856 posui
997 1776 1151 1836 historiam
1164 1777 1333 1837 huiusmodi
1350 1797 1422 1836 cou-

282 1883 439 1961 scripeieee
456 1879 642 1940 subindiceri
653 1879 788 1953 videtur,
808 1901 869 1940 non
887 1879 980 1939 facile
997 1878 1089 1938 oredo
1103 1879 1423 1960 quiequsmrcpngns·

281 1984 327 2044 bit
341 1983 500 2064 quominus
517 1991 663 2062 excerpta
678 1983 743 2042 eius
757 1983 879 2060 generis
894 1982 1136 2062 Hieronymians
1151 1981 1335 2062 Tranquillo
1355 1983 1422 2039 vin·
1523 1997 1526 2003 ·

175 2119 183 2130 ·
283 2085 432 2146 dicontur.
460 2105 589 2166 quocum
604 2095 675 2165 epte
689 2085 829 2162 congruit
844 2083 924 2164 quod
941 2083 1066 2143 Cassius
1082 2083 1143 2142 Dio
1160 2082 1289 2143 eundem
1302 2082 1423 2156 librum,

282 2187 582 2269 qnemHieronymus
595 2187 759 2266 excerpsit,
772 2185 946 2244 adhibuisse
954 2183 1085 2244 videtur.
1100 2185 1137 2244 of.
1147 2187 1352 2245 Mommsenus
1362 2185 1384 2245 l.
1396 2203 1423 2244 c.

207 2345 212 2358 .
281 2311 312 2370 p.
329 2299 390 2354 681.
410 2289 490 2348 hunc
505 2291 585 2350 enim
602 2290 693 2348 etiam
711 2286 877 2348 Caesarum
898 2287 984 2348 libris
1001 2285 1195 2346 Suetonienis
1212 2285 1347 2346 studiose
1364 2287 1424 2346 etsi

282 2413 340 2451 non
359 2392 536 2450 confiteatur
554 2411 640 2449 usum
655 2409 722 2450 osse
738 2390 820 2450 clere
836 2389 969 2450 ostendit
983 2389 1111 2448 Rothius
1126 2409 1156 2468 p.
1179 2389 1283 2449 XVII.
1312 2387 1425 2448 deinde

281 2495 424 2554 notabilis
452 2503 499 2552 est
522 2511 689 2552 consensus
716 2491 844 2551 Suetoni
874 2491 961 2554 Caes.
989 2501 1024 2554 52
1055 2501 1086 2549 et
1111 2491 1293 2571 Hieronymi
1321 2489 1423 2550 Caesi·

283 2617 343 2676 que
365 2595 475 2655 Diouis
496 2597 526 2653 in
546 2594 673 2653 historie
695 2615 784 2674 quam
802 2595 880 2652 falso
908 2593 1009 2653 abhis
1031 2591 1175 2652 traditam
1197 2613 1266 2652 esse
1284 2593 1425 2670 Scaliger

282 2698 314 2756 in
329 2695 640 2755 animadversionibus
662 2705 692 2755 et
712 2697 914 2755 Mommsenuo
940 2695 1170 2754 contenderunt.
1204 2705 1328 2754 narrant
1344 2697 1424 2754 enim

285 2797 330 2856 illi
350 2797 568 2875 (Hieronymus
590 2795 639 2856 Ol.
667 2807 732 2870 183,
751 2807 767 2859 4
786 2797 908 2856 Cassius
930 2806 979 2872 43,
1001 2803 1048 2870 at,
1072 2797 1210 2874 esregm.
1231 2797 1318 2874 w)
1335 2795 1425 2856 Cleo·

285 2909 403 2976 patrem
425 2900 508 2975 regio
525 2899 669 2956 comitatu
687 2899 792 2958 urbem
808 2901 935 2958 Romam
955 2901 1121 2976 ingressam
1149 2917 1233 2971 esse,
1259 2901 1290 2958 in
1312 2919 1373 2980 qna
1392 2917 1425 2958 re

285 3003 329 3060 its
351 3017 468 3058 ‹en-asse
488 3019 540 3058 eos
561 3000 666 3058 statuit
682 3000 823 3076 Scaliger
844 3011 877 3059 ut
892 3002 1020 3060 Romem
1038 3001 1194 3060 confusam
1216 3011 1338 3081 put-eret
1356 3019 1424 3058 cum

286 3100 493 3172 Alexandria,
512 3121 601 3180 quam
617 3103 739 3180 quidem
756 3113 787 3162 ct
799 3106 895 3183 ipsam
911 3105 1015 3162 urbem
1031 3102 1183 3181 adpellari
1200 3101 1281 3162 idom
1300 3101 1438 3160 demon·-

285 3204 402 3266 etravit.
434 3203 519 3280 etqui
535 3204 697 3264 Suetonius
717 3206 738 3266 l.
760 3226 784 3265 c.
800 3207 878 3264 heco
900 3206 1015 3284 prodit:
1046 3210 1143 3264 stiterit
1163 3214 1189 3262 ot
1210 3209 1338 3280 reginos,
1355 3207 1427 3262 inter

287 3324 358 3382 qnos
388 3309 503 3363 Eunoen
526 3281 657 3363 lltorlrom
682 3311 807 3382 Bogudis
829 3325 962 3378 risorem,
988 3313 1035 3367 cni
1061 3311 1213 3382 maritoque
1237 3311 1295 3365 eiras
1302 3310 1426 3380 plurimo

287 3416 313 3468 et
327 3413 458 3466 immensa
473 3409 567 3464 tribuit
578 3417 608 3464 nt
625 3409 698 3465 Naso
713 3416 840 3484 scripsit,
859 3413 908 3468 red
922 3415 1045 3468 mcrtcime
1059 3413 1244 3484 Cleopatram,
1261 3427 1386 3482 crrmqno
1401 3415 1429 3465 et

289 3513 418 3568 conuiciis
433 3514 460 3566 in
467 3512 592 3582 primam
603 3513 690 3567 teroem
701 3529 783 3586 saepe
794 3517 937 3586 protraxit
945 3522 971 3569 rt
985 3515 1080 3569 eadem
1091 3529 1164 3568 nour
1175 3513 1328 3585 thalamego
1336 3527 1428 3584 poene

287 3614 431 3686 Aethiopia
447 3619 526 3668 tonas
538 3613 689 3686 Aegyptum
696 3619 855 3686 penetrauit
863 3617 917 3672 nisi
928 3619 1068 3672 recaredus
1080 3619 1159 3688 sepio
1169 3623 1331 3680 remeasset
1344 3631 1428 3688 quom

287 3716 402 3787 denique
416 3715 532 3770 accitam
548 3713 577 3770 in
590 3716 684 3770 urbem
698 3719 808 3772 nonnisi
819 3720 948 3773 maximis
958 3719 1108 3774 tonantes
1116 3720 1302 3790 praemiisque
1318 3723 1428 3772 auctam

288 3819 393 3872 reuisit
401 3818 542 3888 filiumque
556 3823 651 3873 notum
666 3819 810 3888 appetiere
823 3822 930 3874 nomine
946 3833 997 3876 suo
1008 3833 1111 3892 possus
1123 3827 1171 3874 est.
1200 3837 1291 3897 quem
1303 3815 1427 3896 quidem

289 3915 389 3975 locum
405 3913 533 3974 Suetoni
548 3935 614 3975 cum
631 3915 771 3994 Scaliger
785 3925 815 3976 et
830 3918 1033 3978 Mommsenus
1053 3920 1229 3997 ignorarent
1250 3917 1340 3978 fidem
1363 3917 1428 3976 ciue

287 4018 333 4079 rei
348 4017 538 4097 Hieronymo
553 4026 584 4076 et
602 4015 708 4077 Cassio
723 4019 817 4078 Dioni
834 4017 1037 4096 denegabant.
1063 4007 1170 4100 'itaque
1186 4021 1211 4080 si
1227 4020 1281 4081 illa
1294 4019 1429 4079 namatio

291 4137 328 4181 ex
343 4137 444 4178 erroro
459 4127 532 4178 nate
543 4120 598 4192 eit,
616 4119 697 4200 quod
714 4119 856 4201 equidem
870 4141 930 4181 non
946 4121 1052 4196 oredo,
1076 4139 1207 4182 errorem
1225 4122 1352 4184 Susiani
1373 4141 1429 4181 nos

291 4239 458 4299 agnoscere
472 4239 599 4282 necesse
615 4231 671 4283 est.

376 4321 564 4400 Quem'vero
579 4323 698 4384 titulum
712 4323 782 4383 huic
797 4323 873 4384 libro
890 4325 1055 4410 Suetonius
1078 4323 1238 4399 indiderit,
1261 4325 1292 4384 in
1312 4325 1429 4384 incerto

289 4423 529 4504 relinquendum.
540 4444 609 4486 esee
632 4433 718 4506 puto,
741 4447 807 4486 oum
826 4428 1006 4506 pracsertim
1020 4445 1078 4488 noc
1101 4426 1260 4488 definibus
1282 4427 1347 4486 eius
1365 4444 1430 4485 am·
