<?xml version="1.0" encoding="UTF-8"?>
<!DOCTYPE html PUBLIC "-//W3C//DTD XHTML 1.0 Transitional//EN"
    "http://www.w3.org/TR/xhtml1/DTD/xhtml1-transitional.dtd">
<html xmlns="http://www.w3.org/1999/xhtml" xml:lang="en" lang="en">
 <head>
  <title>
</title>
<meta http-equiv="Content-Type" content="text/html;charset=utf-8" />
  <meta name='ocr-system' content='tesseract 3.04.00' />
  <meta name='ocr-capabilities' content='ocr_page ocr_carea ocr_par ocr_line ocrx_word'/>
</head>
<body>
  <div class='ocr_page' id='page_1' title='image "./csvetonitranqvi01ritsgoog_0278.png"; bbox 0 0 3072 5064; ppageno 0'>
   <div class='ocr_carea' id='block_1_1' title="bbox 541 385 877 431">
    <p class='ocr_par' dir='ltr' id='par_1_1' title="bbox 541 385 877 431">
     <span class='ocr_line' id='line_1_1' title="bbox 541 385 877 431; baseline 0.015 -5"><span class='ocrx_word' id='word_1_1' title='bbox 541 385 584 426; x_wconf 71' lang='grc' dir='ltr'>ΒΕ</span> <span class='ocrx_word' id='word_1_2' title='bbox 606 385 746 430; x_wconf 66' lang='lat' dir='ltr'>Naevius</span> <span class='ocrx_word' id='word_1_3' title='bbox 767 387 877 431; x_wconf 72' lang='lat' dir='ltr'>RERVM</span> 
     </span>
    </p>
   </div>
   <div class='ocr_carea' id='block_1_2' title="bbox 141 528 1393 824">
    <p class='ocr_par' dir='ltr' id='par_1_2' title="bbox 141 528 1393 824">
     <span class='ocr_line' id='line_1_2' title="bbox 222 528 1393 622; baseline 0.007 -28"><span class='ocrx_word' id='word_1_4' title='bbox 222 528 357 614; x_wconf 85' lang='lat' dir='ltr'>Physici</span> <span class='ocrx_word' id='word_1_5' title='bbox 379 530 508 614; x_wconf 85' lang='lat' dir='ltr'>dicunt,</span> <span class='ocrx_word' id='word_1_6' title='bbox 533 554 597 619; x_wconf 90' lang='lat' dir='ltr'>quo</span> <span class='ocrx_word' id='word_1_7' title='bbox 618 541 763 620; x_wconf 90' lang='lat' dir='ltr'>tempore</span> <span class='ocrx_word' id='word_1_8' title='bbox 785 532 911 622; x_wconf 82' lang='lat' dir='ltr'>hiemps</span> <span class='ocrx_word' id='word_1_9' title='bbox 939 535 1009 618; x_wconf 87' lang='lat' dir='ltr'>hia,</span> <span class='ocrx_word' id='word_1_10' title='bbox 1037 544 1194 602; x_wconf 79' lang='lat' dir='ltr'><strong>aestatem</strong></span> <span class='ocrx_word' id='word_1_11' title='bbox 1226 528 1393 603; x_wconf 78' lang='lat' dir='ltr'>abitt*</span> 
     </span>
     <span class='ocr_line' id='line_1_3' title="bbox 141 631 1273 726; baseline 0.007 -30"><span class='ocrx_word' id='word_1_12' title='bbox 141 631 232 696; x_wconf 87' lang='lat' dir='ltr'>terris</span> <span class='ocrx_word' id='word_1_13' title='bbox 253 641 286 695; x_wconf 90' lang='lat' dir='ltr'>et</span> <span class='ocrx_word' id='word_1_14' title='bbox 307 631 379 698; x_wconf 84' lang='lat' dir='ltr'>uice</span> <span class='ocrx_word' id='word_1_15' title='bbox 399 653 510 698; x_wconf 87' lang='lat' dir='ltr'>uersa:</span> <span class='ocrx_word' id='word_1_16' title='bbox 549 645 584 698; x_wconf 89' lang='lat' dir='ltr'>ut</span> <span class='ocrx_word' id='word_1_17' title='bbox 603 633 776 700; x_wconf 87' lang='lat' dir='ltr'>Lueretius</span> <span class='ocrx_word' id='word_1_18' title='bbox 796 637 954 716; x_wconf 77' lang='lat' dir='ltr'><strong>ostendit,</strong></span> <span class='ocrx_word' id='word_1_19' title='bbox 978 637 1140 724; x_wconf 82' lang='lat' dir='ltr'><strong>putealem</strong></span> <span class='ocrx_word' id='word_1_20' title='bbox 1161 661 1239 726; x_wconf 89' lang='lat' dir='ltr'>aqu</span> <span class='ocrx_word' id='word_1_21' title='bbox 1257 668 1273 695; x_wconf 76' lang='grc' dir='ltr'><strong>υ</strong></span> 
     </span>
     <span class='ocr_line' id='line_1_4' title="bbox 142 729 1270 824; baseline 0.009 -29"><span class='ocrx_word' id='word_1_22' title='bbox 142 741 261 796; x_wconf 76' lang='lat' dir='ltr'><strong>aestate</strong></span> <span class='ocrx_word' id='word_1_23' title='bbox 283 729 545 818; x_wconf 74' lang='lat' dir='ltr'>frigidissimam,</span> <span class='ocrx_word' id='word_1_24' title='bbox 569 735 675 800; x_wconf 91' lang='lat' dir='ltr'>hieme</span> <span class='ocrx_word' id='word_1_25' title='bbox 698 757 777 802; x_wconf 89' lang='lat' dir='ltr'>uero</span> <span class='ocrx_word' id='word_1_26' title='bbox 802 739 1008 824; x_wconf 85' lang='lat' dir='ltr'>tapediorem.</span> <span class='ocrx_word' id='word_1_27' title='bbox 1266 731 1270 739; x_wconf 41' lang='lat'><strong>¹</strong></span> 
     </span>
    </p>
   </div>
   <div class='ocr_carea' id='block_1_3' title="bbox 415 1047 996 1224">
    <p class='ocr_par' dir='ltr' id='par_1_3' title="bbox 415 1047 996 1224">
     <span class='ocr_line' id='line_1_5' title="bbox 694 1047 725 1105; baseline 0 0"><span class='ocrx_word' id='word_1_28' title='bbox 694 1047 725 1105; x_wconf 86' lang='lat' dir='ltr'>X</span> 
     </span>
     <span class='ocr_line' id='line_1_6' title="bbox 415 1161 996 1224; baseline 0.009 -5"><span class='ocrx_word' id='word_1_29' title='bbox 415 1161 473 1220; x_wconf 77' lang='lat' dir='ltr'>Du</span> <span class='ocrx_word' id='word_1_30' title='bbox 503 1161 692 1224; x_wconf 82' lang='lat' dir='ltr'>NATVRIS</span> <span class='ocrx_word' id='word_1_31' title='bbox 717 1163 996 1224; x_wconf 81' lang='lat' dir='ltr'>ANIMANTIVM</span> 
     </span>
    </p>
   </div>
   <div class='ocr_carea' id='block_1_4' title="bbox 123 1302 1357 1500">
    <p class='ocr_par' dir='ltr' id='par_1_4' title="bbox 123 1302 1357 1500">
     <span class='ocr_line' id='line_1_7' title="bbox 123 1302 1357 1398; baseline 0.003 -28"><span class='ocrx_word' id='word_1_32' title='bbox 123 1302 134 1344; x_wconf 69' lang='lat'><strong>³</strong></span> <span class='ocrx_word' id='word_1_33' title='bbox 219 1305 367 1372; x_wconf 88' lang='lat' dir='ltr'>Leonum</span> <span class='ocrx_word' id='word_1_34' title='bbox 390 1317 440 1374; x_wconf 90' lang='lat' dir='ltr'>est</span> <span class='ocrx_word' id='word_1_35' title='bbox 464 1307 602 1374; x_wconf 89' lang='lat' dir='ltr'>fremere</span> <span class='ocrx_word' id='word_1_36' title='bbox 623 1309 677 1374; x_wconf 92' lang='lat' dir='ltr'>uel</span> <span class='ocrx_word' id='word_1_37' title='bbox 699 1312 819 1395; x_wconf 85' lang='lat' dir='ltr'>rugire.</span> <span class='ocrx_word' id='word_1_38' title='bbox 842 1311 1000 1395; x_wconf 86' lang='lat' dir='ltr'>tigridum</span> <span class='ocrx_word' id='word_1_39' title='bbox 1019 1333 1166 1376; x_wconf 79' lang='lat' dir='ltr'>runcare.</span> <span class='ocrx_word' id='word_1_40' title='bbox 1205 1333 1277 1398; x_wconf 88' lang='lat' dir='ltr'>par·</span> <span class='ocrx_word' id='word_1_41' title='bbox 1293 1304 1357 1374; x_wconf 79' lang='lat'>161</span> 
     </span>
     <span class='ocr_line' id='line_1_8' title="bbox 138 1405 1278 1500; baseline 0.006 -29"><span class='ocrx_word' id='word_1_42' title='bbox 138 1405 249 1472; x_wconf 89' lang='lat' dir='ltr'>dorum</span> <span class='ocrx_word' id='word_1_43' title='bbox 271 1407 375 1474; x_wconf 88' lang='lat' dir='ltr'>felire.</span> <span class='ocrx_word' id='word_1_44' title='bbox 403 1415 634 1496; x_wconf 81' lang='lat' dir='ltr'>pantherarum</span> <span class='ocrx_word' id='word_1_45' title='bbox 657 1414 795 1477; x_wconf 87' lang='lat' dir='ltr'>eaurire.</span> <span class='ocrx_word' id='word_1_46' title='bbox 817 1433 968 1476; x_wconf 90' lang='lat' dir='ltr'>ursorum</span> <span class='ocrx_word' id='word_1_47' title='bbox 991 1435 1111 1476; x_wconf 85' lang='lat' dir='ltr'>uocare</span> <span class='ocrx_word' id='word_1_48' title='bbox 1133 1413 1194 1500; x_wconf 73' lang='lat' dir='ltr'>uel</span> <span class='ocrx_word' id='word_1_49' title='bbox 1210 1435 1278 1478; x_wconf 88' lang='lat' dir='ltr'>sae·</span> 
     </span>
    </p>
   </div>
   <div class='ocr_carea' id='block_1_5' title="bbox 131 1611 1376 3573">
    <p class='ocr_par' dir='ltr' id='par_1_5' title="bbox 135 1611 1278 2087">
     <span class='ocr_line' id='line_1_9' title="bbox 221 1611 1277 1684; baseline 0.003 -18"><span class='ocrx_word' id='word_1_50' title='bbox 221 1611 300 1668; x_wconf 81' lang='lat'><strong>160*</strong></span> <span class='ocrx_word' id='word_1_51' title='bbox 323 1616 412 1669; x_wconf 85' lang='lat' dir='ltr'>Schol.</span> <span class='ocrx_word' id='word_1_52' title='bbox 437 1617 519 1666; x_wconf 86' lang='lat' dir='ltr'>Bern.</span> <span class='ocrx_word' id='word_1_53' title='bbox 547 1633 641 1683; x_wconf 82' lang='lat' dir='ltr'>georg.</span> <span class='ocrx_word' id='word_1_54' title='bbox 670 1619 727 1668; x_wconf 92' lang='lat' dir='ltr'>lllI</span> <span class='ocrx_word' id='word_1_55' title='bbox 749 1618 795 1667; x_wconf 80' lang='lat'>51:</span> <span class='ocrx_word' id='word_1_56' title='bbox 836 1617 947 1668; x_wconf 82' lang='lat' dir='ltr'>Pulsum</span> <span class='ocrx_word' id='word_1_57' title='bbox 970 1616 1098 1684; x_wconf 88' lang='lat' dir='ltr'>hiemem]</span> <span class='ocrx_word' id='word_1_58' title='bbox 1125 1618 1211 1670; x_wconf 88' lang='lat' dir='ltr'>‘nunc</span> <span class='ocrx_word' id='word_1_59' title='bbox 1233 1635 1277 1669; x_wconf 91' lang='lat' dir='ltr'>se-</span> 
     </span>
     <span class='ocr_line' id='line_1_10' title="bbox 137 1683 1278 1750; baseline 0.005 -20"><span class='ocrx_word' id='word_1_60' title='bbox 137 1683 250 1734; x_wconf 85' lang='lat' dir='ltr'>cundum</span> <span class='ocrx_word' id='word_1_61' title='bbox 274 1683 438 1749; x_wconf 85' lang='lat' dir='ltr'>physicos</span> <span class='ocrx_word' id='word_1_62' title='bbox 460 1685 542 1746; x_wconf 85' lang='lat' dir='ltr'>dicit,</span> <span class='ocrx_word' id='word_1_63' title='bbox 575 1686 620 1749; x_wconf 92' lang='lat' dir='ltr'>qui</span> <span class='ocrx_word' id='word_1_64' title='bbox 644 1686 764 1736; x_wconf 89' lang='lat' dir='ltr'>dicunt</span> <span class='ocrx_word' id='word_1_65' title='bbox 859 1686 1081 1750; x_wconf 82' lang='lat' dir='ltr'>tapediorem.</span> <span class='ocrx_word' id='word_1_66' title='bbox 1122 1686 1174 1736; x_wconf 90' lang='lat' dir='ltr'>hoc</span> <span class='ocrx_word' id='word_1_67' title='bbox 1193 1689 1278 1737; x_wconf 91' lang='lat' dir='ltr'>sentit</span> 
     </span>
     <span class='ocr_line' id='line_1_11' title="bbox 136 1749 1275 1818; baseline 0.003 -16"><span class='ocrx_word' id='word_1_68' title='bbox 136 1749 213 1808; x_wconf 68' lang='lat' dir='ltr'>(lamo</span> <span class='ocrx_word' id='word_1_69' title='bbox 232 1752 395 1814; x_wconf 82' lang='lat' dir='ltr'>Suetonius)</span> <span class='ocrx_word' id='word_1_70' title='bbox 414 1757 442 1802; x_wconf 91' lang='lat' dir='ltr'>et</span> <span class='ocrx_word' id='word_1_71' title='bbox 459 1752 576 1802; x_wconf 78' lang='lat' dir='ltr'>Iunilius</span> <span class='ocrx_word' id='word_1_72' title='bbox 594 1752 680 1803; x_wconf 67' lang='lat' dir='ltr'>dicit)</span> <span class='ocrx_word' id='word_1_73' title='bbox 717 1753 828 1802; x_wconf 74' lang='lat' dir='ltr'>Servius</span> <span class='ocrx_word' id='word_1_74' title='bbox 846 1753 863 1802; x_wconf 94' lang='lat' dir='ltr'>l.</span> <span class='ocrx_word' id='word_1_75' title='bbox 885 1769 923 1802; x_wconf 71' lang='lat' dir='ltr'>a:</span> <span class='ocrx_word' id='word_1_76' title='bbox 960 1753 1118 1804; x_wconf 82' lang='lat' dir='ltr'>‘secuudum</span> <span class='ocrx_word' id='word_1_77' title='bbox 1137 1754 1275 1818; x_wconf 86' lang='lat' dir='ltr'>physicos,</span> 
     </span>
     <span class='ocr_line' id='line_1_12' title="bbox 137 1819 1277 1884; baseline 0.006 -19"><span class='ocrx_word' id='word_1_78' title='bbox 137 1819 179 1881; x_wconf 91' lang='lat' dir='ltr'>qui</span> <span class='ocrx_word' id='word_1_79' title='bbox 196 1819 303 1880; x_wconf 87' lang='lat' dir='ltr'>dicunt,</span> <span class='ocrx_word' id='word_1_80' title='bbox 322 1834 374 1884; x_wconf 90' lang='lat' dir='ltr'>quo</span> <span class='ocrx_word' id='word_1_81' title='bbox 392 1824 515 1884; x_wconf 90' lang='lat' dir='ltr'>ternpore</span> <span class='ocrx_word' id='word_1_82' title='bbox 533 1819 677 1870; x_wconf 88' lang='lat' dir='ltr'>hichiems</span> <span class='ocrx_word' id='word_1_83' title='bbox 691 1826 742 1884; x_wconf 89' lang='lat' dir='ltr'>est,</span> <span class='ocrx_word' id='word_1_84' title='bbox 762 1827 897 1871; x_wconf 76' lang='lat' dir='ltr'>aestatem</span> <span class='ocrx_word' id='word_1_85' title='bbox 910 1835 971 1870; x_wconf 87' lang='lat' dir='ltr'>esse</span> <span class='ocrx_word' id='word_1_86' title='bbox 990 1822 1040 1871; x_wconf 90' lang='lat' dir='ltr'>sub</span> <span class='ocrx_word' id='word_1_87' title='bbox 1054 1822 1135 1871; x_wconf 89' lang='lat' dir='ltr'>terris</span> <span class='ocrx_word' id='word_1_88' title='bbox 1154 1827 1183 1871; x_wconf 90' lang='lat' dir='ltr'>et</span> <span class='ocrx_word' id='word_1_89' title='bbox 1193 1837 1277 1872; x_wconf 89' lang='lat' dir='ltr'>uersa</span> 
     </span>
     <span class='ocr_line' id='line_1_13' title="bbox 136 1885 1276 1952; baseline 0.006 -20"><span class='ocrx_word' id='word_1_90' title='bbox 136 1885 208 1948; x_wconf 78' lang='lat' dir='ltr'>ulae,</span> <span class='ocrx_word' id='word_1_91' title='bbox 239 1903 302 1937; x_wconf 89' lang='lat' dir='ltr'>cum</span> <span class='ocrx_word' id='word_1_92' title='bbox 320 1885 367 1936; x_wconf 87' lang='lat' dir='ltr'>hic</span> <span class='ocrx_word' id='word_1_93' title='bbox 386 1893 492 1948; x_wconf 83' lang='lat' dir='ltr'>aestas,</span> <span class='ocrx_word' id='word_1_94' title='bbox 522 1887 580 1937; x_wconf 89' lang='lat' dir='ltr'>illic</span> <span class='ocrx_word' id='word_1_95' title='bbox 603 1888 730 1938; x_wconf 86' lang='lat' dir='ltr'>hiemem.</span> <span class='ocrx_word' id='word_1_96' title='bbox 767 1888 838 1952; x_wconf 90' lang='lat' dir='ltr'>quod</span> <span class='ocrx_word' id='word_1_97' title='bbox 857 1889 942 1938; x_wconf 87' lang='lat' dir='ltr'>etiarn</span> <span class='ocrx_word' id='word_1_98' title='bbox 961 1889 1107 1938; x_wconf 87' lang='lat' dir='ltr'>Lucretius</span> <span class='ocrx_word' id='word_1_99' title='bbox 1130 1891 1276 1952; x_wconf 80' lang='lat' dir='ltr'>exequitur</span> 
     </span>
     <span class='ocr_line' id='line_1_14' title="bbox 136 1955 1275 2021; baseline 0.002 -17"><span class='ocrx_word' id='word_1_100' title='bbox 136 1959 162 2004; x_wconf 87' lang='lat' dir='ltr'>et</span> <span class='ocrx_word' id='word_1_101' title='bbox 182 1955 270 2004; x_wconf 87' lang='lat' dir='ltr'>trahit</span> <span class='ocrx_word' id='word_1_102' title='bbox 293 1955 321 2003; x_wconf 93' lang='lat' dir='ltr'>in</span> <span class='ocrx_word' id='word_1_103' title='bbox 344 1959 533 2020; x_wconf 84' lang='lat' dir='ltr'>argumentum</span> <span class='ocrx_word' id='word_1_104' title='bbox 559 1955 698 2020; x_wconf 85' lang='lat' dir='ltr'>putealem</span> <span class='ocrx_word' id='word_1_105' title='bbox 722 1971 838 2019; x_wconf 86' lang='lat' dir='ltr'>aquam,</span> <span class='ocrx_word' id='word_1_106' title='bbox 866 1971 937 2020; x_wconf 86' lang='lat' dir='ltr'>quae</span> <span class='ocrx_word' id='word_1_107' title='bbox 961 1960 1069 2006; x_wconf 81' lang='lat' dir='ltr'><strong>aestate</strong></span> <span class='ocrx_word' id='word_1_108' title='bbox 1093 1957 1275 2021; x_wconf 84' lang='lat' dir='ltr'>frigidissima</span> 
     </span>
     <span class='ocr_line' id='line_1_15' title="bbox 135 2021 1004 2087; baseline 0.002 -17"><span class='ocrx_word' id='word_1_109' title='bbox 135 2027 185 2079; x_wconf 84' lang='lat' dir='ltr'>est,</span> <span class='ocrx_word' id='word_1_110' title='bbox 203 2021 297 2072; x_wconf 84' lang='lat' dir='ltr'>hieme</span> <span class='ocrx_word' id='word_1_111' title='bbox 315 2037 381 2072; x_wconf 89' lang='lat' dir='ltr'>uere</span> <span class='ocrx_word' id='word_1_112' title='bbox 399 2021 588 2072; x_wconf 64' lang='lat' dir='ltr'>calidissima)</span> <span class='ocrx_word' id='word_1_113' title='bbox 606 2050 639 2058; x_wconf 94' lang='lat'><strong>—</strong></span> <span class='ocrx_word' id='word_1_114' title='bbox 657 2025 804 2073; x_wconf 88' lang='lat' dir='ltr'>Lucretius</span> <span class='ocrx_word' id='word_1_115' title='bbox 822 2023 860 2072; x_wconf 91' lang='lat' dir='ltr'>VI</span> <span class='ocrx_word' id='word_1_116' title='bbox 877 2021 929 2071; x_wconf 77' lang='lat'>840</span> <span class='ocrx_word' id='word_1_117' title='bbox 945 2039 1004 2087; x_wconf 89' lang='lat' dir='ltr'>sqq.</span> 
     </span>
    </p>

    <p class='ocr_par' dir='ltr' id='par_1_6' title="bbox 283 2089 950 2155">
     <span class='ocr_line' id='line_1_16' title="bbox 283 2089 950 2155; baseline -0.001 -16"><span class='ocrx_word' id='word_1_118' title='bbox 283 2089 411 2154; x_wconf 79' lang='lat' dir='ltr'>frigidior</span> <span class='ocrx_word' id='word_1_119' title='bbox 428 2105 508 2155; x_wconf 89' lang='lat' dir='ltr'>porro</span> <span class='ocrx_word' id='word_1_120' title='bbox 531 2091 559 2138; x_wconf 90' lang='lat' dir='ltr'>in</span> <span class='ocrx_word' id='word_1_121' title='bbox 577 2091 669 2154; x_wconf 89' lang='lat' dir='ltr'>puteis</span> <span class='ocrx_word' id='word_1_122' title='bbox 689 2096 797 2140; x_wconf 86' lang='lat' dir='ltr'>aestate</span> <span class='ocrx_word' id='word_1_123' title='bbox 816 2091 846 2140; x_wconf 89' lang='lat' dir='ltr'>tit</span> <span class='ocrx_word' id='word_1_124' title='bbox 863 2106 950 2152; x_wconf 91' lang='lat' dir='ltr'>umor,</span> 
     </span>
    </p>

    <p class='ocr_par' dir='ltr' id='par_1_7' title="bbox 284 2156 1001 2222">
     <span class='ocr_line' id='line_1_17' title="bbox 284 2156 1001 2222; baseline 0 -16"><span class='ocrx_word' id='word_1_125' title='bbox 284 2157 402 2206; x_wconf 84' lang='lat' dir='ltr'>rarescit</span> <span class='ocrx_word' id='word_1_126' title='bbox 420 2159 485 2222; x_wconf 87' lang='lat' dir='ltr'>quia</span> <span class='ocrx_word' id='word_1_127' title='bbox 503 2163 579 2207; x_wconf 86' lang='lat' dir='ltr'>terra</span> <span class='ocrx_word' id='word_1_128' title='bbox 597 2156 696 2218; x_wconf 87' lang='lat' dir='ltr'>calore,</span> <span class='ocrx_word' id='word_1_129' title='bbox 717 2163 745 2208; x_wconf 91' lang='lat' dir='ltr'>ct</span> <span class='ocrx_word' id='word_1_130' title='bbox 763 2159 870 2208; x_wconf 83' lang='lat' dir='ltr'>semina</span> <span class='ocrx_word' id='word_1_131' title='bbox 888 2158 912 2208; x_wconf 91' lang='lat' dir='ltr'>si</span> <span class='ocrx_word' id='word_1_132' title='bbox 931 2173 1001 2221; x_wconf 91' lang='lat' dir='ltr'>quae</span> 
     </span>
    </p>

    <p class='ocr_par' dir='ltr' id='par_1_8' title="bbox 285 2224 1018 2292">
     <span class='ocr_line' id='line_1_18' title="bbox 285 2224 1018 2292; baseline -0.003 -18"><span class='ocrx_word' id='word_1_133' title='bbox 285 2225 356 2274; x_wconf 86' lang='lat' dir='ltr'>forte</span> <span class='ocrx_word' id='word_1_134' title='bbox 373 2226 484 2289; x_wconf 85' lang='lat' dir='ltr'>uaporis</span> <span class='ocrx_word' id='word_1_135' title='bbox 501 2224 587 2274; x_wconf 89' lang='lat' dir='ltr'>habet</span> <span class='ocrx_word' id='word_1_136' title='bbox 605 2227 722 2292; x_wconf 85' lang='lat' dir='ltr'>proprii,</span> <span class='ocrx_word' id='word_1_137' title='bbox 746 2226 862 2275; x_wconf 88' lang='lat' dir='ltr'>dimittit</span> <span class='ocrx_word' id='word_1_138' title='bbox 879 2226 909 2274; x_wconf 91' lang='lat' dir='ltr'>in</span> <span class='ocrx_word' id='word_1_139' title='bbox 927 2240 1018 2274; x_wconf 85' lang='lat' dir='ltr'>auras.</span> 
     </span>
    </p>

    <p class='ocr_par' dir='ltr' id='par_1_9' title="bbox 284 2291 932 2357">
     <span class='ocr_line' id='line_1_19' title="bbox 284 2291 932 2357; baseline 0.002 -17"><span class='ocrx_word' id='word_1_140' title='bbox 284 2307 338 2356; x_wconf 91' lang='lat' dir='ltr'>que</span> <span class='ocrx_word' id='word_1_141' title='bbox 355 2293 444 2357; x_wconf 88' lang='lat' dir='ltr'>magis</span> <span class='ocrx_word' id='word_1_142' title='bbox 463 2298 506 2342; x_wconf 88' lang='lat' dir='ltr'>est</span> <span class='ocrx_word' id='word_1_143' title='bbox 522 2293 608 2357; x_wconf 85' lang='lat' dir='ltr'>igitur</span> <span class='ocrx_word' id='word_1_144' title='bbox 625 2293 707 2342; x_wconf 87' lang='lat' dir='ltr'>tellus</span> <span class='ocrx_word' id='word_1_145' title='bbox 726 2291 812 2343; x_wconf 83' lang='lat' dir='ltr'>effeta</span> <span class='ocrx_word' id='word_1_146' title='bbox 830 2292 932 2354; x_wconf 88' lang='lat' dir='ltr'>calore,</span> 
     </span>
    </p>

    <p class='ocr_par' dir='ltr' id='par_1_10' title="bbox 283 2359 1048 2425">
     <span class='ocr_line' id='line_1_20' title="bbox 283 2359 1048 2425; baseline 0 -17"><span class='ocrx_word' id='word_1_147' title='bbox 283 2359 315 2408; x_wconf 90' lang='lat' dir='ltr'>fit</span> <span class='ocrx_word' id='word_1_148' title='bbox 332 2375 439 2424; x_wconf 89' lang='lat' dir='ltr'>quoque</span> <span class='ocrx_word' id='word_1_149' title='bbox 458 2360 585 2423; x_wconf 83' lang='lat' dir='ltr'>frigidior</span> <span class='ocrx_word' id='word_1_150' title='bbox 603 2361 649 2425; x_wconf 91' lang='lat' dir='ltr'>qui</span> <span class='ocrx_word' id='word_1_151' title='bbox 668 2361 696 2410; x_wconf 92' lang='lat' dir='ltr'>in</span> <span class='ocrx_word' id='word_1_152' title='bbox 713 2366 816 2410; x_wconf 88' lang='lat' dir='ltr'>terrast</span> <span class='ocrx_word' id='word_1_153' title='bbox 835 2359 946 2410; x_wconf 90' lang='lat' dir='ltr'>abditus</span> <span class='ocrx_word' id='word_1_154' title='bbox 963 2375 1048 2408; x_wconf 90' lang='lat' dir='ltr'>umor.</span> 
     </span>
    </p>

    <p class='ocr_par' dir='ltr' id='par_1_11' title="bbox 282 2427 1039 2492">
     <span class='ocr_line' id='line_1_21' title="bbox 282 2427 1039 2492; baseline 0 -16"><span class='ocrx_word' id='word_1_155' title='bbox 282 2427 385 2492; x_wconf 88' lang='lat' dir='ltr'>frigore</span> <span class='ocrx_word' id='word_1_156' title='bbox 405 2443 466 2476; x_wconf 86' lang='lat' dir='ltr'>cum</span> <span class='ocrx_word' id='word_1_157' title='bbox 485 2428 615 2490; x_wconf 88' lang='lat' dir='ltr'>premitur</span> <span class='ocrx_word' id='word_1_158' title='bbox 633 2443 712 2492; x_wconf 91' lang='lat' dir='ltr'>porro</span> <span class='ocrx_word' id='word_1_159' title='bbox 731 2429 818 2478; x_wconf 87' lang='lat' dir='ltr'>omnis</span> <span class='ocrx_word' id='word_1_160' title='bbox 836 2433 910 2477; x_wconf 89' lang='lat' dir='ltr'>terra</span> <span class='ocrx_word' id='word_1_161' title='bbox 928 2427 1039 2491; x_wconf 85' lang='lat' dir='ltr'>coitque</span> 
     </span>
    </p>

    <p class='ocr_par' dir='ltr' id='par_1_12' title="bbox 283 2493 965 2558">
     <span class='ocr_line' id='line_1_22' title="bbox 283 2493 965 2558; baseline -0.001 -15"><span class='ocrx_word' id='word_1_162' title='bbox 283 2499 312 2543; x_wconf 91' lang='lat' dir='ltr'>et</span> <span class='ocrx_word' id='word_1_163' title='bbox 330 2496 409 2558; x_wconf 86' lang='lat' dir='ltr'>quasi</span> <span class='ocrx_word' id='word_1_164' title='bbox 428 2496 596 2556; x_wconf 86' lang='lat' dir='ltr'>concrescit,</span> <span class='ocrx_word' id='word_1_165' title='bbox 615 2495 645 2545; x_wconf 87' lang='lat' dir='ltr'>tit</span> <span class='ocrx_word' id='word_1_166' title='bbox 663 2495 775 2545; x_wconf 87' lang='lat' dir='ltr'>scilicet</span> <span class='ocrx_word' id='word_1_167' title='bbox 792 2501 823 2545; x_wconf 94' lang='lat' dir='ltr'>ut</span> <span class='ocrx_word' id='word_1_168' title='bbox 842 2493 965 2546; x_wconf 89' lang='lat' dir='ltr'>coeundo</span> 
     </span>
    </p>

    <p class='ocr_par' dir='ltr' id='par_1_13' title="bbox 133 2562 1376 2816">
     <span class='ocr_line' id='line_1_23' title="bbox 283 2562 1042 2627; baseline 0.001 -17"><span class='ocrx_word' id='word_1_169' title='bbox 283 2562 420 2626; x_wconf 85' lang='lat' dir='ltr'>exprimat</span> <span class='ocrx_word' id='word_1_170' title='bbox 438 2563 467 2611; x_wconf 92' lang='lat' dir='ltr'>in</span> <span class='ocrx_word' id='word_1_171' title='bbox 483 2567 582 2626; x_wconf 88' lang='lat' dir='ltr'>puteos</span> <span class='ocrx_word' id='word_1_172' title='bbox 601 2564 624 2612; x_wconf 90' lang='lat' dir='ltr'>si</span> <span class='ocrx_word' id='word_1_173' title='bbox 643 2579 722 2627; x_wconf 88' lang='lat' dir='ltr'>quem</span> <span class='ocrx_word' id='word_1_174' title='bbox 741 2564 814 2627; x_wconf 86' lang='lat' dir='ltr'>gerit</span> <span class='ocrx_word' id='word_1_175' title='bbox 832 2564 893 2627; x_wconf 90' lang='lat' dir='ltr'>ipsa</span> <span class='ocrx_word' id='word_1_176' title='bbox 912 2562 1042 2612; x_wconf 88' lang='lat' dir='ltr'>calorem.</span> 
     </span>
     <span class='ocr_line' id='line_1_24' title="bbox 133 2628 1272 2694; baseline 0.003 -18"><span class='ocrx_word' id='word_1_177' title='bbox 133 2628 183 2678; x_wconf 82' lang='lat' dir='ltr'>vbi</span> <span class='ocrx_word' id='word_1_178' title='bbox 199 2629 398 2679; x_wconf 83' lang='lat' dir='ltr'>Lachmannus</span> <span class='ocrx_word' id='word_1_179' title='bbox 421 2645 475 2678; x_wconf 90' lang='lat' dir='ltr'>non</span> <span class='ocrx_word' id='word_1_180' title='bbox 497 2628 557 2680; x_wconf 89' lang='lat' dir='ltr'>solo</span> <span class='ocrx_word' id='word_1_181' title='bbox 575 2631 672 2679; x_wconf 76' lang='lat' dir='ltr'>Servio</span> <span class='ocrx_word' id='word_1_182' title='bbox 694 2631 763 2680; x_wconf 88' lang='lat' dir='ltr'>duce</span> <span class='ocrx_word' id='word_1_183' title='bbox 787 2629 909 2680; x_wconf 90' lang='lat' dir='ltr'>ostendit</span> <span class='ocrx_word' id='word_1_184' title='bbox 927 2645 981 2678; x_wconf 87' lang='lat' dir='ltr'>non</span> <span class='ocrx_word' id='word_1_185' title='bbox 999 2643 1089 2694; x_wconf 87' lang='lat' dir='ltr'>pauca</span> <span class='ocrx_word' id='word_1_186' title='bbox 1108 2633 1173 2679; x_wconf 88' lang='lat' dir='ltr'>ante</span> <span class='ocrx_word' id='word_1_187' title='bbox 1192 2629 1272 2692; x_wconf 87' lang='lat' dir='ltr'>haec,</span> 
     </span>
     <span class='ocr_line' id='line_1_25' title="bbox 133 2697 1376 2762; baseline 0.001 -16"><span class='ocrx_word' id='word_1_188' title='bbox 133 2711 197 2762; x_wconf 87' lang='lat' dir='ltr'>quae</span> <span class='ocrx_word' id='word_1_189' title='bbox 216 2697 365 2746; x_wconf 88' lang='lat' dir='ltr'>Lueretius</span> <span class='ocrx_word' id='word_1_190' title='bbox 383 2698 500 2762; x_wconf 82' lang='lat' dir='ltr'>exempli</span> <span class='ocrx_word' id='word_1_191' title='bbox 519 2711 605 2748; x_wconf 77' lang='lat' dir='ltr'>carisa</span> <span class='ocrx_word' id='word_1_192' title='bbox 623 2699 774 2762; x_wconf 86' lang='lat' dir='ltr'>posuisset,</span> <span class='ocrx_word' id='word_1_193' title='bbox 793 2697 976 2748; x_wconf 87' lang='lat' dir='ltr'>intercidisse.</span> <span class='ocrx_word' id='word_1_194' title='bbox 997 2721 1029 2731; x_wconf 73' lang='lat'>-</span> <span class='ocrx_word' id='word_1_195' title='bbox 1047 2698 1089 2746; x_wconf 89' lang='lat' dir='ltr'>De</span> <span class='ocrx_word' id='word_1_196' title='bbox 1107 2713 1135 2747; x_wconf 91' lang='lat' dir='ltr'>re</span> <span class='ocrx_word' id='word_1_197' title='bbox 1156 2697 1192 2747; x_wconf 86' lang='lat' dir='ltr'>cf.</span> <span class='ocrx_word' id='word_1_198' title='bbox 1211 2698 1271 2747; x_wconf 88' lang='lat' dir='ltr'>lde·</span> <span class='ocrx_word' id='word_1_199' title='bbox 1373 2745 1376 2752; x_wconf 93' lang='grc'><em>,</em></span> 
     </span>
     <span class='ocr_line' id='line_1_26' title="bbox 134 2763 455 2816; baseline 0.012 -4"><span class='ocrx_word' id='word_1_200' title='bbox 134 2763 179 2816; x_wconf 87' lang='lat' dir='ltr'>ler.</span> <span class='ocrx_word' id='word_1_201' title='bbox 199 2764 217 2814; x_wconf 89' lang='lat' dir='ltr'>l.</span> <span class='ocrx_word' id='word_1_202' title='bbox 238 2781 263 2814; x_wconf 88' lang='lat' dir='ltr'>o.</span> <span class='ocrx_word' id='word_1_203' title='bbox 303 2763 409 2814; x_wconf 79' lang='lat' dir='ltr'>.2&#39;le</span> <span class='ocrx_word' id='word_1_204' title='bbox 449 2803 455 2816; x_wconf 93' lang='lat'>.</span> 
     </span>
    </p>

    <p class='ocr_par' dir='ltr' id='par_1_14' title="bbox 131 2781 1273 3573">
     <span class='ocr_line' id='line_1_27' title="bbox 215 2781 1273 2896; baseline -0.002 -12"><span class='ocrx_word' id='word_1_205' title='bbox 215 2831 260 2884; x_wconf 80' lang='lat' dir='ltr'>llil</span> <span class='ocrx_word' id='word_1_206' title='bbox 279 2781 402 2896; x_wconf 62' lang='lat' dir='ltr'>gangras</span> <span class='ocrx_word' id='word_1_207' title='bbox 412 2781 498 2896; x_wconf 50' lang='lat' dir='ltr'>¹gloss.</span> <span class='ocrx_word' id='word_1_208' title='bbox 511 2833 581 2882; x_wconf 90' lang='lat' dir='ltr'>med.</span> <span class='ocrx_word' id='word_1_209' title='bbox 597 2838 624 2882; x_wconf 88' lang='lat' dir='ltr'>et</span> <span class='ocrx_word' id='word_1_210' title='bbox 642 2833 692 2881; x_wconf 90' lang='lat' dir='ltr'>inf.</span> <span class='ocrx_word' id='word_1_211' title='bbox 704 2831 768 2882; x_wconf 78' lang='lat' dir='ltr'>lat:</span> <span class='ocrx_word' id='word_1_212' title='bbox 783 2832 918 2882; x_wconf 85' lang='lat' dir='ltr'>‘Baulare</span> <span class='ocrx_word' id='word_1_213' title='bbox 928 2833 1062 2896; x_wconf 85' lang='lat' dir='ltr'>Ugutioni</span> <span class='ocrx_word' id='word_1_214' title='bbox 1075 2831 1178 2882; x_wconf 85' lang='lat' dir='ltr'>latrare</span> <span class='ocrx_word' id='word_1_215' title='bbox 1190 2837 1218 2882; x_wconf 91' lang='lat' dir='ltr'>et</span> <span class='ocrx_word' id='word_1_216' title='bbox 1230 2839 1273 2882; x_wconf 84' lang='lat' dir='ltr'>est</span> 
     </span>
     <span class='ocr_line' id='line_1_28' title="bbox 133 2897 1271 2964; baseline 0 -14"><span class='ocrx_word' id='word_1_217' title='bbox 133 2903 237 2964; x_wconf 81' lang='lat' dir='ltr'>proprie</span> <span class='ocrx_word' id='word_1_218' title='bbox 251 2915 359 2951; x_wconf 87' lang='lat' dir='ltr'>canum.</span> <span class='ocrx_word' id='word_1_219' title='bbox 384 2915 445 2949; x_wconf 81' lang='lat' dir='ltr'>mox</span> <span class='ocrx_word' id='word_1_220' title='bbox 462 2897 533 2950; x_wconf 86' lang='lat' dir='ltr'>haec</span> <span class='ocrx_word' id='word_1_221' title='bbox 552 2900 642 2950; x_wconf 86' lang='lat' dir='ltr'>addit:</span> <span class='ocrx_word' id='word_1_222' title='bbox 663 2901 810 2950; x_wconf 72' lang='lat' dir='ltr'>sindonius</span> <span class='ocrx_word' id='word_1_223' title='bbox 828 2899 909 2962; x_wconf 77' lang='lat' dir='ltr'>(inimo</span> <span class='ocrx_word' id='word_1_224' title='bbox 928 2899 1088 2962; x_wconf 85' lang='lat' dir='ltr'>Suetonius)</span> <span class='ocrx_word' id='word_1_225' title='bbox 1107 2899 1135 2948; x_wconf 90' lang='lat' dir='ltr'>in</span> <span class='ocrx_word' id='word_1_226' title='bbox 1153 2899 1224 2950; x_wconf 91' lang='lat' dir='ltr'>libro</span> <span class='ocrx_word' id='word_1_227' title='bbox 1237 2901 1271 2950; x_wconf 89' lang='lat' dir='ltr'>de</span> 
     </span>
     <span class='ocr_line' id='line_1_29' title="bbox 132 2967 1271 3032; baseline 0.003 -18"><span class='ocrx_word' id='word_1_228' title='bbox 132 2971 234 3019; x_wconf 85' lang='lat' dir='ltr'>naturis</span> <span class='ocrx_word' id='word_1_229' title='bbox 253 2983 342 3018; x_wconf 87' lang='lat' dir='ltr'>rerum</span> <span class='ocrx_word' id='word_1_230' title='bbox 359 2968 439 3031; x_wconf 90' lang='lat' dir='ltr'>ponit</span> <span class='ocrx_word' id='word_1_231' title='bbox 457 2969 567 3031; x_wconf 87' lang='lat' dir='ltr'>propria</span> <span class='ocrx_word' id='word_1_232' title='bbox 579 2967 843 3024; x_wconf 80' lang='lat' dir='ltr'>uerbaanimalirun</span> <span class='ocrx_word' id='word_1_233' title='bbox 861 2967 1011 3017; x_wconf 86' lang='lat' dir='ltr'>secuudum</span> <span class='ocrx_word' id='word_1_234' title='bbox 1027 2982 1138 3028; x_wconf 85' lang='lat' dir='ltr'>uocem,</span> <span class='ocrx_word' id='word_1_235' title='bbox 1158 2983 1229 3032; x_wconf 90' lang='lat' dir='ltr'>quae</span> <span class='ocrx_word' id='word_1_236' title='bbox 1243 2969 1271 3017; x_wconf 90' lang='lat' dir='ltr'>in</span> 
     </span>
     <span class='ocr_line' id='line_1_30' title="bbox 131 3033 1270 3102; baseline 0 -18"><span class='ocrx_word' id='word_1_237' title='bbox 131 3043 205 3098; x_wconf 83' lang='lat' dir='ltr'>parte</span> <span class='ocrx_word' id='word_1_238' title='bbox 225 3049 371 3102; x_wconf 88' lang='lat' dir='ltr'>ponemus:</span> <span class='ocrx_word' id='word_1_239' title='bbox 396 3033 554 3084; x_wconf 85' lang='lat' dir='ltr'>Leonum’</span> <span class='ocrx_word' id='word_1_240' title='bbox 580 3052 604 3085; x_wconf 90' lang='lat' dir='ltr'>e.</span> <span class='ocrx_word' id='word_1_241' title='bbox 629 3051 653 3100; x_wconf 90' lang='lat' dir='ltr'>q.</span> <span class='ocrx_word' id='word_1_242' title='bbox 679 3051 700 3084; x_wconf 90' lang='lat' dir='ltr'>s.</span> <span class='ocrx_word' id='word_1_243' title='bbox 737 3033 909 3085; x_wconf 80' lang='lat' dir='ltr'>Boxhornius</span> <span class='ocrx_word' id='word_1_244' title='bbox 932 3035 967 3084; x_wconf 91' lang='lat' dir='ltr'>ad</span> <span class='ocrx_word' id='word_1_245' title='bbox 985 3035 1079 3085; x_wconf 86' lang='lat' dir='ltr'>Plauti</span> <span class='ocrx_word' id='word_1_246' title='bbox 1097 3035 1270 3084; x_wconf 87' lang='lat' dir='ltr'>Menaechm.</span> 
     </span>
     <span class='ocr_line' id='line_1_31' title="bbox 131 3102 1271 3166; baseline 0.001 -16"><span class='ocrx_word' id='word_1_247' title='bbox 131 3103 226 3164; x_wconf 81' lang='lat'>11112,</span> <span class='ocrx_word' id='word_1_248' title='bbox 246 3102 294 3153; x_wconf 83' lang='lat'>91:</span> <span class='ocrx_word' id='word_1_249' title='bbox 316 3103 410 3151; x_wconf 83' lang='lat' dir='ltr'>‘Vetus</span> <span class='ocrx_word' id='word_1_250' title='bbox 429 3103 625 3166; x_wconf 87' lang='lat' dir='ltr'>grammaticus</span> <span class='ocrx_word' id='word_1_251' title='bbox 643 3103 781 3163; x_wconf 80' lang='lat' dir='ltr'>sidonius,</span> <span class='ocrx_word' id='word_1_252' title='bbox 801 3103 880 3152; x_wconf 87' lang='lat' dir='ltr'>cuius</span> <span class='ocrx_word' id='word_1_253' title='bbox 898 3103 1083 3166; x_wconf 83' lang='lat' dir='ltr'>fragmentum</span> <span class='ocrx_word' id='word_1_254' title='bbox 1101 3102 1135 3152; x_wconf 91' lang='lat' dir='ltr'>de</span> <span class='ocrx_word' id='word_1_255' title='bbox 1154 3102 1271 3152; x_wconf 87' lang='lat' dir='ltr'>uocibus</span> 
     </span>
     <span class='ocr_line' id='line_1_32' title="bbox 131 3168 1270 3234; baseline 0 -16"><span class='ocrx_word' id='word_1_256' title='bbox 131 3171 311 3222; x_wconf 82' lang='lat' dir='ltr'>animantium</span> <span class='ocrx_word' id='word_1_257' title='bbox 334 3171 363 3218; x_wconf 88' lang='lat' dir='ltr'>in</span> <span class='ocrx_word' id='word_1_258' title='bbox 390 3169 495 3234; x_wconf 87' lang='lat' dir='ltr'>aliquot</span> <span class='ocrx_word' id='word_1_259' title='bbox 517 3169 659 3232; x_wconf 89' lang='lat' dir='ltr'>glossariis</span> <span class='ocrx_word' id='word_1_260' title='bbox 684 3185 747 3220; x_wconf 88' lang='lat' dir='ltr'>mss.</span> <span class='ocrx_word' id='word_1_261' title='bbox 774 3169 888 3233; x_wconf 85' lang='lat' dir='ltr'>legitur:</span> <span class='ocrx_word' id='word_1_262' title='bbox 917 3173 1020 3219; x_wconf 87' lang='lat' dir='ltr'>noctua</span> <span class='ocrx_word' id='word_1_263' title='bbox 1044 3168 1182 3219; x_wconf 65' lang='lat' dir='ltr'>calcabat)</span> <span class='ocrx_word' id='word_1_264' title='bbox 1225 3171 1270 3218; x_wconf 88' lang='lat' dir='ltr'>ubi</span> 
     </span>
     <span class='ocr_line' id='line_1_33' title="bbox 132 3235 1270 3297; baseline 0.004 -13"><span class='ocrx_word' id='word_1_265' title='bbox 132 3237 245 3288; x_wconf 77' lang='lat' dir='ltr'>liothius</span> <span class='ocrx_word' id='word_1_266' title='bbox 265 3237 386 3287; x_wconf 89' lang='lat' dir='ltr'>coniecit</span> <span class='ocrx_word' id='word_1_267' title='bbox 409 3237 584 3286; x_wconf 87' lang='lat' dir='ltr'>scribendum</span> <span class='ocrx_word' id='word_1_268' title='bbox 607 3253 668 3288; x_wconf 87' lang='lat' dir='ltr'>esse</span> <span class='ocrx_word' id='word_1_269' title='bbox 693 3235 874 3287; x_wconf 81' lang='lat' dir='ltr'>‘Suetonius’.</span> <span class='ocrx_word' id='word_1_270' title='bbox 892 3263 924 3272; x_wconf 87' lang='lat'><em>-</em></span> <span class='ocrx_word' id='word_1_271' title='bbox 942 3237 1100 3287; x_wconf 83' lang='lat' dir='ltr'>Thesaurus</span> <span class='ocrx_word' id='word_1_272' title='bbox 1122 3235 1172 3286; x_wconf 87' lang='lat' dir='ltr'>lat.</span> <span class='ocrx_word' id='word_1_273' title='bbox 1192 3235 1270 3297; x_wconf 83' lang='lat' dir='ltr'>(hlei.</span> 
     </span>
     <span class='ocr_line' id='line_1_34' title="bbox 132 3303 1270 3369; baseline -0.002 -15"><span class='ocrx_word' id='word_1_274' title='bbox 132 3313 201 3356; x_wconf 83' lang='lat' dir='ltr'>auct.</span> <span class='ocrx_word' id='word_1_275' title='bbox 232 3305 319 3356; x_wconf 85' lang='lat' dir='ltr'>class.</span> <span class='ocrx_word' id='word_1_276' title='bbox 347 3304 413 3353; x_wconf 88' lang='lat' dir='ltr'>Vlll</span> <span class='ocrx_word' id='word_1_277' title='bbox 436 3321 462 3368; x_wconf 93' lang='lat' dir='ltr'>p.</span> <span class='ocrx_word' id='word_1_278' title='bbox 490 3304 521 3352; x_wconf 83' lang='lat'>77</span> <span class='ocrx_word' id='word_1_279' title='bbox 541 3303 607 3368; x_wconf 72' lang='lat' dir='ltr'>aql:</span> <span class='ocrx_word' id='word_1_280' title='bbox 645 3306 770 3354; x_wconf 87' lang='lat' dir='ltr'>‘Barrire</span> <span class='ocrx_word' id='word_1_281' title='bbox 798 3305 919 3356; x_wconf 87' lang='lat' dir='ltr'>clamare</span> <span class='ocrx_word' id='word_1_282' title='bbox 948 3304 1112 3369; x_wconf 88' lang='lat' dir='ltr'>elephantis.</span> <span class='ocrx_word' id='word_1_283' title='bbox 1150 3310 1178 3352; x_wconf 92' lang='lat' dir='ltr'>et</span> <span class='ocrx_word' id='word_1_284' title='bbox 1206 3319 1270 3368; x_wconf 91' lang='lat' dir='ltr'>quo·</span> 
     </span>
     <span class='ocr_line' id='line_1_35' title="bbox 131 3370 1269 3436; baseline -0.003 -15"><span class='ocrx_word' id='word_1_285' title='bbox 131 3374 201 3423; x_wconf 85' lang='lat' dir='ltr'>niam</span> <span class='ocrx_word' id='word_1_286' title='bbox 224 3374 260 3423; x_wconf 90' lang='lat' dir='ltr'>de</span> <span class='ocrx_word' id='word_1_287' title='bbox 285 3373 405 3422; x_wconf 86' lang='lat' dir='ltr'>ferarum</span> <span class='ocrx_word' id='word_1_288' title='bbox 428 3372 598 3436; x_wconf 88' lang='lat' dir='ltr'>proprietate</span> <span class='ocrx_word' id='word_1_289' title='bbox 618 3388 715 3422; x_wconf 89' lang='lat' dir='ltr'>uocum</span> <span class='ocrx_word' id='word_1_290' title='bbox 733 3372 808 3436; x_wconf 91' lang='lat' dir='ltr'>loqui</span> <span class='ocrx_word' id='word_1_291' title='bbox 829 3373 971 3432; x_wconf 88' lang='lat' dir='ltr'>inchoaui,</span> <span class='ocrx_word' id='word_1_292' title='bbox 996 3372 1066 3420; x_wconf 89' lang='lat' dir='ltr'>libet</span> <span class='ocrx_word' id='word_1_293' title='bbox 1084 3372 1117 3419; x_wconf 89' lang='lat' dir='ltr'>de</span> <span class='ocrx_word' id='word_1_294' title='bbox 1136 3371 1193 3419; x_wconf 90' lang='lat' dir='ltr'>illis</span> <span class='ocrx_word' id='word_1_295' title='bbox 1211 3370 1269 3434; x_wconf 89' lang='lat' dir='ltr'>ple-</span> 
     </span>
     <span class='ocr_line' id='line_1_36' title="bbox 131 3436 1270 3504; baseline -0.002 -16"><span class='ocrx_word' id='word_1_296' title='bbox 131 3442 188 3490; x_wconf 85' lang='lat' dir='ltr'>nius</span> <span class='ocrx_word' id='word_1_297' title='bbox 206 3443 235 3490; x_wconf 91' lang='lat' dir='ltr'>in</span> <span class='ocrx_word' id='word_1_298' title='bbox 255 3441 308 3490; x_wconf 88' lang='lat' dir='ltr'>hec</span> <span class='ocrx_word' id='word_1_299' title='bbox 332 3439 393 3488; x_wconf 87' lang='lat' dir='ltr'>loco</span> <span class='ocrx_word' id='word_1_300' title='bbox 411 3436 495 3502; x_wconf 87' lang='lat' dir='ltr'>loqui,</span> <span class='ocrx_word' id='word_1_301' title='bbox 515 3445 544 3487; x_wconf 91' lang='lat' dir='ltr'>ut</span> <span class='ocrx_word' id='word_1_302' title='bbox 562 3445 673 3504; x_wconf 87' lang='lat' dir='ltr'>praesto</span> <span class='ocrx_word' id='word_1_303' title='bbox 692 3440 737 3488; x_wconf 92' lang='lat' dir='ltr'>hic</span> <span class='ocrx_word' id='word_1_304' title='bbox 755 3441 882 3490; x_wconf 87' lang='lat' dir='ltr'>inueniat</span> <span class='ocrx_word' id='word_1_305' title='bbox 903 3440 951 3504; x_wconf 80' lang='lat' dir='ltr'>qui</span> <span class='ocrx_word' id='word_1_306' title='bbox 970 3454 1084 3488; x_wconf 90' lang='lat' dir='ltr'>noscero</span> <span class='ocrx_word' id='word_1_307' title='bbox 1104 3451 1151 3486; x_wconf 88' lang='lat' dir='ltr'>sas</span> <span class='ocrx_word' id='word_1_308' title='bbox 1174 3439 1270 3502; x_wconf 85' lang='lat' dir='ltr'>gestit.</span> 
     </span>
     <span class='ocr_line' id='line_1_37' title="bbox 131 3505 1269 3573; baseline -0.004 -15"><span class='ocrx_word' id='word_1_309' title='bbox 131 3509 250 3560; x_wconf 84' lang='lat' dir='ltr'>Leonum</span> <span class='ocrx_word' id='word_1_310' title='bbox 270 3513 314 3558; x_wconf 85' lang='lat' dir='ltr'>est</span> <span class='ocrx_word' id='word_1_311' title='bbox 331 3507 446 3556; x_wconf 88' lang='lat' dir='ltr'>fremere</span> <span class='ocrx_word' id='word_1_312' title='bbox 465 3507 572 3571; x_wconf 87' lang='lat' dir='ltr'>rugire,</span> <span class='ocrx_word' id='word_1_313' title='bbox 592 3507 722 3573; x_wconf 90' lang='lat' dir='ltr'>tigridum</span> <span class='ocrx_word' id='word_1_314' title='bbox 739 3505 864 3568; x_wconf 79' lang='lat' dir='ltr'>rachese,</span> <span class='ocrx_word' id='word_1_315' title='bbox 884 3507 1030 3570; x_wconf 88' lang='lat' dir='ltr'>pardorum</span> <span class='ocrx_word' id='word_1_316' title='bbox 1053 3505 1147 3566; x_wconf 88' lang='lat' dir='ltr'>felire,</span> <span class='ocrx_word' id='word_1_317' title='bbox 1171 3510 1269 3569; x_wconf 88' lang='lat' dir='ltr'>pante-</span> 
     </span>
    </p>
   </div>
   <div class='ocr_carea' id='block_1_6' title="bbox 128 3695 1271 4447">
    <p class='ocr_par' dir='ltr' id='par_1_15' title="bbox 128 3695 1271 4447">
     <span class='ocr_line' id='line_1_38' title="bbox 210 3695 1268 3766; baseline -0.005 -13"><span class='ocrx_word' id='word_1_318' title='bbox 210 3697 338 3753; x_wconf 83' lang='lat' dir='ltr'>Praeter</span> <span class='ocrx_word' id='word_1_319' title='bbox 352 3701 435 3754; x_wconf 83' lang='lat' dir='ltr'>aetus</span> <span class='ocrx_word' id='word_1_320' title='bbox 452 3699 482 3751; x_wconf 79' lang='lat' dir='ltr'>ia</span> <span class='ocrx_word' id='word_1_321' title='bbox 493 3698 643 3766; x_wconf 80' lang='lat' dir='ltr'>superiore</span> <span class='ocrx_word' id='word_1_322' title='bbox 655 3697 837 3752; x_wconf 81' lang='lat' dir='ltr'>adnotatione</span> <span class='ocrx_word' id='word_1_323' title='bbox 853 3697 1015 3766; x_wconf 77' lang='lat' dir='ltr'>explicatas</span> <span class='ocrx_word' id='word_1_324' title='bbox 1026 3695 1105 3766; x_wconf 72' lang='lat' dir='ltr'>siglis</span> <span class='ocrx_word' id='word_1_325' title='bbox 1120 3709 1189 3750; x_wconf 84' lang='lat' dir='ltr'>usus</span> <span class='ocrx_word' id='word_1_326' title='bbox 1205 3709 1268 3750; x_wconf 84' lang='lat' dir='ltr'>sum</span> 
     </span>
     <span class='ocr_line' id='line_1_39' title="bbox 130 3779 1270 3852; baseline -0.002 -16"><span class='ocrx_word' id='word_1_327' title='bbox 130 3782 215 3838; x_wconf 78' lang='lat' dir='ltr'>hisce:</span> <span class='ocrx_word' id='word_1_328' title='bbox 257 3781 329 3836; x_wconf 77' lang='lat' dir='ltr'>V:</span> <span class='ocrx_word' id='word_1_329' title='bbox 343 3779 488 3851; x_wconf 75' lang='lat' dir='ltr'>Vputr&#39;oais</span> <span class='ocrx_word' id='word_1_330' title='bbox 511 3787 698 3852; x_wconf 71' lang='lat' dir='ltr'>excerptum,</span> <span class='ocrx_word' id='word_1_331' title='bbox 716 3781 801 3836; x_wconf 67' lang='lat' dir='ltr'>P:</span> <span class='ocrx_word' id='word_1_332' title='bbox 813 3795 931 3836; x_wconf 84' lang='lat' dir='ltr'>carmen</span> <span class='ocrx_word' id='word_1_333' title='bbox 948 3780 1075 3849; x_wconf 80' lang='lat' dir='ltr'>primum</span> <span class='ocrx_word' id='word_1_334' title='bbox 1094 3780 1129 3834; x_wconf 81' lang='lat' dir='ltr'>de</span> <span class='ocrx_word' id='word_1_335' title='bbox 1156 3779 1270 3834; x_wconf 80' lang='lat' dir='ltr'>vecibus</span> 
     </span>
     <span class='ocr_line' id='line_1_40' title="bbox 130 3860 1268 3936; baseline -0.001 -17"><span class='ocrx_word' id='word_1_336' title='bbox 130 3867 329 3931; x_wconf 81' lang='lat' dir='ltr'>animantium,</span> <span class='ocrx_word' id='word_1_337' title='bbox 363 3865 599 3932; x_wconf 83' lang='lat' dir='ltr'>R=alterum,</span> <span class='ocrx_word' id='word_1_338' title='bbox 633 3865 656 3920; x_wconf 87' lang='lat' dir='ltr'><strong><em>S</em></strong></span> <span class='ocrx_word' id='word_1_339' title='bbox 665 3867 844 3920; x_wconf 75' lang='lat' dir='ltr'>:tertium</span> <span class='ocrx_word' id='word_1_340' title='bbox 889 3873 905 3922; x_wconf 86' lang='lat'>5</span> <span class='ocrx_word' id='word_1_341' title='bbox 932 3860 1061 3918; x_wconf 87' lang='lat' dir='ltr'>fremere</span> <span class='ocrx_word' id='word_1_342' title='bbox 1086 3860 1135 3918; x_wconf 93' lang='lat' dir='ltr'>uel</span> <span class='ocrx_word' id='word_1_343' title='bbox 1167 3861 1268 3936; x_wconf 91' lang='lat' dir='ltr'>rugire</span> 
     </span>
     <span class='ocr_line' id='line_1_41' title="bbox 128 3945 1268 4024; baseline -0.004 -18"><span class='ocrx_word' id='word_1_344' title='bbox 128 3953 243 4022; x_wconf 80' lang='lat' dir='ltr'>scripsi:</span> <span class='ocrx_word' id='word_1_345' title='bbox 279 3947 410 4006; x_wconf 84' lang='lat' dir='ltr'>fremere</span> <span class='ocrx_word' id='word_1_346' title='bbox 429 3947 530 4023; x_wconf 89' lang='lat' dir='ltr'>rugire</span> <span class='ocrx_word' id='word_1_347' title='bbox 550 3951 575 4004; x_wconf 84' lang='lat' dir='ltr'><em>A</em></span> <span class='ocrx_word' id='word_1_348' title='bbox 594 3947 694 4024; x_wconf 87' lang='lat' dir='ltr'>rugire</span> <span class='ocrx_word' id='word_1_349' title='bbox 727 3947 772 4004; x_wconf 87' lang='lat' dir='ltr'>VS</span> <span class='ocrx_word' id='word_1_350' title='bbox 792 3947 915 4024; x_wconf 90' lang='lat' dir='ltr'>rugiunt</span> <span class='ocrx_word' id='word_1_351' title='bbox 937 3947 964 4002; x_wconf 90' lang='lat' dir='ltr'><em>P</em></span> <span class='ocrx_word' id='word_1_352' title='bbox 982 3945 1112 4003; x_wconf 89' lang='lat' dir='ltr'>fremere</span> <span class='ocrx_word' id='word_1_353' title='bbox 1134 3947 1192 4002; x_wconf 83' lang='lat' dir='ltr'>GH</span> <span class='ocrx_word' id='word_1_354' title='bbox 1208 3945 1268 4003; x_wconf 91' lang='lat' dir='ltr'>fre·</span> 
     </span>
     <span class='ocr_line' id='line_1_42' title="bbox 131 4025 1267 4110; baseline -0.004 -20"><span class='ocrx_word' id='word_1_355' title='bbox 131 4044 208 4091; x_wconf 85' lang='lat' dir='ltr'>urunt</span> <span class='ocrx_word' id='word_1_356' title='bbox 222 4033 345 4090; x_wconf 82' lang='lat' dir='ltr'><em>BDEM</em></span> <span class='ocrx_word' id='word_1_357' title='bbox 356 4032 458 4090; x_wconf 88' lang='lat' dir='ltr'>fremit</span> <span class='ocrx_word' id='word_1_358' title='bbox 469 4035 526 4088; x_wconf 66' lang='grc' dir='ltr'>ΡΙ(</span> <span class='ocrx_word' id='word_1_359' title='bbox 538 4025 551 4110; x_wconf 77' lang='grc' dir='ltr'>ΙΙ</span> <span class='ocrx_word' id='word_1_360' title='bbox 567 4051 693 4089; x_wconf 82' lang='lat' dir='ltr'>roncare</span> <span class='ocrx_word' id='word_1_361' title='bbox 708 4033 741 4088; x_wconf 88' lang='lat' dir='ltr'><em>H</em></span> <span class='ocrx_word' id='word_1_362' title='bbox 754 4039 882 4090; x_wconf 82' lang='lat' dir='ltr'>runcant</span> <span class='ocrx_word' id='word_1_363' title='bbox 895 4027 948 4087; x_wconf 88' lang='lat' dir='ltr'>CM</span> <span class='ocrx_word' id='word_1_364' title='bbox 959 4029 1107 4087; x_wconf 89' lang='lat' dir='ltr'>rhancant</span> <span class='ocrx_word' id='word_1_365' title='bbox 1123 4033 1151 4087; x_wconf 84' lang='grc' dir='ltr'><em>Ε</em></span> <span class='ocrx_word' id='word_1_366' title='bbox 1161 4029 1267 4087; x_wconf 90' lang='lat' dir='ltr'>recha·</span> 
     </span>
     <span class='ocr_line' id='line_1_43' title="bbox 131 4109 1271 4195; baseline -0.004 -21"><span class='ocrx_word' id='word_1_367' title='bbox 131 4135 198 4176; x_wconf 84' lang='lat' dir='ltr'>nare</span> <span class='ocrx_word' id='word_1_368' title='bbox 215 4115 381 4174; x_wconf 87' lang='lat' dir='ltr'>Vrachare</span> <span class='ocrx_word' id='word_1_369' title='bbox 397 4119 447 4174; x_wconf 78' lang='lat' dir='ltr'>AG</span> <span class='ocrx_word' id='word_1_370' title='bbox 463 4124 589 4174; x_wconf 86' lang='lat' dir='ltr'>raccant</span> <span class='ocrx_word' id='word_1_371' title='bbox 606 4118 661 4172; x_wconf 87' lang='lat' dir='ltr'>BP</span> <span class='ocrx_word' id='word_1_372' title='bbox 674 4114 857 4174; x_wconf 82' lang='lat' dir='ltr'>rlrsccantll</span> <span class='ocrx_word' id='word_1_373' title='bbox 873 4109 886 4195; x_wconf 76' lang='grc' dir='ltr'>ΙΙ</span> <span class='ocrx_word' id='word_1_374' title='bbox 901 4123 917 4176; x_wconf 87' lang='grc'>6</span> <span class='ocrx_word' id='word_1_375' title='bbox 934 4113 1023 4172; x_wconf 87' lang='lat' dir='ltr'>felire</span> <span class='ocrx_word' id='word_1_376' title='bbox 1043 4115 1151 4172; x_wconf 81' lang='lat' dir='ltr'><em>VAGH</em></span> <span class='ocrx_word' id='word_1_377' title='bbox 1162 4113 1230 4172; x_wconf 86' lang='lat' dir='ltr'>felit</span> <span class='ocrx_word' id='word_1_378' title='bbox 1243 4115 1271 4169; x_wconf 90' lang='lat' dir='ltr'><strong><em>P</em></strong></span> 
     </span>
     <span class='ocr_line' id='line_1_44' title="bbox 131 4194 1267 4279; baseline -0.002 -23"><span class='ocrx_word' id='word_1_379' title='bbox 131 4201 234 4260; x_wconf 86' lang='lat' dir='ltr'>saliunt</span> <span class='ocrx_word' id='word_1_380' title='bbox 252 4203 282 4258; x_wconf 89' lang='lat' dir='ltr'><em>B</em></span> <span class='ocrx_word' id='word_1_381' title='bbox 297 4199 414 4278; x_wconf 89' lang='lat' dir='ltr'>peliunt</span> <span class='ocrx_word' id='word_1_382' title='bbox 430 4202 506 4258; x_wconf 83' lang='lat' dir='ltr'>CDE</span> <span class='ocrx_word' id='word_1_383' title='bbox 517 4199 664 4278; x_wconf 87' lang='lat' dir='ltr'>phelpant</span> <span class='ocrx_word' id='word_1_384' title='bbox 679 4201 713 4256; x_wconf 93' lang='lat' dir='ltr'><em>M</em></span> <span class='ocrx_word' id='word_1_385' title='bbox 724 4194 738 4279; x_wconf 78' lang='grc' dir='ltr'>ΙΙ</span> <span class='ocrx_word' id='word_1_386' title='bbox 754 4199 872 4258; x_wconf 82' lang='lat' dir='ltr'>esurire</span> <span class='ocrx_word' id='word_1_387' title='bbox 894 4201 966 4257; x_wconf 85' lang='lat' dir='ltr'>VAG</span> <span class='ocrx_word' id='word_1_388' title='bbox 979 4198 1075 4256; x_wconf 89' lang='lat' dir='ltr'>caurit</span> <span class='ocrx_word' id='word_1_389' title='bbox 1090 4201 1117 4256; x_wconf 90' lang='lat' dir='ltr'><em>P</em></span> <span class='ocrx_word' id='word_1_390' title='bbox 1130 4197 1267 4256; x_wconf 89' lang='lat' dir='ltr'>chaurire</span> 
     </span>
     <span class='ocr_line' id='line_1_45' title="bbox 131 4279 1267 4364; baseline -0.002 -23"><span class='ocrx_word' id='word_1_391' title='bbox 131 4286 160 4341; x_wconf 83' lang='lat' dir='ltr'><em>H</em></span> <span class='ocrx_word' id='word_1_392' title='bbox 170 4285 335 4344; x_wconf 84' lang='lat' dir='ltr'>chauriunt</span> <span class='ocrx_word' id='word_1_393' title='bbox 349 4287 377 4340; x_wconf 90' lang='lat' dir='ltr'><em>B</em></span> <span class='ocrx_word' id='word_1_394' title='bbox 392 4283 568 4342; x_wconf 89' lang='lat' dir='ltr'>chaurriunt</span> <span class='ocrx_word' id='word_1_395' title='bbox 581 4287 609 4340; x_wconf 87' lang='lat' dir='ltr'><em>D</em></span> <span class='ocrx_word' id='word_1_396' title='bbox 624 4284 798 4342; x_wconf 88' lang='lat' dir='ltr'>ehausriunt</span> <span class='ocrx_word' id='word_1_397' title='bbox 807 4288 836 4342; x_wconf 86' lang='lat' dir='ltr'><em>E</em></span> <span class='ocrx_word' id='word_1_398' title='bbox 849 4283 1001 4342; x_wconf 82' lang='lat' dir='ltr'>elratriunt</span> <span class='ocrx_word' id='word_1_399' title='bbox 1015 4285 1049 4340; x_wconf 90' lang='lat' dir='ltr'><em>M</em></span> <span class='ocrx_word' id='word_1_400' title='bbox 1060 4279 1073 4364; x_wconf 71' lang='grc' dir='ltr'>ΙΙ</span> <span class='ocrx_word' id='word_1_401' title='bbox 1088 4302 1201 4345; x_wconf 85' lang='lat' dir='ltr'>uncare</span> <span class='ocrx_word' id='word_1_402' title='bbox 1216 4280 1267 4340; x_wconf 89' lang='lat' dir='ltr'>uel</span> 
     </span>
     <span class='ocr_line' id='line_1_46' title="bbox 130 4367 1182 4447; baseline -0.002 -19"><span class='ocrx_word' id='word_1_403' title='bbox 130 4369 242 4429; x_wconf 85' lang='lat' dir='ltr'>saeuire</span> <span class='ocrx_word' id='word_1_404' title='bbox 268 4370 377 4427; x_wconf 81' lang='lat' dir='ltr'><em>VAGH</em></span> <span class='ocrx_word' id='word_1_405' title='bbox 391 4377 484 4428; x_wconf 90' lang='lat' dir='ltr'>uueat</span> <span class='ocrx_word' id='word_1_406' title='bbox 497 4372 524 4427; x_wconf 88' lang='grc' dir='ltr'><em>Ρ</em></span> <span class='ocrx_word' id='word_1_407' title='bbox 540 4377 651 4447; x_wconf 90' lang='lat' dir='ltr'>urgant</span> <span class='ocrx_word' id='word_1_408' title='bbox 665 4367 715 4427; x_wconf 90' lang='lat' dir='ltr'>uel</span> <span class='ocrx_word' id='word_1_409' title='bbox 734 4369 874 4428; x_wconf 90' lang='lat' dir='ltr'>saeuiunt</span> <span class='ocrx_word' id='word_1_410' title='bbox 888 4369 1005 4425; x_wconf 82' lang='lat' dir='ltr'><em>BDEM</em></span> <span class='ocrx_word' id='word_1_411' title='bbox 1013 4370 1113 4428; x_wconf 87' lang='lat' dir='ltr'>saeuit</span> <span class='ocrx_word' id='word_1_412' title='bbox 1124 4369 1182 4428; x_wconf 73' lang='lat' dir='ltr'>Fr(</span> 
     </span>
    </p>
   </div>
   <div class='ocr_carea' id='block_1_7' title="bbox 0 0 1540 5064">
    <p class='ocr_par' dir='ltr' id='par_1_16' title="bbox 0 0 1540 5064">
     <span class='ocr_line' id='line_1_47' title="bbox 0 0 1540 5064; baseline 0 5"><span class='ocrx_word' id='word_1_413' title='bbox 0 0 1540 5064; x_wconf 95' lang='lat' dir='ltr'> </span> 
     </span>
    </p>
   </div>
  </div>
 </body>
</html>
