3064 5064
259 353 300 414 90
414 379 416 386 a
643 376 685 416 nn
708 374 793 418 vrurs
816 376 1028 457 ruqururavs

258 521 314 608 qui
333 529 447 609 postea
463 521 591 622 Nerone
610 531 768 609 regnante
791 545 832 588 ex
853 522 919 588 cibi
936 524 1154 590 redundantia
1175 528 1210 590 in
1230 546 1310 590 cena
1329 545 1394 590 mo-

257 625 349 690 ritnr.

259 820 394 866 commota
411 816 544 882 principis
562 816 654 878 domo,
677 819 708 866 ut
730 816 817 868 series
839 815 925 866 futuri
944 817 971 866 in
989 816 1170 884 Agrippinam
1193 817 1271 868 exitii
1289 819 1393 882 incipe-

257 890 312 947 ret,
332 883 458 934 Claudia*
472 883 591 934 Pulchra
614 885 727 934 sobrina
751 886 809 935 eius
832 883 987 966 postulatur
1011 893 1160 936 accusante
1178 886 1300 936 Domitio
1319 885 1393 936 Afro.

258 953 281 1002 is
304 967 401 1002 recens
423 957 568 1017 praetura,
592 952 715 1003 modicus
738 950 907 1018 dignatronis
935 957 963 1002 et
986 967 1092 1018 quoquo
1115 955 1239 1004 facinore
1263 969 1395 1018 properus

258 1021 427 1080 clarescere,
447 1021 551 1071 crimen
569 1021 764 1086 inpudicitiae,
785 1021 937 1071 adulterum
956 1021 1100 1084 Furnium,
1120 1021 1257 1072 ueneficia
1275 1023 1308 1082 in,
1321 1023 1394 1086 prin·

258 1089 346 1154 cipum
360 1095 389 1138 ct
406 1088 568 1139 deuotiones
581 1089 743 1139 oblectabat
757 1124 932 1139 .........
951 1088 1070 1138 Pulchra
1089 1095 1116 1139 et
1127 1091 1245 1140 Furnius
1263 1089 1395 1139 damnan-

257 1157 1394 1223 tmAmmmffimmwmmfflmfflwmmfflmmmmm-

257 1227 432 1276 ueneratione
452 1224 595 1286 Caesaris,
621 1241 674 1290 qua
693 1240 741 1275 suo
759 1226 818 1275 iure
837 1225 968 1275 disertum
987 1241 1048 1274 oum
1071 1225 1232 1292 appellauit.
1268 1241 1329 1275 mox
1347 1241 1395 1275 ca·

256 1293 400 1358 pascendis
419 1293 644 1343 accusationibus
663 1298 711 1342 aut
729 1309 789 1343 reos
809 1293 925 1343 tutando
942 1294 1113 1358 prosperiore
1138 1293 1295 1358 eloquentia
1314 1309 1394 1358 quarn

256 1377 360 1412 morum
382 1360 459 1411 inme
481 1361 548 1424 fuit,
578 1361 633 1412 nisi
656 1361 726 1426 quod
750 1365 830 1410 aetas
854 1366 976 1411 extrema
1000 1362 1113 1412 multum
1132 1363 1217 1411 etiarn
1236 1361 1396 1426 eloquentia

256 1429 387 1494 dempsit,
417 1430 479 1479 dum
507 1429 583 1479 sessa
609 1435 700 1479 mente
723 1430 827 1479 retinet
853 1429 957 1479 silentii
984 1428 1202 1494 inpatientiam’
1237 1427 1283 1479 66:
1322 1429 1394 1480 ‘cor-

255 1497 432 1563 ripueratque
450 1497 552 1546 Varum
570 1497 748 1560 Quintilium,
767 1497 880 1547 diuitem
904 1503 932 1546 et
951 1496 1065 1548 Caesari
1088 1498 1281 1563 propinquum,
1300 1496 1394 1547 Domi-

255 1566 310 1615 tius
334 1565 416 1628 Afer,
441 1563 574 1614 Claudiae
598 1565 734 1618 Pulchrae
758 1567 854 1615 matris
874 1565 931 1615 eius
950 1565 1160 1629 condemnator,
1183 1564 1258 1616 nullo
1275 1567 1395 1614 mirante

256 1633 327 1698 quod
344 1633 390 1682 diu
409 1649 493 1698 egens
512 1637 539 1682 et
552 1639 631 1699 parto
644 1649 731 1700 nuper
743 1634 865 1699 praemio
879 1632 950 1682 male
962 1648 1027 1683 usus
1040 1634 1119 1699 plura
1133 1633 1167 1683 ad
1179 1633 1287 1698 flagitia
1300 1633 1393 1683 accin-

256 1699 386 1766 geretur)
401 1699 573 1751 CassiusDio
585 1699 627 1764 59,
643 1699 880 1766 19sq.—Tacitus
893 1701 958 1750 dial.
974 1699 1019 1751 13:
1034 1701 1077 1750 ‘na
1090 1702 1191 1752 nostris
1205 1701 1313 1766 quidem
1326 1706 1394 1750 tenr-

254 1770 366 1834 poribus
384 1767 525 1818 Secundus
542 1769 708 1834 Pomponius
724 1770 791 1818 Afro
809 1770 931 1819 Domitio
953 1768 999 1818 uel
1017 1770 1155 1835 dignitate
1173 1770 1249 1818 uitae
1266 1767 1311 1818 nel
1332 1785 1394 1836 pcr-

254 1837 391 1903 petuitate
415 1837 506 1887 famae
531 1835 670 1887 cesserit’
709 1836 750 1886 15:
789 1838 883 1902 ‘quarn
905 1837 973 1886 Afer
996 1841 1024 1886 et
1041 1837 1190 1888 Africanus
1208 1841 1256 1886 aut
1273 1837 1395 1901 uoaiqni

255 1921 272 1954 a
291 1905 425 1956 Cicerone
445 1911 493 1954 ant
509 1905 605 1956 Asinio
623 1903 800 1954 recessistis’.
831 1905 1019 1967 Quintilianus
1037 1905 1061 1954 X
1082 1904 1104 1968 l,
1125 1903 1185 1954 118:
1205 1905 1307 1955 ‘corum
1325 1916 1395 1969 qnos

253 1973 370 2023 uiderim
382 1973 520 2022 Domitius
532 1972 599 2022 Afer
611 1979 639 2022 et
651 1973 737 2022 Iulius
750 1973 898 2022 Africanus
910 1973 991 2038 longa
1003 1974 1245 2040 praestantissimi.
1273 1977 1332 2022 arto
1345 1972 1394 2022 ille

255 2046 283 2092 et
301 2047 358 2092 toto
376 2041 605 2108 generedicendi
622 2041 820 2106 praeferendus
838 2045 868 2091 et
884 2055 962 2105 quem
980 2042 1008 2090 in
1021 2057 1133 2092 numero
1151 2046 1275 2092 ueterum
1289 2040 1394 2090 habere

253 2125 307 2160 nou
327 2107 448 2159 timeas)
485 2109 539 2160 Xll
559 2107 603 2171 ll,
628 2109 656 2160 3:
694 2108 765 2158 ‘uidi
789 2124 840 2174 ego
859 2107 940 2173 longe
964 2111 1096 2172 omnium,
1122 2125 1188 2174 quos
1206 2109 1275 2158 milri
1293 2124 1393 2174 coguo-

254 2193 331 2228 sccre
362 2177 493 2243 contigit,
525 2193 657 2227 summam
679 2181 815 2228 oratorem
837 2176 983 2226 Domitium
1000 2177 1095 2227 Atrum
1118 2176 1200 2227 ualde
1223 2193 1318 2228 senem
1346 2193 1393 2226 co·

253 2241 1394 2312 ffimmfflmmwmmmmwmmmwmmmmwme

253 2311 1394 2380 imfflmfflmmffimwmmwmmmfflmfflffiwffin

253 2381 364 2448 dignunn
382 2381 510 2432 uideatur
528 2381 663 2445 riderent,
687 2381 735 2430 alss
754 2380 962 2442 erubescerent;
992 2395 1062 2446 quae
1081 2382 1192 2432 occasio
1211 2381 1266 2432 init
1282 2381 1394 2432 dicendi

253 2451 336 2500 malle
355 2466 415 2500 eum
434 2449 552 2500 deficere
572 2465 651 2515 quam
671 2447 817 2500 desinere’
840 2449 865 2498 X
879 2447 907 2510 l,
927 2449 972 2498 24:
993 2449 1186 2515 ‘nobispuoris
1203 2450 1327 2514 insignes
1345 2465 1394 2514 pro

253 2517 390 2568 Voluseno
414 2517 511 2568 Catulo
535 2517 652 2567 Domitii
680 2518 741 2566 Afri
769 2515 860 2582 Crispi
887 2517 1014 2568 Passieni
1041 2518 1151 2567 Decimi
1176 2518 1267 2568 Laelii
1291 2520 1392 2568 oratio-

252 2601 302 2636 nes
320 2585 506 2636 ferebantur)
542 2585 595 2635 XII
616 2584 660 2648 10,
688 2583 731 2634 10:
768 2582 806 2633 ‘in
826 2586 866 2634 eis
890 2585 973 2636 etiam
993 2601 1059 2650 quos
1077 2585 1131 2650 ipsi
1149 2585 1267 2636 uidimus
1284 2587 1393 2652 copiam

253 2653 377 2704 Senecae
405 2655 479 2704 uires
501 2653 627 2704 Africani
654 2653 844 2702 maturitatem
866 2652 926 2702 Afri
954 2653 1154 2704 iucunditatem
1179 2654 1270 2719 Crispi
1297 2669 1393 2704 nonum

253 2721 385 2772 Trachali
408 2721 576 2788 elegantiam
596 2719 739 2770 Securnli'.
776 2721 814 2774 VI
837 2719 867 2784 3,
892 2721 938 2770 27:
976 2721 1016 2770 ‘id
1034 2737 1114 2786 porro
1133 2722 1203 2785 quod
1226 2723 1328 2772 dicitur
1346 2721 1396 2786 (nd

253 2787 1393 2856 mmmmmnmwnmmmemmmqwunummpm-

253 2873 318 2921 que;
350 2862 397 2907 aut
416 2857 654 2919 contumeliosum,
675 2857 768 2922 qualia
787 2871 872 2922 nuper
884 2857 956 2906 lunii
974 2857 1068 2917 Basei3
1100 2861 1148 2906 aut
1166 2871 1308 2922 asperum,
1327 2875 1394 2923 qua·

252 2923 1396 2989 fflcmfiwmhmhmfflfflmfflmdmfflwssw:ffimffit

253 2994 281 3042 in
304 2993 355 3042 hoe
380 3009 481 3058 genere
501 2993 668 3057 (urbanitate)
691 2997 823 3042 uenustus
847 2992 916 3042 Afer
938 2992 1089 3056 Domitium,
1120 2993 1197 3044 cuius
1222 2995 1395 3046 orationibus

253 3060 407 3126 cumplures
431 3061 511 3110 huius
529 3061 600 3110 modi
625 3061 799 3111 narrationes
818 3061 940 3110 insertae
968 3062 1154 3126 reperiuntur,
1191 3063 1239 3112 sed
1257 3063 1394 3114 dictorum

252 3144 358 3194 quoque
388 3130 423 3179 ab
448 3129 542 3180 eodem
565 3130 669 3180 urbane
693 3133 756 3178 sunt
783 3127 866 3178 libri.’
901 3127 995 3178 horum
1020 3129 1167 3193 reliquiae:
1204 3131 1395 3192 Quintilianus

251 3195 290 3246 vr
308 3195 339 3257 a,
358 3195 390 3246 aa
410 3195 459 3260 (cr.
479 3197 518 3246 xr
536 3195 565 3277 a,
588 3195 655 3278 raa),
684 3196 726 3244 aa
746 3195 786 3245 sr.
807 3195 848 3246 aa.
868 3195 909 3246 aa.
928 3195 961 3245 aa
980 3193 1030 3261 (ef.
1050 3196 1121 3251 rna
1142 3213 1184 3264 ep.
1203 3199 1231 3248 11
1252 3197 1296 3262 14,
1315 3198 1341 3262 a)
1361 3229 1393 3236 -

251 3263 285 3314 94
302 3265 369 3314 vm
392 3263 421 3328 5,
445 3261 461 3316 3
485 3263 597 3316 Cassrus
616 3265 669 3316 Dro
692 3263 738 3326 60,
762 3263 810 3328 33,
834 3263 859 3314 8.

339 3465 350 3515 l
370 3473 447 3514 cena
461 3457 488 3512 B
506 3473 602 3514 coena
621 3455 723 3529 (Saul.)
