3162 5058
268 391 329 454 324
546 405 741 446 σοντιιοιινιι
764 403 931 446 nouom
953 405 1129 454 κυιαονιεε

267 543 472 634 κνβεντικήν
501 543 640 614 παιδιάν
665 547 808 633 παράγει
839 549 1061 632 Σοφοκλέους
1085 544 1148 633 μὲν
1184 547 1222 614 ἐκ
1246 553 1413 633 Παλάμη-

267 654 365 734 δονς,
389 643 573 736 ὁμωνύμου
597 651 642 740 τῷ
664 643 748 734 ήρωι
769 650 954 734 δράματος,
978 647 1032 714 τό·
1074 649 1202 727 ἐκεῖνος
1225 649 1347 734 ἐφεῦρε

419 746 566 828 πεσσούς
586 747 715 836 κύβους
735 773 787 832 τε,
811 745 966 834 τερπνὰν
980 745 1098 835 άργίας
1119 743 1215 827 άκος·

266 851 322 920 καί
349 853 573 938 Εὐφορίωνος
603 848 657 918 τό·
703 846 810 916 πεσσίι
832 847 1069 918 Ναυπλιάδαο.
1111 851 1200 936 λέγει
1227 848 1262 917 δὲ
1290 849 1344 918 καί
1374 849 1413 916 έν

184 961 205 1038 j
266 954 329 1040 μέν
350 950 432 1044 Ἰλίφ
455 957 656 1020 δείκνυσθαι
677 957 780 1018 λίθον
800 947 855 1038 ἐφ’
879 939 922 1018 ού
946 953 1132 1018 έπέσσευον
1154 955 1189 1018 οί
1205 945 1346 1036 Ἀχαιοί,
1374 953 1436 1020 ένε

267 1051 430 1141 δέἈργει
453 1049 512 1121 τὸν
536 1051 720 1140 λεγόμενον
741 1051 968 1140 Παλαμήδους
990 1051 1127 1120 πεσσόν.
1168 1053 1223 1120 καὶ
1244 1047 1295 1120 ὅτι
1317 1051 1413 1120 Πλά-

266 1181 335 1224 των
354 1151 415 1240 τήν
437 1158 505 1223 τῶν
528 1158 663 1222 πεσσῶν
685 1151 820 1238 εὕρεσιν
834 1160 1034 1240 Αἰγυπτίοις
1054 1150 1256 1240 ἀνατίθησιν
1272 1160 1309 1222 έν
1325 1159 1413 1221 Φαί-

267 1263 335 1348 δρῳ
372 1258 480 1343 λέγων
510 1251 635 1335 αύτούς
668 1260 802 1340 πρῶτον
837 1252 986 1342 ἀριθμὸν
1020 1257 1075 1324 καί
1108 1253 1270 1343 λογισμὸν
1300 1249 1413 1342 εύρεῑν

267 1361 322 1428 καὶ
342 1364 548 1444 γεωμετρίαν
572 1359 628 1426 καὶ
642 1352 887 1443 ἀστρονομίαν,
911 1364 958 1424 ἔτι
981 1357 1018 1426 δὲ
1036 1365 1191 1425 πεττείαν
1214 1383 1250 1424 τε
1272 1357 1327 1426 καὶ
1347 1383 1413 1424 κυ-

266 1467 380 1548 βείαν,
402 1459 456 1546 καλ
478 1458 518 1546 δή
541 1458 725 1546 γράμματα.
770 1459 825 1526 καί
849 1456 899 1526 ὅτι
922 1463 957 1528 οί
975 1461 1036 1526 τοῦ
1050 1457 1235 1538 Πλάτωνος
1256 1454 1450 1546 ύπομνη-ιο

267 1561 421 1650 ματισταί
442 1556 485 1628 ού
500 1556 562 1646 τήν
581 1555 661 1643 παρ’
675 1555 813 1646 Ἕλλησι
831 1565 987 1627 πεττείαν
1002 1563 1222 1648 σημανθῇναί
1240 1581 1324 1647 φασι
1344 1555 1412 1630 ύτύ

268 1661 468 1746 Πλάτωνος,
492 1657 577 1728 ἀλλά
598 1657 660 1747 τήν
676 1665 738 1728 τού
759 1665 944 1749 λεγομένου
963 1668 1220 1750 πεττευτηρίου·
1245 1661 1414 1751 καταγρά-

267 1773 397 1852 φεσθαι
418 1761 482 1849 γάρ
505 1789 536 1830 τι
559 1768 721 1829 πλινθίον
741 1757 852 1850 ὥσπερ
873 1764 911 1829 έν
932 1767 972 1855 τῇ
993 1765 1190 1854 πεττευτική
1209 1769 1340 1856 παιδιᾷ,
1364 1762 1412 1832 δι’

268 1855 310 1933 οὗ
340 1861 380 1932 τὰ
410 1861 575 1952 κινήματα
602 1867 665 1930 τού
690 1858 790 1950 ἡλίου
817 1864 872 1930 καί
895 1867 952 1950 τής
973 1867 1131 1952 σελήνης,
1162 1871 1209 1934 ἔτι
1232 1865 1268 1934 δὲ
1294 1867 1349 1936 καί
1371 1848 1413 1934 τύ

267 1961 456 2034 έλλειπτικύ
485 1961 777 2050 πραγματεύονται
805 1968 841 2032 οἰ
863 1968 1054 2051 Αἰγύπτιοι.
1110 1967 1165 2034 καί
1192 1963 1243 2036 ὅτι
1267 1970 1411 2054 ἐχρῶντο
1425 1997 1449 2036 ιε

268 2072 303 2136 οἰ
330 2067 466 2136 παλαιοὶ
491 2067 578 2152 τρισὶ
605 2068 724 2152 κύβοις
754 2067 809 2132 καί
833 2062 894 2153 ούχ
914 2063 1028 2156 ὥσπερ
1052 2072 1087 2136 οἰ
1103 2070 1169 2136 νύν
1191 2073 1286 2138 δυσί·
1327 2065 1413 2138 ὅθεν

268 2170 323 2238 καί
350 2174 511 2256 παροιμία
536 2169 589 2236 έπί
617 2172 685 2235 τοῖν
710 2167 815 2256 μηδὲν
843 2166 898 2236 διά
924 2172 1031 2257 μέσον
1054 2169 1329 2240 κινδυνευόντων
1355 2169 1412 2240 τό·

265 2265 379 2358 ήτρίς
402 2267 435 2351 ἓξ
457 2264 477 2356 ή
502 2285 589 2354 τρεῖς
613 2268 753 2356 κύβους,
785 2265 850 2337 άπὸ
871 2274 933 2337 τού
961 2277 1123 2358 μεγίστου
1152 2273 1206 2340 καί
1236 2275 1412 2360 ἐλαχίστου

266 2370 433 2459 άριθμού,
461 2361 500 2458 ής
525 2373 687 2458 μέμνηται
711 2352 862 2438 Πλάτωύ
887 2374 925 2440 έν
959 2373 1076 2460 νόμοις
1104 2372 1221 2441 εἰπάν·
1270 2369 1292 2460 ή
1324 2389 1414 2460 τρεῖς

267 2475 394 2561 κύβους
415 2473 613 2560 βάλλοντες,
637 2473 789 2539 τουτέστι
806 2487 894 2560 τρεῖς
912 2474 1071 2561 μονάδας.
1111 2476 1219 2562 κύβον
1240 2476 1305 2562 γάρ
1328 2497 1450 2563 φασιιο

356 2683 367 2733 1
379 2699 436 2748 sqq.
450 2683 611 2732 Eustathius
624 2681 692 2732 11.ss
702 2681 765 2732 a08:
779 2675 976 2749 Παλαμήδους
989 2675 1217 2752 ἐπινοησαμένου
1229 2685 1350 2754 κυβείαν
1362 2683 1413 2740 καλ

268 2749 403 2803 πεττείαν
422 2743 453 2800 έν
465 2741 536 2817 Ἰλίῳ
553 2746 595 2808 είς
607 2744 797 2814 παραμύθιον
809 2751 890 2816 λιμοῦ
906 2747 1098 2817 κατασχόντος
1109 2748 1162 2819 τήν
1175 2749 1310 2818 στρατιάν
1327 2753 1413 2814 λίθος

269 2812 333 2869 ἐκεῖ
341 2811 504 2880 ἐδείκνυτο,
521 2812 603 2867 καθά
617 2799 754 2881 Πολέμων
767 2813 882 2881 ίστορεί,
897 2811 946 2884 ἐφ’
963 2811 997 2869 ού
1011 2813 1176 2872 ἐπέττευον.
1197 2821 1248 2888 τής
1267 2815 1299 2873 δέ
1317 2817 1412 2873 τοιαύ-

266 2903 317 2952 της
336 2879 466 2942 ἐπινοίας
483 2884 535 2935 τοῦ
553 2880 749 2951 Παλαμήδους
766 2883 815 2936 καὶ
833 2886 883 2952 τῆς
902 2880 1038 2952 εὑρέσεως
1057 2884 1088 2940 δὲ
1105 2888 1157 2939 τοῦ
1172 2884 1285 2956 χρόνον,
1304 2880 1342 2954 ἣν
1362 2888 1412 2942 καλ

268 2947 359 3020 αύτήν
383 2946 491 3012 ἐκεῖνος
514 2945 678 3017 έσοφίσατο,
696 2948 827 3020 μάρτυρα
845 2948 1006 3020 παράγουσι
1024 2955 1172 3022 Σοφοκλή,
1189 2953 1220 3016 δς
1239 2950 1270 3008 ἐν
1288 2951 1412 3024 δράματι

268 3014 409 3087 ὁμωνύμω
432 3019 469 3085 τῷ
493 3014 594 3086 εύρετῇ
612 3015 778 3088 Παλαμήδη
803 3022 908 3102 φησίν
935 3015 979 3074 Ού
1003 3019 1085 3089 λιμὸν
1108 3014 1191 3085 ούτος
1215 3018 1298 3076 τόνδ’
1315 3021 1413 3078 α’ποῖσε

270 3085 323 3140 σύν
341 3074 402 3155 θειβ
421 3083 523 3148 εἰπεῖν,
543 3085 647 3153 χρόνον
665 3103 695 3139 τε
714 3089 864 3156 διατριβας
882 3085 1049 3156 σοφωτάτας
1068 3086 1172 3162 ἐφεῦρε
1186 3093 1325 3163 φλοίσβου
1340 3089 1412 3160 μετὰ

268 3151 362 3223 κοπήν
385 3157 447 3207 καθ
467 3155 553 3222 μένος
576 3152 697 3216 πεσσούς
718 3151 825 3220 κύβους
847 3174 877 3210 τε
900 3154 1023 3224 τερπνὸν
1046 3151 1150 3225 α’ργίας
1172 3157 1260 3224 &non
1289 3155 1412 3229 ἐμαρτύ-

268 3241 340 3290 ρουν
362 3218 395 3275 δὲ
416 3173 466 3274 καί
487 3216 616 3290 Ἀργεῖοι,
640 3213 711 3290 παρ’
733 3222 777 3284 οἷς
800 3215 852 3294 ήν,
877 3241 979 3290 φασιν,
1006 3219 1021 3279 ὁ
1045 3222 1194 3294 λεγόμενος
1217 3225 1414 3297 Παλαμήδους

269 3285 379 3372 κεστός.
415 3282 458 3344 ὅτι
477 3287 509 3342 δὲ
527 3285 581 3369 τήν
599 3283 694 3343 αύτών
712 3283 824 3358 εύρεσιν
841 3289 1009 3358 Αἰγυπτίοις
1031 3287 1225 3348 α’νατιθέασιν
1247 3294 1338 3362 ἕτεροι
1362 3295 1412 3349 καὶ

270 3351 313 3412 ὅτι
332 3377 366 3411 ου
384 3355 520 3427 παιντική
539 3355 789 3436 αλλάῃφιλόσοφος
806 3353 824 3429 ἡ
843 3356 1021 3429 Αἰγυπτιακὴ
1040 3365 1156 3415 πεττεία
1174 3361 1293 3431 λέγεται.
1313 3358 1344 3418 ἐν
1362 3357 1410 3417 51-

269 3431 329 3488 λοις
348 3427 494 3494 δηλοῦται.
530 3427 580 3480 καὶ
598 3445 671 3479 ουτω
689 3423 742 3494 μέν
755 3425 909 3496 εἰρημένον
922 3425 991 3482 έστω
1009 3422 1062 3482 ουίι
1074 3423 1244 3492 α’λνοιτελάς
1256 3429 1305 3485 καὶ
1318 3435 1412 3484 τοῦτο.

269 3497 489 3562 Etymologioum
513 3513 654 3559 magnum:
680 3497 795 3563 Πεσσοί,
820 3492 903 3564 βύλια
920 3497 1068 3566 κυβιστοίν.
1104 3495 1194 3552 πέσεα
1218 3491 1414 3570 ὁμωνύμωςή

269 3581 299 3616 τε
318 3557 434 3631 γραμμή
453 3561 502 3614 καί
522 3557 537 3615 ὁ
555 3565 664 3631 φήφος.
701 3562 786 3618 πέντε
805 3561 837 3617 δὲ
855 3555 930 3634 ήσαν
949 3562 993 3628 οἷς
1012 3561 1148 3646 ἐχριίητο·
1168 3566 1218 3620 καὶ
1236 3566 1326 3620 πέσσα
1345 3585 1412 3620 πεν·

269 3626 432 3698 τάγραμμα·
451 3630 501 3682 καὶ
519 3627 593 3698 τάχα
610 3626 628 3698 ή
647 3632 763 3684 πεττεία
775 3628 866 3684 οἷονεί
884 3629 1002 3685 πεντεία
1014 3653 1056 3693 τις
1068 3651 1149 3687 οντα.
1186 3625 1251 3700 εύρε
1270 3632 1302 3688 δὲ
1320 3629 1413 3704 αύτήν

271 3695 459 3767 Παλαμήδης·
477 3697 526 3750 καλ
539 3700 628 3765 δηλοῖ
641 3696 672 3752 τὸ
691 3695 855 3768 ἐπίγραμμα
873 3701 929 3752 τοῖν
947 3697 985 3764 λζ’
997 3699 1068 3766 πρὸς
1085 3699 1152 3763 τούς
1163 3699 1267 3764 τόπους
1285 3694 1335 3763 ούς
1354 3701 1412 3786 έηει

270 3762 302 3818 τὸ
321 3763 529 3834 Παλαμήδειον
546 3759 679 3847 οίβάκιον.
716 3765 773 3820 ἔστι
792 3764 875 3834 πέτω,
895 3763 911 3821 ὃ
928 3770 1061 3838 σημαίνει
1073 3767 1105 3823 τύ
1117 3775 1295 3824 καταπίπτω·
1314 3767 1329 3824 ὁ
1347 3775 1409 3840 μελ·

271 3835 340 3898 λιον,
363 3831 452 3886 πέσω·
478 3828 507 3898 ἐξ
532 3835 623 3887 αυτοῦ
646 3831 737 3902 ὄνομα
762 3831 864 3896 πεοοὸς
887 3831 903 3888 ὁ
926 3839 1039 3889 πίπτων
1059 3831 1089 3890 ἐν
1107 3841 1146 3907 τῷ
1164 3837 1337 3906 βάλλεσθαι·
1361 3837 1412 3892 καὶ

270 3901 363 3968 τροπῇ
380 3897 493 3962 πεττάς’
519 3902 567 3955 καὶ
586 3898 734 3955 πεττεύειν
751 3899 782 3955 τὸ
801 3901 985 3986 μεταφέρειν·
1010 3897 1068 3958 α’πό
1086 3907 1142 3958 τῶν
1159 3909 1269 3960 πεττῶν
1287 3905 1412 3960 τουτέστι

269 3969 326 4020 τάν
344 3963 447 4037 κύβων.
483 3965 631 4022 πεττεύειν
654 3967 686 4023 δέ
708 3969 757 4022 καλ
781 3989 812 4023 το
835 3973 993 4039 ταβλίζειν·
1018 3973 1128 4040 γίνεται
1148 3971 1180 4027 δέ
1198 3967 1257 4027 α’πὸ
1276 3976 1329 4028 τού
1347 3993 1412 4028 πετ-

270 4033 318 4096 τὸς
336 4031 475 4090 πεττεύω·
500 4039 586 4106 δηλοι·
605 4035 637 4090 δέ
656 4034 686 4090 τὸ
704 4037 893 4106 μετατιθέναι
911 4039 960 4092 καλ
979 4041 1100 4104 παίζειν.
1136 4035 1183 4096 έπλ
1203 4038 1235 4094 δὲ
1253 4043 1309 4096 τάν
1326 4039 1412 4096 πέντε

150 4111 170 4136 “
271 4105 408 4172 γραμμῶν
426 4100 477 4165 τάς
494 4104 614 4174 φήφοος
633 4100 763 4159 ἐτίθουν·
782 4097 823 4160 ὦν
845 4102 863 4176 ή
888 4105 959 4178 μέση
983 4105 1097 4178 γραμμή
1117 4105 1181 4176 ίερά
1201 4105 1338 4164 ἐκαλεῖτο.

358 4255 369 4305 l
387 4237 604 4326 Παλαμήδους]
622 4253 681 4304 435
698 4247 810 4304 Nauck.
826 4241 839 4330 Η
854 4237 1082 4328 ΑΠύφορίωνος]
1096 4251 1219 4308 Μοίιιείι.
1236 4253 1314 4314 anal.
1326 4249 1411 4310 Αίτα.

267 4349 300 4403 p.
320 4325 432 4410 132117
451 4327 585 4411 Φαίδρῳ]
608 4335 690 4390 md
704 4325 717 4412 U
734 4341 767 4394 10
785 4327 816 4388 οἰ
831 4331 884 4390 τοῦ
906 4327 1066 4406 Πλάτωνος
1080 4325 1350 4413 ύπομνηματισταί]
1368 4338 1411 4412 cs.

271 4415 358 4472 ιιεοι.
378 4413 455 4474 νισι.
472 4417 536 4489 τηε.
554 4421 571 4473 1.
591 4435 617 4475 c.
634 4409 648 4497 u
665 4425 697 4478 ιν
714 4407 828 4494 νόμοις]
849 4419 916 4475 κα
929 4423 1017 4477 οοεε
