3064 5064
225 320 310 416 140⁸
597 371 639 413 nr.
663 371 749 414 vnus
775 371 988 415 moveramus

223 521 327 607 ipsius
353 526 469 604 poetae
496 517 584 604 apud
611 537 684 584 eum
709 519 934 584 inuenirentur
960 519 1136 597 adnotans,
1175 541 1261 584 nune
1289 541 1364 606 pro-

223 622 313 708 prias
332 620 435 706 ipsius
457 620 591 705 figuras,
614 621 776 684 interdum
793 643 832 686 ea
851 623 885 685 in
900 618 1189 708 quibusoopiosus
1211 630 1270 704 est,
1294 643 1365 685 rur-

224 744 280 786 sus
302 743 385 807 quae
413 721 513 786 semel
539 721 627 809 apud
656 744 730 786 eum
757 733 966 812 ponerentur.
1008 724 1159 789 similiter
1180 725 1214 788 in
1242 724 1365 789 nostris

224 823 413 888 auctoribus
433 823 572 889 Probus.
1213 863 1220 880 ι

311 933 346 1005 >ζ
363 924 450 1011 diple
462 927 713 1011 periestigmene
722 925 954 1013 apponebatur,
968 947 1051 1012 quae
1063 927 1248 992 Zenodotus
1257 927 1363 1012 Epho-

225 1026 293 1090 sius
310 1035 479 1095 donresto
493 1026 661 1092 adiecerat
676 1036 732 1091 aut
751 1027 938 1092 detraxerat
952 1037 1008 1092 aut
1022 1036 1273 1115 permutauerat.
1291 1028 1312 1104 †
1328 1026 1388 1090 ins

223 1129 275 1193 his
294 1138 326 1194 et
348 1131 451 1194 nostri
475 1149 514 1192 ea
531 1127 583 1192 usi
606 1138 692 1192 sunt.

310 1229 521 1314 2antisigma
542 1229 725 1348 ponebatur
750 1229 793 1294 ad
819 1251 875 1295 eos
897 1251 1013 1295 uersus
1029 1251 1165 1316 quorum
1189 1229 1268 1294 ordo
1290 1250 1366 1315 per-

224 1330 400 1396 mutandus
421 1338 501 1395 erat.
545 1332 593 1394 sio
615 1332 677 1396 et
668 1354 702 1396 m
724 1331 845 1396 nostris
867 1331 1056 1396 auctoribus
1077 1332 1253 1396 inuenitur.

310 1443 329 1517 5
353 1432 528 1517 antisigma
550 1453 623 1496 eum
643 1441 764 1518 puncto
779 1431 970 1519 ponebatur,
993 1453 1066 1496 oum
1084 1431 1230 1497 eiusdem
1248 1449 1402 1496 sensusne

224 1555 339 1600 uersus
356 1532 503 1620 duplices
523 1542 633 1598 essent
653 1541 686 1597 et
700 1534 913 1616 dubitaretur,
936 1535 994 1620 qni
1011 1534 1120 1620 potius
1138 1532 1279 1618 legendi.
1316 1515 1365 1597 sie

225 1642 259 1698 et
280 1633 367 1720 apud
389 1640 529 1698 nostros.

306 1721 481 1800 looronis
502 1742 573 1800 tant
560 1742 628 1800 tum
651 1736 685 1800 in
707 1735 771 1800 fine
793 1734 870 1800 libri
891 1737 998 1824 posita
1020 1734 1196 1800 inuenitur.

321 1835 552 1918 *ceraunium
570 1835 716 1921 ponitur,
734 1838 884 1924 quotiens
899 1835 991 1900 multi
1012 1857 1126 1901 uersus
1139 1836 1364 1970 inprobantur,

225 1959 267 2002 ne
286 1961 346 2025 per
370 1935 516 2020 singulos
538 1936 749 2003 obelantur.
891 1962 895 1972 ’
1375 1949 1402 1990 ¹⁵

315 2049 354 2112 ε
371 2057 488 2102 auersa
517 2037 754 2104 obelismene
745 2063 779 2104 ιιι
807 2061 862 2105 ore
883 2039 1031 2124 ponitur,
1061 2060 1144 2124 quae
1169 2037 1211 2102 ad
1230 2036 1365 2123 aliquid

224 2140 405 2226 respiciunt
427 2146 462 2202 ut
482 2145 597 2203 ‘nosne
614 2139 676 2204 tibi
697 2139 804 2205 fluxas
823 2139 1012 2226 Phrygiae’.

309 2273 344 2298 .·.
364 2238 477 2304 obelus
508 2261 580 2304 cum
609 2251 730 2327 puncto
757 2241 800 2306 ad
825 2263 865 2306 ea
893 2238 934 2304 de
964 2239 1083 2326 quibus
1104 2238 1272 2304 dubitatur
1294 2237 1365 2302 tolli

225 2342 366 2408 debeant
385 2363 511 2406 necnee

313 2457 394 2518 >-
411 2441 501 2528 diple
518 2431 716 2508 obelismene
731 2441 772 2507 ad
792 2441 991 2530 separandas
1008 2445 1044 2508 in
1058 2440 1234 2507 comoediis
1250 2449 1282 2504 et
1299 2448 1364 2504 tra·
1375 2433 1420 2498 ω’

224 2545 350 2630 goediis
372 2542 533 2630 periodos.
1267 2529 1268 2535 ἵ

310 2656 392 2719 -<
418 2665 536 2708 auersa
555 2644 770 2727 obelismene,
794 2647 943 2732 quotiens
966 2643 1097 2730 strophe
1118 2645 1189 2730 (et)
1212 2645 1365 2708 antistro-

227 2747 308 2833 phos
329 2745 480 2810 infertur.

312 2849 353 2927 ”>”
377 2845 464 2932 diple
494 2868 633 2932 superne
664 2845 793 2910 obelata
816 2849 949 2932 ponitur
970 2847 1012 2910 ad
1034 2846 1256 2912 condicionem
1279 2845 1365 2910 loeo-

227 2971 297 3015 rum
317 2946 370 3012 uel
394 2968 605 3032 personarum
626 2946 679 3012 uel
700 2955 879 3033 temporum
898 2957 1065 3012 mutatam.
1375 2962 1403 3003 ιι

315 3057 356 3134 5
373 3051 415 3126 “<“
429 3057 519 3112 reeta
540 3059 572 3113 et
594 3069 711 3113 auersa
731 3069 871 3136 superne
894 3048 1043 3114 obelatae
1063 3057 1229 3136 ponuntur
1247 3050 1268 3126 †
1292 3069 1365 3111 oum

229 3150 343 3216 eadem
365 3147 553 3235 significant
576 3149 779 3236 similemque
802 3163 990 3238 sequentem
1012 3171 1094 3215 esse.

228 3291 381 3355 terponitur
398 3287 434 3338 ad
452 3287 622 3354 separandas
640 3287 669 3336 in
688 3289 838 3340 comoediis
856 3289 902 3340 uel
920 3289 1071 3354 tragoediis
1090 3287 1225 3354 periodos.
1261 3287 1367 3338 Auersa

228 3358 397 3408 obelismene
417 3357 544 3420 quotiens
562 3357 673 3422 strophe
693 3363 720 3406 et
733 3358 920 3423 antistroplrus
934 3358 1059 3408 infertur.
1090 3357 1195 3406 Auerna
1213 3371 1274 3406 oum
1286 3355 1367 3405 obelo
1398 3415 1404 3425 ι

229 3426 264 3476 ad
283 3427 443 3490 seponitur
461 3440 531 3490 quae
551 3423 585 3473 ad
604 3424 709 3489 aliquid
728 3425 880 3490 respiciunt
897 3431 927 3474 ut
946 3425 1046 3474 ‘Nosne
1060 3424 1113 3473 tibi
1131 3425 1216 3474 fluxas
1229 3423 1367 3488 Phrygiae

227 3509 272 3544 res
290 3499 398 3543 uertere
418 3493 502 3541 fundo
515 3493 668 3542 Conamurl
687 3495 753 3542 nou?
772 3509 808 3542 an
820 3494 935 3543 miseros
954 3494 999 3556 qui
1011 3491 1099 3541 Troas
1112 3491 1225 3541 Achiuis
1238 3491 1367 3540 Obiecitl

228 3561 310 3627 Diple
333 3575 449 3626 superne
474 3559 586 3610 obelata
608 3561 720 3625 ponitur
744 3560 778 3610 ad
802 3561 974 3610 conditiones
1002 3560 1123 3611 locorum
1149 3575 1182 3608 ae
1205 3563 1367 3638 temporum.

228 3629 317 3679 Recta
336 3634 364 3678 et
383 3643 481 3678 auersa
499 3643 616 3694 superne
635 3627 747 3678 obelata
765 3629 876 3692 ponitur
894 3628 972 3678 linita
990 3628 1052 3677 loeo
1071 3643 1119 3678 suo
1137 3626 1262 3688 monade,
1282 3626 1367 3689 signi·

229 3696 348 3761 fientque
366 3696 484 3746 similem
503 3702 662 3760 sequentem
680 3711 786 3762 quoquo
810 3713 881 3745 esse.
917 3695 1083 3746 Ceraunium
1098 3695 1228 3773 puonitur
1240 3664 1368 3758 qbotiens

228 3764 307 3813 multi
324 3779 421 3814 uersus
438 3763 621 3828 inprobantur
643 3779 694 3814 nee
718 3779 768 3827 per
786 3763 909 3828 singulos
927 3763 1081 3814 obelantur.
1117 3762 1276 3810 ceraunium
1294 3762 1369 3810 enim

229 3831 333 3882 fulmen
357 3831 467 3880 dieitur.
505 3829 657 3893 (rtietro).
686 3831 855 3880 Clrrosimon.
886 3832 957 3881 haee
981 3830 1041 3880 sola
1065 3847 1097 3880 ax
1120 3829 1263 3881 uoluntate
1287 3829 1368 3876 unius

230 3900 360 3964 cuiusque
380 3899 414 3948 ad
434 3897 545 3962 aliquod
564 3897 713 3947 notandum
732 3899 851 3963 ponitur.
888 3899 939 3948 Phi
954 3903 982 3948 et
994 3915 1023 3948 ro
1036 3899 1063 3947 id
1078 3903 1120 3949 ost
1132 3897 1265 3963 phrontis.
1297 3896 1368 3946 haee

316 4029 470 4084 litantum
483 4021 602 4091 scripsi:
619 4021 755 4077 autemP
767 4013 781 4101 ll
799 4014 948 4097 tenesne]
970 4021 1052 4092 Verq
1067 4023 1134 4077 Aen
1147 4022 1180 4078 X
1191 4023 1230 4076 88
1244 4010 1257 4097 [Ι
1272 4035 1369 4075 nosne

230 4105 283 4166 tibi
297 4107 393 4164 fluxas
406 4104 560 4182 Phrygiae
577 4106 712 4175 scriptio
732 4105 815 4178 Verq.
831 4109 848 4162 l
866 4123 909 4162 c.·
925 4123 992 4162 nos.
1005 4111 1046 4162 te.
1062 4101 1124 4162 tibi.
1136 4103 1233 4162 fluxas
1249 4101 1369 4182 stygiae

230 4193 257 4249 Ρ
269 4186 282 4270 ΙΙ
301 4197 332 4251 19
351 4189 446 4248 strofe
461 4193 487 4248 P
500 4182 514 4268 Η
544 4195 575 4245 et
595 4191 694 4246 addidi
706 4183 719 4270 ll
736 4190 911 4248 antistrofos
926 4191 952 4245 P
965 4181 977 4268 ll
994 4197 1027 4250 25
1043 4207 1109 4246 oum
1129 4185 1236 4246 eadem
1254 4183 1370 4262 signifi-

231 4283 302 4334 cant
318 4273 506 4353 similemque
524 4281 703 4353 sequentem
719 4283 859 4348 corrrepta
875 4281 950 4332 sunt.
967 4274 1007 4347 cf.
1025 4275 1156 4331 Isidorus
1173 4277 1190 4331 1.
1200 4292 1243 4331 e:
1272 4269 1370 4330 ‘finita

228 4360 297 4419 loco
315 4377 369 4418 suo
385 4358 514 4420 monade
530 4359 742 4438 significatque
754 4357 883 4418 srmrlem
892 4363 1071 4438 sequentem
1088 4375 1209 4438 quoque
1224 4356 1314 4416 esse.’
