3162 5058
276 381 339 444 294
786 393 916 434 unsuvsr

362 557 485 606 vsnuu
501 555 760 606 soseousonnu
783 549 814 604 et
836 542 1017 623 uurnnuu]
1041 561 1101 604 uas
1121 539 1214 604 uadis
1236 543 1293 627 qui
1314 543 1421 628 ipsum

280 669 314 710 se
339 655 395 708 aut
424 643 505 706 aliut
532 643 702 730 quodlibet
734 664 792 730 pro
821 641 885 705 alio
919 643 1035 722 tradit,
1071 663 1207 728 sponsor
1235 643 1290 728 qui
1320 643 1420 706 aliurn

279 747 453 832 sponsione
474 767 535 810 sua
554 745 705 830 suscipit,
729 765 823 831 praes
845 741 978 830 praedis
1000 745 1055 830 qui
1072 765 1130 830 pro
1152 766 1187 806 se
1208 743 1308 807 alium
1330 767 1421 832 prse-

278 871 354 914 sens
377 849 540 935 praesenti
564 847 644 912 dieit
665 847 699 910 id
723 855 773 910 est
793 845 858 908 dat.
883 855 888 867 '

362 965 500 1014 vss'ruu
530 961 562 1012 et
587 949 826 1031 vususunu'rn]
857 948 959 1010 uestis
986 949 1115 1034 proprie
1139 947 1333 1012 feminarum
1361 956 1444 1030 est,⁵

278 1055 508 1118 uestimentum
531 1053 685 1114 uirorum.

363 1167 501 1216 vvmvu
522 1169 688 1216 uvurovu
705 1168 805 1214 vnvu
822 1161 854 1214 ot
869 1153 1051 1233 usnmvu]
1071 1151 1206 1214 unidum
1229 1154 1358 1238 penitus
1375 1155 1422 1216 in-

279 1257 402 1320 feotum
424 1264 489 1336 est,
511 1255 678 1318 madidum
701 1275 742 1317 ex
764 1273 831 1316 una
853 1264 960 1339 porte,
984 1252 1151 1316 humidum
1173 1253 1258 1340 quod
1288 1253 1331 1317 ad
1357 1275 1421 1318 me·

280 1358 368 1422 diurn
391 1378 494 1444 usque
516 1358 682 1442 peruenit,
709 1355 810 1419 udum
834 1377 993 1418 summurn
1015 1363 1137 1418 tactum
1163 1366 1289 1418 tontum
1316 1358 1421 1420 ouius·

281 1481 344 1546 que
366 1459 423 1522 rei.
1434 1467 1457 1510 ¹⁰

367 1577 478 1624 vsuvs
500 1567 532 1623 et
553 1560 753 1644 νιιίἰέἰνιι]
777 1568 872 1624 uetus
892 1581 977 1624 nouo
999 1567 1206 1644 eomparatur
1234 1579 1275 1622 ex
1297 1569 1423 1624 contro-

281 1665 329 1728 rio
337 1713 345 1744 ,
365 1671 528 1726 uetustum
552 1661 593 1724 sd
614 1663 841 1747 antiquitatem
865 1661 1013 1724 refertur.

367 1781 429 1826 vru
452 1779 553 1826 vruns
573 1773 606 1826 et
628 1765 821 1848 vrursruu]
843 1765 894 1826 uis
915 1763 1053 1826 iniuriae
1069 1769 1136 1844 est,
1159 1763 1247 1825 uires
1270 1765 1424 1848 eorporis,

282 1867 387 1929 uirtus
410 1865 521 1928 enimi.
1400 1879 1403 1886 ’

367 1983 535 2030 vurosnu
563 1975 595 2030 ot
617 1969 804 2050 vrunrcuu]
833 1966 1020 2030 ulciscimur
1042 1987 1101 2030 nos
1129 1974 1265 2052 eccepto
1293 1967 1424 2049 iniuria,
1435 1986 1457 2026 ιι

282 2069 487 2134 uindiesmus
510 2091 551 2130 ne
574 2070 782 2155 accipiemus.

367 2187 506 2234 vurrsou
529 2179 560 2235 et
582 2173 781 2254 uuvnuuou]
802 2190 918 2234 uereor
938 2171 979 2234 od
1002 2180 1124 2235 metum
1145 2170 1303 2252 refertur,
1334 2193 1425 2236 reue·

283 2293 356 2337 reor
378 2273 419 2336 ad
440 2273 602 2338 effectum.

366 2463 477 2514 Vestem
496 2469 525 2512 ot
541 2459 721 2528 uestimento]
737 2462 804 2526 Gp.
823 2461 857 2509 us
875 2477 900 2509 n.
915 2459 960 2512 34:
981 2461 1088 2510 ‘Vestes
1108 2462 1270 2511 feminarum
1289 2463 1426 2524 dicuntur,

282 2532 449 2582 uestimento
467 2530 605 2581 uirorum!
640 2528 667 2580 Η
686 2547 711 2596 p.
734 2529 774 2578 ll:
801 2529 908 2578 ‘Vestes
932 2529 1092 2578 seminarum
1112 2529 1253 2592 dicuntur,
1277 2531 1426 2581 uestimen-

282 2605 338 2648 tum
356 2598 494 2648 uirorum.'
1131 2611 1134 2618 ·

368 2667 485 2716 Vuidum
508 2667 646 2715 humidum
669 2666 750 2715 udum
775 2671 804 2714 et
826 2661 977 2729 madidum]
998 2664 1022 2714 G
1046 2681 1071 2729 p.
1090 2662 1123 2714 92
1149 2681 1174 2714 ιι.
1193 2665 1239 2715 35ι
1266 2665 1428 2716 ‘Ilumidnrn

283 2735 393 2784 omniuo
412 2735 575 2798 permaduit,
596 2735 706 2784 rrrridnm
725 2733 796 2798 quod
815 2733 849 2781 ad
868 2733 985 2782 merlinus
1003 2747 1089 2796 usque
1108 2733 1254 2798 peruenit)
1290 2733 1316 2782 H
1336 2751 1362 2799 p.
1385 2735 1427 2784 lt:

283 2802 393 2850 nuidum
413 2803 523 2866 penitus
545 2801 714 2865 permaduit,
738 2801 876 2850 humidum
895 2800 966 2864 quod
984 2815 1070 2864 usque
1090 2801 1124 2850 sd
1142 2801 1259 2850 medium
1278 2801 1428 2866 peruenit)

369 2870 453 2918 Vetus
473 2875 500 2918 et
518 2866 705 2933 uetustum]G
723 2885 749 2934 p.
768 2867 801 2916 92
819 2884 845 2917 n.
864 2867 910 2918 36:
932 2869 1026 2916 ‘Vetus
1044 2883 1114 2918 nouo
1134 2873 1308 2932 eomparatur
1328 2885 1343 2920 e
1363 2887 1427 2920 con·

283 2937 370 2988 trario
389 2935 428 2995 (id
447 2942 489 2985 est
513 2937 651 2986 contrario
676 2935 820 2999 (iniisse),
849 2941 985 2986 uetustum
1011 2936 1045 2986 sd
1069 2937 1264 3001 antiquitatem
1288 2937 1428 2987 retertur!

284 3003 310 3052 H
324 3019 350 3068 p.
372 3003 414 3052 1⁶2:
436 3004 531 3052 ‘Vetus
549 3019 620 3052 nouo
639 3009 814 3068 eomparatur
831 3005 859 3054 iu
873 3010 915 3054 est
934 3005 1087 3066 contrario,
1106 3008 1243 3054 uetustum
1257 3005 1292 3054 nd
1306 3007 1423 3072 antiqui·

284 3076 371 3120 tutem
390 3071 528 3120 refertur)

370 3138 440 3198 Vim,
459 3139 533 3188 uires
552 3143 580 3188 et
598 3135 741 3203 uirtutem]
756 3139 780 3189 G
798 3156 824 3204 p.
846 3137 892 3188 101
907 3156 932 3188 n.
955 3138 1124 3196 176:‚·vrres
1138 3141 1260 3204 corporis
1279 3147 1351 3202 sunt,
1372 3143 1429 3192 uir-

285 3211 358 3256 tutes
378 3205 481 3255 unimi.'
502 3207 525 3254 G
544 3223 569 3271 p.
592 3205 640 3255 102
657 3223 683 3256 n.
705 3205 766 3256 luo:
793 3207 850 3256 ‘Vis
869 3209 972 3272 impetu
993 3213 1020 3256 et
1038 3208 1140 3257 iniuria
1159 3215 1278 3268 constat,
1298 3209 1374 3259 uires
1395 3211 1430 3259 sd

284 3275 384 3324 bonum
403 3279 432 3365 et
449 3275 637 3324 fortitudinem
649 3276 771 3339 eorporis
783 3277 951 3336 referuntur;
971 3277 1011 3324 its
1024 3277 1066 3324 uis
1079 3277 1149 3326 inoit
1162 3277 1333 3336 uiolentiam,
1353 3279 1433 3328 uires

283 3343 422 3392 uitiosum.

368 3409 491 3460 Vitorem
515 3416 543 3460 et
566 3405 717 3476 uindicem]
738 3409 761 3460 G
785 3429 810 3476 p.
832 3410 877 3460 101
903 3427 928 3460 u.
956 3411 1017 3460 ltu:
1045 3411 1225 3462 ‘Vicissimnr
1242 3429 1291 3462 nos
1310 3423 1434 3480 sooepto

285 3479 401 3539 iniuriis,
425 3479 597 3528 nindionmus
616 3495 650 3528 no
670 3478 859 3543 accipiamus)
896 3479 961 3543 Hp.
981 3477 1027 3528 21:
1048 3479 1222 3530 ‘Vloisoinmr
1240 3496 1289 3530 nos
1309 3489 1435 3546 accepts

284 3547 400 3606 iniuria,
420 3546 593 3596 uindicemus
611 3562 661 3596 neo
682 3546 870 3611 scoipiemns)
907 3545 1000 3596 1580:
1028 3546 1201 3596 ‘Viciseirnur
1218 3548 1350 3598 iniuriam
1369 3550 1433 3600 t'sc·

284 3620 351 3674 tam,
370 3613 541 3664 uindiournus
559 3630 594 3662 ue
613 3612 682 3664 fist’
718 3615 740 3664 1³
760 3631 785 3680 p.
805 3613 866 3664 ssi:
888 3615 970 3664 ‘Vltio
989 3615 1115 3664 uindicet
1134 3615 1252 3666 fautum:
1272 3616 1434 3668 uindicatio

284 3683 375 3730 futuru
394 3681 534 3746 prohibet,
561 3682 623 3732 ideo
642 3683 716 3732 Mors
734 3683 807 3732 ultor
825 3699 878 3732 non
897 3684 998 3732 uindex
1017 3681 1137 3733 dieitur.’

367 3749 471 3798 Vereor
489 3755 517 3798 et
534 3745 674 3816 rouoroor]
695 3749 719 3799 G
737 3767 762 3816 p.
786 3749 830 3798 101
850 3767 876 3800 n.
898 3749 958 3800 187:
984 3751 1097 3800 ‘Vereor
1120 3751 1154 3800 sd
1180 3757 1279 3800 motum
1299 3751 1432 3816 refertur,

283 3831 413 3868 reuereor
431 3819 465 3867 ud
484 3816 632 3868 effectum)

373 3987 477 4048 luade
490 3989 523 4045 M
542 3981 556 4068 ΙΙ
576 4007 722 4066 sponsore
738 3989 771 4046 M
790 3983 803 4069 Η
823 4007 879 4046 uss
897 3986 984 4046 undis
1000 3989 1051 4068 qui
1066 3990 1163 4068 ipsum
1182 3995 1302 4063 scripsi:
1332 3989 1434 4050 nudes

286 4072 337 4150 qui
351 4091 406 4129 uus
418 4072 517 4150 ipsum
530 4075 563 4129 M
576 4092 630 4130 uas
646 4072 698 4153 qui
715 4073 813 4151 ipsum
830 4073 951 4130 Rothius
966 4069 979 4154 i}
994 4083 1011 4134 ‘z
1027 4074 1118 4132 tardit
1136 4077 1169 4132 M
1182 4069 1195 4154 ΙΙ
1211 4085 1328 4152 (tprses
1342 4095 1433 4152 prse-

258 4169 265 4188 ’
286 4155 335 4218 dis,
347 4161 467 4230 scripsi:
487 4155 618 4234 praedes
630 4159 662 4214 M
676 4177 764 4236 prees
783 4160 903 4216 Rothius
919 4152 932 4239 Η
951 4171 967 4218 4
982 4157 1056 4216 dicit
1073 4159 1102 4216 id
1119 4167 1165 4218 ost
1180 4163 1317 4217 Boetius:
1335 4157 1434 4218 dunt

285 4240 364 4299 idem
382 4243 415 4298 M
427 4235 469 4323 ΙΙΊ
489 4242 614 4301 uoidum
628 4246 749 4322 penitus
766 4245 913 4302 infestum
932 4252 977 4300 est
995 4246 1132 4302 Boetius:
1159 4243 1293 4303 umidum
1307 4245 1433 4322 ponitur

285 4327 431 4384 infestum
450 4335 481 4383 et
500 4329 532 4384 M
546 4322 591 4407 {is
611 4327 843 4408 quodemedium
860 4329 893 4384 M
913 4329 925 4397 ii
949 4338 982 4390 13
996 4331 1056 4388 uim
1074 4331 1210 4388 Boetius:
1243 4331 1291 4388 uis
1308 4331 1342 4388 M
1360 4323 1375 4412 ΙΙ
1401 4335 1431 4392 17

285 4429 412 4468 uoreoor
434 4411 468 4468 M
479 4406 492 4494 {i
509 4430 669 4472 reuereoor
690 4415 724 4471 M
736 4408 749 4495 ΙΙ
765 4431 891 4472 uorecor
908 4414 941 4469 M
953 4408 966 4494 ll
982 4433 1143 4475 reuereoor
1158 4415 1193 4472 M
