3162 5058
215 403 276 468 354
493 417 687 460 cursucnvu
711 381 876 458 uisaoavu
899 414 1073 464 nsnrevras

215 567 293 655 quia
321 567 364 630 sit
391 565 603 650 compositum
632 585 652 626 a
678 563 758 627 chao
786 563 880 626 initio
903 585 1022 626 rerum.
1071 559 1129 624 sed
1157 559 1293 624 Verrius
1322 569 1354 622 et

215 667 355 732 Flaccus
384 669 417 730 in
440 675 605 752 postrema
632 663 760 750 syllaba
787 663 999 752 aspirandum
1021 661 1257 750 probauerunt:
1302 681 1353 725 cc·
1390 719 1396 732 ,

214 769 292 834 hum
320 769 405 833 enim
436 767 523 854 apud
550 776 678 831 ueteres
705 765 862 830 mundum
892 763 1072 850 significan
1109 762 1185 826 inde
1213 770 1354 824 tractum

215 867 378 934 incohare.
427 867 639 956 Tranquillus
673 889 800 955 quoque
829 866 879 931 his
913 865 1100 929 adsentiens
1124 864 1145 942 †
1173 865 1238 926 iam
1266 860 1353 926 belle

170 1031 172 1036 .
215 993 274 1036 suo
296 968 484 1058 plenissime
507 970 603 1035 edere
620 968 776 1035 incohata
796 969 961 1034 disseruit.
1363 983 1375 1022 s

216 1227 498 1305 ursroams
529 1173 682 1342 culus
714 1225 940 1302 rrrvsvs
965 1222 1226 1301 suasurus
1255 1221 1354 1296 ssu

639 1362 924 1456 ssurovms

107 1521 211 1594 208*
240 1585 241 1590 ,
306 1532 365 1597 Gn.
388 1531 563 1616 Pompeius
584 1531 724 1617 llaguus
747 1531 849 1595 oritur
868 1536 907 1607 (a.
931 1537 1012 1608 648).

216 1721 318 1771 Paulus
336 1719 414 1768 Festi
432 1735 457 1784 p.
476 1717 521 1768 39:
542 1717 656 1768 ‘Cabum
675 1725 774 1784 poetas
794 1717 898 1768 coelum
912 1717 1038 1766 dixerrmt
1056 1731 1072 1764 a
1092 1715 1170 1777 chao,
1190 1731 1223 1764 cx
1242 1729 1294 1779 quo
1306 1731 1354 1780 pu·

216 1793 277 1837 tant
295 1787 400 1836 coelum
420 1784 542 1836 factum!
579 1787 626 1834 nbi
644 1785 674 1834 C.
695 1785 727 1835 0.
746 1784 879 1836 Miillerus
896 1783 967 1834 haec
986 1783 1115 1834 adnotat:
1136 1781 1288 1831 ‘Turnebus
1307 1782 1355 1830 ad-

215 1871 287 1906 vers.
305 1855 355 1902 XX
374 1853 419 1916 29,
438 1854 486 1902 ubi
503 1853 636 1903 Varronis
654 1854 688 1903 de
707 1853 782 1904 Chao
801 1858 830 1902 ct
847 1852 926 1903 eaelo
944 1853 1034 1902 locum
1054 1851 1193 1910 emendat,
1212 1855 1354 1914 postquam

217 1923 250 1972 de
273 1921 377 1972 verbis:
418 1923 478 1986 Ego
502 1922 592 1986 magis
616 1937 639 1972 a.
665 1937 690 1986 q.
709 1936 730 1970 s.
760 1921 849 1981 dixit,
881 1921 984 1984 pergit:
1021 1921 1049 1968 in
1073 1918 1262 1983 antiquissimo
1284 1916 1354 1966 libro

217 1990 364 2040 clarissimi
388 1989 439 2039 viri
462 1990 578 2038 Henrici
596 1989 716 2038 Memmii
735 1988 775 2038 ita
793 1988 924 2053 scriptum
948 1987 1050 2052 reperi:
1075 2002 1140 2036 cous
1163 1991 1205 2034 cst
1222 1999 1275 2048 quo
1292 1999 1354 2032 eae·

217 2059 271 2108 lum
295 2059 464 2120 continetur,
494 2057 565 2106 uude
588 2057 705 2112 Ennius·
747 2056 800 2104 Vix
821 2055 908 2106 solum
932 2053 1068 2120 complere
1093 2053 1188 2104 cobum
1206 2051 1356 2101 terroribus

218 2123 310 2176 caeli.’
333 2121 441 2190 ‘glossa
464 2129 579 2190 recepta
602 2129 645 2174 est
668 2139 701 2174 ex
724 2123 823 2173 Isidori
845 2122 892 2172 lib.
917 2122 950 2172 de
974 2126 1074 2171 natura
1096 2137 1185 2170 rerum
1207 2119 1250 2180 12,
1279 2117 1303 2169 3.
1323 2119 1356 2180 Q.

217 2192 365 2243 Terentius
384 2193 501 2243 Scaurus
520 2191 554 2242 de
573 2190 770 2256 orthographia
788 2208 814 2258 p.
833 2189 898 2240 2251
912 2191 947 2240 P:
979 2189 1183 2254 ‘Recorrigitur
1201 2203 1264 2237 uero
1283 2185 1358 2250 (scri-

218 2262 295 2312 bendi
316 2261 396 2324 ratio)
419 2261 522 2326 regulis
546 2259 647 2309 tribus:
672 2259 789 2308 historia
811 2258 1010 2330 originatione,
1035 2272 1115 2320 quam
1134 2255 1236 2305 Graeci
1260 2245 1356 2319 ἔτυμο-

218 2327 319 2394 λογίαν
338 2328 490 2394 appellant,
508 2329 693 2394 proportione,
713 2343 783 2392 quac
803 2326 909 2376 Graece
928 2325 1069 2388 αναλογία
1087 2324 1196 2373 dicitur.
1228 2329 1255 2372 st
1273 2323 1357 2372 bisto-

219 2399 262 2446 ria
281 2397 397 2461 quidem,
417 2401 448 2446 ut
465 2412 526 2446 cum
545 2396 591 2446 sed
611 2411 660 2460 per
678 2395 855 2445 nouissimam
872 2395 993 2443 litteram
1012 2393 1028 2442 d
1047 2391 1205 2452 scribimus,
1230 2391 1357 2455 qnoniam

220 2465 327 2528 antiqui
350 2463 444 2514 sedum
462 2464 589 2513 ‹lixerunt
613 2469 641 2512 et
665 2479 713 2528 por
732 2463 914 2512 abscisionem
933 2477 997 2526 pars
1020 2461 1190 2509 remanserit.
1228 2463 1257 2508 at
1274 2457 1356 2522 origi·

219 2534 346 2592 natione,
371 2537 402 2580 ut
425 2545 484 2580 cum
509 2533 624 2582 dicimus
643 2531 774 2580 inchoare
799 2544 860 2579 eum
879 2529 1067 2593 adspiratione
1085 2525 1272 2588 scribendum,
1293 2541 1357 2590 q¹¹⁰7

219 2601 293 2648 niam
307 2613 323 2647 a
336 2598 406 2646 chao
420 2599 530 2658 dietum,
552 2597 622 2662 quod
642 2598 725 2646 luserit
738 2598 844 2646 initium
858 2598 976 2646 omnium
990 2592 1097 2644 rerum!
1127 2594 1231 2644 Probus
1244 2608 1356 2657 gramm.

220 2669 284 2716 inst.
298 2665 325 2714 Il
339 2681 364 2729 p.
381 2663 446 2713 lusu
457 2665 492 2713 P:
514 2665 565 2714 ‘Hc
579 2665 683 2730 primae
697 2670 749 2726 est,
762 2663 827 2713 bani
841 2664 919 2725 lucit,
938 2670 968 2711 ut
982 2663 1079 2712 iucoho
1092 2661 1206 2712 incohas
1218 2660 1357 2710 incohaui.

220 2733 330 2797 quidam
346 2736 447 2796 putant
464 2732 595 2781 inchoare
614 2732 670 2780 dici
688 2731 901 2794 imperitissima.
937 2745 1106 2794 namueqne
1124 2733 1186 2794 post
1205 2745 1218 2777 e
1236 2728 1357 2777 litteram

219 2799 237 2848 h
255 2799 343 2848 latina
361 2797 447 2846 uerba
465 2803 564 2863 regunt
582 2799 705 2862 exceptis
723 2797 877 2846 nominibus
895 2797 990 2856 tribus,
1010 2812 1081 2861 quae
1099 2797 1281 2862 supraposui,
1299 2795 1358 2860 pul·

221 2866 287 2914 cher
305 2863 402 2913 orchus
421 2865 524 2927 lurcho,
544 2880 632 2928 neque
652 2881 667 2912 o
685 2863 780 2912 littera
799 2870 863 2913 aute
882 2881 897 2914 o
916 2864 1031 2914 alterum
1049 2865 1196 2914 latinorum
1215 2865 1357 2914 uerborum

221 2932 309 2996 prima
326 2946 446 2994 persona
463 2933 607 2996 reperitur,
627 2931 674 2980 sed
694 2931 760 2980 illae
780 2936 835 2980 tres
853 2931 975 2994 uocales,
995 2947 1062 2996 quas
1082 2937 1146 2981 unte
1164 2931 1245 2981 docui
1265 2948 1280 2981 e
1298 2931 1307 2980 i
1326 2947 1356 2990 n3

220 3013 284 3047 nam
307 3011 359 3046 nec
383 3013 400 3046 a
424 3013 475 3047 nec
500 3014 523 3047 o.
564 2999 650 3074 igitur
673 2998 743 3062 quod
767 2999 880 3048 Plautus
903 3000 994 3064 posuit
1016 3000 1100 3050 reboo
1122 3015 1176 3048 nou
1199 2999 1285 3048 latine
1310 2999 1357 3047 sed

222 3079 321 3130 graece
340 3066 444 3128 posuit:
463 3063 521 3129 βοῶ
538 3063 607 3131 βοᾳς
624 3065 695 3114 unde
715 3066 898 3115 deriuatiuum
916 3067 999 3116 reboo
1018 3068 1125 3118 roboas.
1163 3083 1223 3116 uam
1242 3067 1357 3115 latinum

220 3133 332 3181 uerbum
352 3146 367 3179 ο
387 3137 451 3180 astte
470 3149 485 3182 o
503 3132 608 3182 habens
627 3148 771 3197 numquam
784 3135 927 3198 reperitur.
964 3135 1064 3184 tertiae
1078 3151 1142 3184 uero
1155 3135 1358 3198 coniugationis

222 3203 364 3262 correptae
388 3199 474 3248 uerba
496 3199 532 3249 lro
555 3202 702 3250 terminata
720 3202 748 3250 xi
766 3201 874 3251 faciunt
896 3204 989 3268 speeie
1007 3203 1147 3267 perfecta:
1175 3202 1253 3252 tralrc
1272 3201 1359 3251 trahis

221 3267 303 3328 traxi,
323 3266 393 3316 ucho
411 3266 489 3316 uehis
508 3267 589 3317 uexi’

306 3329 378 3387 208·
396 3333 580 3398 Hieronymus
598 3336 642 3384 Ol.
664 3335 719 3398 168,
740 3335 764 3387 3.
800 3337 906 3388 Plinius
923 3339 955 3388 N.
975 3339 1010 3388 Η.
1029 3337 1166 3400 XXXVII,
1189 3335 1227 3386 ll.

310 3499 319 3550 1
341 3508 359 3546 a
379 3489 455 3548 chao
474 3509 505 3558 ς.·
535 3490 611 3550 acho
627 3511 701 3549 accc
724 3493 785 3548 ΒΜ
805 3485 819 3573 ΙΙ
840 3493 941 3552 verius
958 3501 988 3550 et
1005 3491 1117 3550 flaccus
1134 3493 1221 3550 ΑΒΜ
1234 3491 1358 3552 Verrius

221 3573 351 3632 Flaccus
367 3573 481 3654 aliique
494 3578 538 3633 ort
552 3575 676 3634 Verrius
695 3576 1145 3654 l'laccus—probauit-huic
1159 3581 1232 3636 coni.
1251 3581 1359 3638 Casuu-

221 3661 311 3715 bonus
328 3662 356 3716 in
378 3661 455 3716 Suet.
482 3661 561 3716 Caes.
584 3667 633 3721 46.
671 3664 809 3735 ‘pirorum
832 3667 977 3735 posterius
996 3665 1177 3734 probandum
1197 3662 1272 3735 suit,
1305 3666 1361 3719 nisi

219 3747 402 3816 yrommatiei
423 3761 551 3801 errorem
574 3749 737 3819 relinquere
755 3747 935 3804 moluissem'
958 3750 1069 3805 Iscilius
1088 3741 1101 3828 ΙΙ
1122 3745 1359 3825 ‘iprobuuerunt

222 3829 282 3884 ΑΜ
293 3835 477 3904 putauerunt
495 3830 520 3885 B
535 3823 548 3909 {l
563 3839 580 3890 3
595 3830 700 3888 celsum
720 3833 874 3889 Putsclu'us
884 3833 1220 3904 praeeunrccasuuooro
1234 3833 1273 3906 cs.
1289 3835 1357 3890 Fes-

221 3923 267 3970 tus
278 3931 309 3984 p.
328 3917 377 3968 39:
398 3913 507 3971 choum
518 3915 607 3972 ABM
618 3915 746 3974 cohaum
762 3937 779 3984 ς
793 3913 805 3996 ll
821 3917 899 3974 enim
919 3917 970 3974 ΑΒ
985 3927 1085 3974 autem
1100 3919 1134 3974 M
1150 3911 1164 3997 ll
1186 3916 1359 3977 sincolrare

220 3999 375 4054 Putsctr'us
389 4008 416 4055 et
429 3999 629 4056 casaubonus:
641 3999 785 4059 inchoare
796 4002 882 4058 ΑΒΜ
894 3997 907 4081 Η
923 3999 1075 4060 adsentiat
1089 4021 1165 4059 corr.
1183 3999 1359 4059 adsentiens

222 4085 245 4138 Α
261 4073 274 4161 Η
289 4079 347 4137 iam
365 4079 447 4140 bello
463 4101 516 4140 suo
531 4082 705 4161 plenissime
724 4085 815 4144 edere
835 4084 976 4144 inchoata
997 4085 1140 4144 disseruit
1162 4087 1248 4142 ΑΒΜ
1267 4095 1295 4142 et
1312 4095 1369 4142 co·¹

222 4169 280 4221 dea
303 4166 429 4240 Scioppii
450 4185 529 4240 sraesp.
561 4173 624 4227 leel.
652 4171 689 4226 ΙΙ
714 4177 731 4227 2
754 4168 860 4228 libello
889 4191 943 4228 suo
965 4170 1140 4249 plenissime
1169 4168 1358 4247 (plenissimo

222 4249 388 4326 baructius)
406 4251 513 4310 aedem
531 4253 703 4310 inchoatam
719 4255 767 4334 'ita
784 4253 927 4312 disseruit
947 4257 1016 4328 ges.
1036 4257 1113 4312 Suet.
1131 4262 1199 4327 stup.
1225 4262 1264 4310 60
1278 4253 1358 4327 ‘sor-

222 4343 297 4490 tpare
313 4333 461 4476 ip²lilp¹allo
478 4355 532 4393 suo
548 4337 722 4415 plenissime
741 4359 777 4396 ea
795 4337 833 4397 dc
848 4359 880 4398 re
894 4339 1057 4397 disseruit’
1072 4342 1182 4398 ls'eitius
1197 4333 1211 4418 ΙΙ
1224 4347 1247 4399 6Ι
1259 4337 1319 4395 Gn.
1335 4341 1360 4394 B

219 4433 235 4472 c
254 4460 261 4473 .
269 4437 302 4489 p.
370 4439 387 4475 u
409 4431 464 4478 not
