3078 5072
622 411 779 454 ADDENDA
1239 411 1273 454 xi

132 569 240 629 Iaer'ler
250 569 324 617 aab
339 561 427 628 VIII]
440 579 536 616 norem
550 579 681 614 annorum
694 561 813 612 circulus
826 577 906 628 quem
921 561 1028 614 librarii
1044 561 1181 614 linxerunt
1192 560 1275 612 nihili

132 658 189 712 eat;
220 657 318 702 conus
339 648 459 700 circulus
482 653 544 700 acto
569 661 699 698 annorum
718 661 800 712 prope
817 659 842 698 ’a
859 648 978 698 veritate
1001 647 1082 698 abest
1103 645 1273 711 (coniunctio

132 737 156 788 b.
176 742 241 802 post
257 735 275 786 8
293 735 400 798 annas).
430 738 470 785 aot
486 735 558 784 mais
572 727 707 798 XVIIII]
728 731 822 795 cyclus
834 732 999 784 notissimus.
1031 731 1107 782 Mors
1121 733 1195 782 onom
1208 729 1273 796 xV]

132 837 231 886 nempe
250 819 390 886 oppositio
406 819 524 884 septima
546 823 608 883 post
625 815 781 881 quindecim
799 831 887 894 annos
906 815 1008 866 existit.
1051 817 1182 868 Phaethon
1200 818 1274 868 oanis

133 906 193 956 xlr
217 903 343 956 Munna
365 905 439 954 coma
463 899 552 967 XXX]
577 901 704 952 afliciunt
727 900 834 966 quidem
852 899 988 952 siderales
1006 900 1102 952 borum
1121 901 1218 952 circuli
1236 902 1274 950 si-

133 990 243 1056 quidem
266 988 395 1040 rotundos
418 1003 544 1037 numeros
567 987 704 1051 sequeris,
728 1001 822 1052 parem
845 999 977 1036 annorum
995 999 1150 1038 nrrmsrurn:
1179 991 1273 1036 tamen

133 1091 188 1126 non
206 1077 301 1141 inepte
319 1073 409 1132 dicas,
430 1071 577 1136 synodicos
596 1083 687 1121 eorum
705 1070 797 1134 cyclos
816 1070 929 1120 eundem
954 1068 1098 1134 conplere,
1118 1085 1179 1120 oum
1196 1069 1271 1120 Iovia

132 1160 280 1211 undecima
303 1157 439 1225 oppositio
462 1159 524 1222 post
547 1171 632 1208 anum
655 1155 813 1216 duodecim,
840 1153 951 1204 Saturni
973 1154 1189 1204 undetricesima
1211 1159 1275 1219 post

132 1245 253 1310 triginta
269 1257 356 1294 annos
374 1241 490 1292 eundem
508 1241 568 1292 lere
586 1239 659 1291 caeli
676 1239 765 1290 locum
777 1243 881 1290 tenent.
906 1239 1035 1291 sideralis
1049 1243 1140 1290 autem
1155 1239 1274 1290 circulus

133 1329 267 1394 temporis
284 1328 403 1394 spatium
421 1329 549 1388 vocatur,
573 1325 647 1380 iutra
670 1323 740 1388 quod
760 1324 873 1388 planeta
893 1323 926 1374 ad
950 1323 1066 1374 eundem
1085 1323 1165 1374 fixum
1183 1323 1274 1374 locum

133 1429 232 1466 eunus
250 1413 293 1462 sni
311 1412 472 1473 revertitur,
496 1409 644 1474 synodicus
661 1424 726 1459 raro
744 1409 826 1472 illud,
845 1423 897 1474 quo
915 1409 1043 1460 confecto
1062 1425 1092 1458 se
1110 1409 1139 1458 in
1158 1408 1273 1459 eandem

134 1497 281 1548 relativam
305 1511 374 1562 quaa
398 1499 513 1547 vocatur
534 1495 699 1560 positionem
717 1493 745 1542 id
763 1498 805 1544 est
823 1493 1041 1546 coniunctionem
1061 1498 1109 1544 eut
1127 1493 1274 1558 oppositio·

133 1599 197 1634 nem
216 1581 252 1632 ad
270 1580 356 1632 solem
375 1581 421 1645 qui
438 1585 467 1630 et
485 1582 543 1646 ipse
561 1584 686 1630 movetur
703 1578 810 1642 recipit.

203 1663 268 1726 216,
287 1665 388 1730 l2sqq.
408 1665 470 1716 adn.
494 1680 552 1731 sup.
573 1664 671 1714 Cicero
694 1662 728 1712 dc
751 1667 808 1712 nat.
831 1661 905 1713 deor.
923 1663 954 1724 2,
978 1661 1022 1712 ul:
1061 1663 1190 1714 ‘maxime
1208 1677 1273 1714 uero

134 1757 199 1802 eunt
212 1749 391 1800 admirabiles
404 1755 492 1800 motus
505 1765 597 1799 esrum
611 1748 729 1813 quinque
742 1745 896 1809 stellomm,
916 1761 987 1812 quae
1000 1747 1070 1798 lalso
1084 1751 1218 1798 uocantur
1233 1763 1273 1796 er·

135 1843 239 1886 rantes.
264 1834 332 1884 nibil
346 1835 417 1884 enim
431 1838 519 1896 errat,
533 1833 645 1900 quadiu
658 1832 731 1884 omni
744 1833 910 1886 aeternitate
924 1837 1068 1884 conseruat
1076 1847 1236 1899 progressus
1247 1837 1275 1882 et

134 1935 279 1986 agressus
290 1919 464 1984 reliquosque
477 1924 564 1970 motus
577 1921 737 1970 constantes
750 1920 778 1966 et
790 1922 872 1968 ratos.
903 1917 973 1981 quod
987 1932 1019 1966 eo
1032 1921 1073 1966 est
1085 1916 1275 1968 admirabilius

136 2006 164 2054 in
176 2005 221 2054 bis
234 2003 338 2064 stellis,
351 2017 419 2068 quae
433 2003 563 2066 dicimus,
578 2003 643 2068 quia
656 2007 713 2052 tum
726 1999 913 2064 occultantur,
932 2007 988 2052 tum
1001 2015 1091 2052 rursus
1105 2002 1273 2067 aperiuntur,

135 2095 192 2140 tum
211 2089 327 2150 adeunt,
346 2091 402 2138 tum
415 2087 561 2151 recedunt,
581 2093 637 2138 tum
656 2086 838 2148 antecedunt,
856 2092 913 2137 tum
924 2087 1140 2151 subsequuntur,
1159 2091 1216 2138 tum
1230 2102 1273 2137 ce·

135 2173 221 2224 larius
239 2177 396 2231 mouentur,
414 2177 470 2224 tum
489 2172 608 2236 tardius,
630 2179 687 2222 tum
705 2172 815 2222 omnino
834 2185 866 2222 ne
884 2177 1028 2222 mouentur
1045 2171 1154 2237 quidem
1172 2171 1221 2224 sed
1239 2171 1275 2221 ad

135 2258 273 2324 quoddam
289 2263 397 2324 tempus
414 2258 575 2319 insistunt„
597 2272 710 2323 quarum
734 2273 768 2306 ex
785 2256 940 2322 disparibus
963 2256 1129 2306 motionibus
1146 2271 1275 2322 magnum

137 2358 239 2394 mnam
257 2341 446 2394 mathematici
464 2333 686 2393 uominauerunt’
707 2358 730 2392 e.
751 2358 775 2406 q.
796 2357 817 2392 s.
837 2342 871 2392 cl.
891 2359 916 2406 p.
935 2340 999 2402 214,
1020 2341 1115 2406 lisqq.

130 2447 142 2472 ο
203 2427 268 2490 211,
286 2427 303 2476 5
322 2426 387 2478 tolle
407 2427 564 2478 asteriscos.
585 2427 620 2478 of.
642 2427 768 2478 addenda
785 2426 821 2477 nd
838 2425 886 2475 215
905 2441 928 2478 e.
947 2441 972 2490 q.
992 2440 1013 2475 s.

203 2510 268 2574 219,
288 2511 560 2577 transmearem
583 2511 704 2562 Isidorus
728 2527 789 2561 cum
814 2521 887 2560 arcto
913 2511 1015 2560 maiore
1039 2509 1079 2560 ita
1101 2509 1207 2559 Booten
1229 2509 1274 2561 rel

136 2595 341 2662 Arctophylaca
360 2611 421 2646 cum
439 2597 545 2648 minore
564 2601 640 2647 arcto
659 2597 792 2647 contudit.
822 2611 890 2661 pone
910 2597 993 2660 igitur
1012 2609 1107 2646 cnrcss
1127 2598 1190 2644 aute
1205 2594 1273 2646 Bon·

135 2689 176 2732 tas
200 2689 228 2732 et
250 2683 441 2747 Arctophylax.
484 2682 562 2732 cuius
585 2681 782 2747 neglegentiae
811 2679 942 2730 beneficio
972 2667 1145 2745 iritollegitur
1169 2679 1275 2730 Booten

137 2782 258 2832 quoque,
279 2767 355 2819 cruos
373 2768 447 2832 signi
464 2781 520 2818 una
538 2765 620 2816 stella
638 2766 768 2816 Arcturus
786 2765 925 2814 nominata
944 2770 999 2828 est,
1021 2764 1221 2830 potentissimis
1239 2764 1275 2815 si-

137 2851 249 2902 deribus
268 2851 475 2902 adnumeratum
494 2867 554 2902 esse
574 2867 591 2902 a
610 2841 748 2901 Suetonio.
785 2849 821 2900 ci.
839 2849 979 2914 Ampelius
996 2849 1021 2902 3.

206 2936 257 2986 211
276 2935 368 2988 adnot.
383 2936 419 2986 ad
433 2935 531 3000 fragm.
553 2933 598 2986 161
619 2933 795 3000 neglegenda
812 2949 868 2984 non
880 2941 957 2984 erant
967 2935 1074 2999 Papiae
1087 2950 1109 2984 s.
1121 2949 1148 2985 v.
1166 2949 1217 2986 oon
1230 2949 1274 2984 ex-

136 3027 235 3087 cerpta
244 3021 391 3086 Vgutianis
404 3019 520 3070 similia:
534 3020 629 3070 ‘uoces
639 3023 772 3070 mutorum
784 3017 943 3070 animalium
952 3020 991 3070 sic
1000 3018 1159 3070 declarante
1171 3019 1274 3085 [operte

134 3107 195 3157 otia
205 3105 337 3156 Suetonio
348 3109 387 3156 oet
399 3105 512 3156 Sidonio
525 3103 686 3155 declarante
696 3103 757 3167 serit)
772 3104 900 3154 efferunt:
921 3103 1026 3168 aquilas
1039 3103 1182 3170 clangere,
1201 3105 1275 3154 acci·

136 3193 224 3257 pitres
236 3189 366 3256 pipliare‚
377 3189 500 3240 uultures
511 3189 664 3255 pulpulare,
678 3203 774 3238 coruos
786 3193 901 3238 cruxata
910 3186 955 3237 uel
969 3190 1109 3252 crocitare,
1124 3189 1223 3238 miluos
1235 3189 1276 3239 lu·

135 3277 196 3342 pire
210 3274 255 3325 vel
269 3275 363 3338 iniere,
378 3274 467 3326 olores
479 3273 620 3336 drensars,
634 3289 746 3323 anseres
760 3274 851 3338 griare
863 3272 908 3322 uel
919 3271 1062 3336 solingers,
1077 3289 1198 3339 pavones
1210 3287 1275 3338 pau·

135 3360 249 3426 palare,
269 3359 357 3426 gallos
376 3359 514 3410 oncurrire
531 3359 576 3410 uel
596 3365 724 3430 cantara,
745 3363 868 3408 anates
885 3356 1100 3421 tetriaitare,
1120 3361 1276 3408 turtures

135 3459 282 3510 gemere,
300 3444 679 3510 palumbespaucitare,
700 3442 859 3507 perdices
878 3442 1054 3504 cacabari,
1069 3443 1197 3508 graculos
1209 3443 1276 3492 irin·

137 3529 229 3594 gulirs
242 3529 289 3578 nel
300 3530 430 3594 grincire,
445 3533 560 3580 noctuas
571 3527 710 3590 cucubire,
726 3527 845 3578 merulas
856 3526 970 3576 irindire
981 3525 1025 3576 rel
1035 3529 1162 3590 aneiare,
1182 3527 1277 3578 turdos

136 3613 272 3665 casillars
283 3613 330 3664 uel
338 3613 466 3668 laeillare
477 3613 522 3664 uel
531 3613 678 3674 soccitare,
689 3619 798 3662 sturnos
808 3612 955 3677 pensitare,
966 3609 1123 3664 hirundines
1133 3613 1276 3666 minturire

135 3697 182 3750 uel
195 3699 354 3760 tricissare,
375 3713 503 3764 passeres
521 3700 635 3760 tieiare,
656 3713 723 3764 apes
741 3697 903 3748 bombillare
916 3695 961 3746 uel
974 3695 1084 3758 bouire,
1101 3697 1215 3749 cicadas
1228 3698 1275 3748 sri-

134 3784 238 3834 tunire.
266 3784 340 3834 ieras
359 3784 443 3834 etiam
460 3785 586 3850 proprias
603 3796 686 3834 voces
703 3783 806 3834 bebere
825 3784 865 3832 ita
883 3780 1080 3846 pronunciant:
1107 3774 1203 3836 leones
1221 3782 1275 3834 sre-

136 3885 226 3930 mere,
246 3867 363 3933 tigrides
381 3868 512 3932 rachare,
531 3869 631 3934 pardos
650 3867 744 3931 ielire,
769 3867 919 3934 pantheras
938 3867 1061 3930 esurire,
1084 3882 1157 3919 ursos
1175 3884 1276 3919 uocare

137 3953 183 4004 uel
203 3953 310 4015 seuire,
330 3967 413 4019 apros
430 3951 572 4016 frendere,
590 3953 687 4018 lynces
705 3967 816 4014 urente,
844 3951 922 4018 lupos
939 3950 1059 4012 ululare,
1084 3959 1222 4016 serpentes
1240 3955 1277 4004 si·

137 4037 254 4099 billare,
280 4037 443 4104 elephantos
460 4037 579 4103 batrire,
598 4053 717 4104 naevos
734 4035 893 4102 magillare,
919 4051 1015 4088 cervos
1039 4035 1155 4096 aurbire,
1183 4045 1278 4090 tauros

137 4137 268 4188 nugare,
287 4137 371 4187 equos
389 4123 513 4186 hinnire,
533 4125 626 4174 asinos
644 4123 755 4186 rudere,
774 4137 871 4188 porcos
884 4123 1010 4188 grunire,
1028 4137 1122 4171 norrea
1139 4123 1276 4186 qniritere.

137 4208 244 4258 arictes
263 4207 419 4270 crissitare,
443 4223 508 4258 oues
530 4207 652 4270 ballare,
676 4207 768 4258 bircae
792 4207 900 4266 micina,
928 4206 1032 4258 haedos
1055 4205 1172 4266 usbare,
1193 4223 1278 4258 canes

135 4292 257 4354 latrare,
276 4291 373 4358 vulpes
391 4293 523 4358 gannim,
543 4293 651 4344 catulos
669 4291 781 4351 olatire,
800 4291 909 4357 lepores
927 4292 1038 4356 uagirc,
1062 4289 1202 4342 mustellae
1220 4308 1277 4342 mu-

133 4379 206 4439 rirc,
225 4377 330 4428 sorices
343 4376 498 4438 destalare,
517 4377 705 4428 ranaeranire
718 4376 763 4426 uel
781 4379 923 4426 conxare'.
955 4391 988 4425 ex
1007 4375 1073 4426 edit.
1087 4375 1185 4426 Venet.
1204 4375 1276 4427 1491.

134 4477 207 4528 quae
226 4461 345 4512 diductis
363 4462 465 4514 litteris
489 4460 666 4528 exprimenda
684 4462 793 4524 curavi,
817 4460 963 4526 Vgutionis
987 4464 1119 4526 excerpta
1141 4461 1275 4525 supplent.
