3072 5064
509 445 551 487 na
571 441 711 490 usstass
734 443 843 488 aarum
1178 425 1240 490 205

12 623 13 664 ι
112 583 237 658 uorrvs'
254 595 311 683 qui
339 609 530 658 svsruoars
553 593 674 659 dicitur
694 631 737 644 —
758 592 811 658 hic
839 601 889 657 est
914 592 971 679 qui
997 600 1101 672 terra,
1126 599 1163 654 ut
1195 591 1243 654 ait

12 665 14 750 l
113 697 236 780 Cicero,
258 697 396 782 tegitur,
413 703 445 760 et
458 687 623 778 ἀφανὴςιι
643 695 779 762 Graecis
795 696 991 760 nominatur.
1024 701 1115 757 tanta
1134 700 1242 756 autem

12 821 13 832 ¹
109 797 196 883 polus
217 797 384 862 celeritate
404 797 482 862 ferri
505 797 638 880 dicitur,
661 806 698 861 ut
717 797 781 861 nisi
803 795 961 862 aduersus
992 797 1062 860 eius
1085 795 1242 881 praecipi·

12 911 13 934 ¹
110 913 165 962 um
201 921 335 964 cursum
367 909 456 963 astra
483 907 616 964 currant
653 896 765 962 mundi
800 898 930 964 ruinam
956 897 1090 962 faciant.
1138 895 1242 959 femur

89 1003 187 1064 renim
206 1003 277 1067 eius
293 1021 451 1088 praeceps
462 999 651 1066 uolubilitas
666 1020 763 1064 cursu
779 999 922 1064 siderum
938 998 1121 1086 temperari.
1144 995 1242 1084 [uude

12 1113 13 1154 l
108 1111 135 1165 et
153 1101 326 1167 Lucanus:

12 1197 13 1200 ¹
205 1204 410 1286 -sideribus,
439 1225 522 1291 quae
544 1202 615 1268 sola
636 1203 748 1288 fugam
769 1203 978 1268 moderantur
998 1202 1130 1291 Olympi

230 1315 468 1393 occurruntque
491 1304 584 1392 polo,
609 1305 740 1368 diuersa
761 1305 919 1391 potentia]

187 1493 253 1540 sou
282 1484 401 1540 natura
430 1474 507 1540 dum
534 1476 651 1561 igneus
678 1475 721 1538 sit
754 1495 832 1561 prae
865 1475 965 1540 nimio
990 1483 1080 1540 motu
1107 1473 1350 1548 sooner-128*

106 1647 160 1698 Il:
186 1647 328 1714 ‘Sphaera
347 1655 389 1698 est
407 1648 515 1713 species
532 1648 666 1713 quaedam
689 1649 718 1696 iu
736 1648 850 1706 rotundo
873 1649 1045 1698 conformata
1067 1649 1190 1699 omuibus
1209 1664 1242 1697 ex

106 1717 229 1782 partibus
248 1717 374 1782 aequalis
392 1731 542 1782 apparens,
565 1716 636 1766 undo
655 1715 754 1780 reliqui
773 1715 868 1765 circuli
887 1715 1023 1768 liniuntur.
1052 1717 1131 1766 huius
1150 1723 1241 1768 autem
1376 1707 1400 1774 0

12 1803 14 1816 =
105 1785 238 1850 sphaerae
251 1800 342 1849 neque
356 1787 445 1834 exitus
457 1799 546 1850 neque
559 1785 669 1834 iuitium
681 1789 774 1848 potest
785 1783 908 1844 definiri,
925 1785 988 1834 ideo
1002 1785 1072 1850 quod
1085 1786 1113 1834 in
1126 1785 1242 1834 rotundo

106 1869 196 1903 omnes
208 1861 316 1902 tractus
330 1857 358 1902 et
370 1854 451 1902 initia
464 1858 492 1901 et
506 1853 595 1902 exitus
608 1851 762 1917 signiticari
774 1851 908 1918 possunt)
932 1853 961 1901 2:
976 1853 1027 1903 ‘De
1041 1858 1144 1903 centro.
1170 1853 1239 1902 Oen·

69 1949 72 1958 =
105 1927 172 1970 trum
185 1926 239 1984 est,
253 1922 331 1970 cuius
344 1921 379 1970 ab
392 1921 472 1970 initio
486 1920 683 1970 circumductio
696 1919 831 1986 sphaerae
844 1921 1020 1984 terminatur,
1044 1937 1076 1970 ac
1089 1926 1180 1971 terrae
1193 1937 1242 1986 po-

12 1979 14 1998 '
105 1990 164 2039 sitio
179 1989 333 2038 constituta
347 1987 522 2038 declaratur)
547 1987 578 2038 3:
597 1988 648 2036 ‘De
662 1988 715 2036 axi.
738 1989 891 2051 Dimeusio,
908 2003 979 2054 quae
992 1989 1076 2039 totius
1089 1989 1243 2038 ostenditur

105 2057 252 2121 sphaerae,
273 2065 316 2106 est
332 2071 392 2107 curu
410 2073 444 2106 ex
460 2057 583 2121 utrisque
602 2055 726 2122 partibus
740 2058 799 2106 eius
818 2057 852 2106 ud
870 2061 1018 2106 extremam
1032 2058 1241 2108 circumductio-

105 2141 161 2174 nem
170 2131 258 2175 secte
271 2131 302 2172 ut
312 2124 437 2190 uirgulae
450 2124 649 2190 perducuntur:
668 2139 737 2188 quae
751 2123 886 2174 dimensio
900 2139 916 2174 a
929 2125 1113 2191 compluribus
1127 2127 1186 2174 auls
1199 2131 1242 2174 cst

105 2193 254 2258 appellata.
268 2193 349 2242 huius
362 2196 454 2242 autem
466 2193 620 2252 cacumina,
635 2192 733 2256 quibus
746 2195 863 2242 niaxime
877 2193 995 2257 sphaera
1007 2193 1113 2255 nititur,
1124 2193 1180 2258 poli
1193 2209 1240 2258 ap-

105 2262 257 2324 pellantur,
276 2276 388 2325 quorum
407 2259 478 2310 alter
496 2261 531 2310 ad
549 2260 705 2325 aquilonem
722 2266 853 2324 spectans
871 2261 983 2324 boreus,
1008 2261 1079 2310 alter
1100 2261 1241 2327 oppositus

104 2327 295 2379 austronothum
307 2334 349 2377 est
359 2326 469 2378 dictus.'
487 2327 516 2377 5:
531 2329 583 2378 ‘De
594 2329 671 2394 polis.
680 2327 761 2378 Polus
774 2330 798 2377 is
812 2328 857 2393 qui
870 2328 968 2378 boreus
982 2327 1139 2393 appellatur
1149 2329 1241 2394 perui-

105 2397 156 2446 ueri
172 2402 268 2462 potest
281 2412 401 2462 semper:
419 2397 511 2446 notius
524 2403 615 2446 autern
628 2397 736 2446 ratione
750 2395 874 2446 dissimili
887 2412 996 2463 semper
1006 2403 1048 2445 ost
1061 2412 1077 2446 o
1090 2402 1241 2461 conspectu

105 2471 230 2515 remotus.
249 2465 385 2514 naturalis
398 2471 490 2514 autem
502 2465 595 2513 muudi
607 2465 691 2514 statio
702 2458 808 2530 φυσική
820 2465 925 2514 dicitur.
945 2479 979 2513 ca
990 2469 1031 2514 est
1044 2465 1071 2513 in
1083 2464 1166 2514 boreo
1178 2463 1240 2533 polo

105 2533 186 2594 unita,
207 2537 239 2582 ut
252 2534 344 2582 omnia
363 2549 378 2582 e
392 2533 495 2582 dextris
507 2533 632 2598 partibus
651 2533 751 2583 exoriri
769 2533 796 2582 iu
810 2533 927 2582 sinistris
944 2533 1071 2582 occidere
1084 2533 1240 2582 uideantur.

104 2607 213 2650 exortus
238 2602 311 2650 enim
331 2607 373 2650 est
390 2601 481 2650 subIta
500 2601 634 2664 quaedam
652 2601 761 2666 species
773 2601 884 2651 obiecta
897 2607 990 2650 nostro
1004 2602 1176 2666 conspectui:
1196 2617 1241 2650 oo·

104 2683 182 2718 rasus
196 2675 291 2719 autem
303 2669 363 2734 pari
377 2669 410 2717 de
424 2683 521 2732 causa,
541 2675 571 2718 ut
589 2673 684 2734 erepta
702 2669 737 2718 ab
755 2669 842 2718 oeulis
855 2667 937 2718 uisa'
963 2669 998 2718 cf.
1017 2669 1175 2719 Marcianus
1189 2669 1240 2719 Ca-

104 2737 174 2800 pella
187 2737 258 2786 vm
270 2735 329 2786 uls.
343 2763 375 2771 —
410 2736 502 2786 Sobel.
518 2735 676 2786 Germanici
689 2753 714 2802 p.
727 2735 767 2787 38.
784 2735 843 2786 118:
858 2738 995 2786 ‘vertices
1007 2743 1152 2799 extremos,
1166 2738 1241 2787 cirea

104 2819 167 2867 quos
176 2805 299 2870 sphaera
310 2804 381 2854 caeli
393 2805 520 2862 uoluitur,
533 2804 718 2871 polosGraeci
730 2811 967 2870 nuncupaueruot,
981 2821 995 2852 e
1007 2805 1105 2870 quibus
1117 2820 1187 2855 uurrs
1200 2811 1242 2855 est

104 2872 234 2922 australis
257 2873 304 2936 qui
326 2877 418 2922 terrae
441 2873 566 2922 obiectus
591 2889 607 2921 a
628 2873 708 2922 nobis
731 2888 876 2938 numquam
904 2873 1024 2923 uidetur:
1054 2873 1125 2923 alter
1149 2882 1241 2924 autem

103 2940 336 3006 septemtrionalis
349 2941 394 3006 qui
407 2941 504 2990 boreus
521 2947 637 2990 uocatur
653 2947 682 2990 et
703 2954 849 3006 numquam
862 2939 981 2991 occidit'
1006 2941 1041 2990 cf.
1056 2941 1188 3007 Apuleius
1208 2943 1240 2992 sle

104 3009 200 3058 mundo
216 3008 228 3057 I
243 3007 402 3058 Macrobius
420 3023 516 3058 comas.
530 3008 543 3057 1
558 3007 603 3072 lu,
617 3009 680 3057 4.-
695 3007 785 3059 Sobel.
800 3010 906 3060 Lucan.
921 3009 944 3058 Χ
960 3007 1020 3058 199:
1040 3009 1185 3060 ‘Pisuetae
1199 3026 1240 3060 re·

103 3078 213 3128 tardant
226 3075 397 3126 celeritatem
405 3073 523 3142 Olympi,
537 3076 613 3126 cuitus
625 3077 743 3142 impetus
755 3081 849 3128 tantus
860 3083 942 3140 esset,
957 3077 1026 3143 quod
1039 3083 1125 3128 totam
1138 3078 1241 3128 machi·

103 3159 162 3194 uam
181 3144 362 3206 dissolueret‚
382 3145 434 3194 uisi
453 3145 582 3209 planetae
601 3149 697 3194 contra
714 3145 912 3196 firmamentum
930 3146 1050 3195 nitentes
1069 3146 1241 3196 celeritatem

102 3211 174 3262 illam
195 3210 378 3262 cohiberent!
407 3212 444 3262 cl.
459 3213 615 3262 Macrobius
629 3229 723 3262 comm.
742 3214 755 3262 1
771 3212 801 3262 18
813 3215 898 3263 Marc.
914 3213 1030 3279 Capella
1044 3215 1108 3263 VIII
1120 3213 1169 3264 852
1182 3231 1240 3280 sqq.

186 3279 257 3329 128*
270 3280 428 3330 Scholiasta
438 3279 596 3330 Gennanici
606 3297 632 3346 p.
648 3279 708 3328 108:
724 3282 793 3331 ‘Sol
806 3281 943 3332 natura'
955 3299 978 3332 c.
990 3299 1014 3348 q.
1026 3298 1046 3332 s.
1072 3282 1240 3333 scholiastae

103 3349 185 3398 rerba
203 3348 309 3413 repetit
320 3349 441 3398 Isidorus
453 3349 540 3414 origg.
555 3348 596 3398 III
609 3348 650 3411 48,
670 3349 726 3398 uisi
745 3351 815 3414 quod
835 3349 951 3400 ‘natura’
972 3351 1082 3399 omittit.
1096 3377 1127 3385 —
1153 3351 1240 3399 Isido-

104 3431 145 3464 ms
158 3417 192 3466 de
206 3421 308 3466 natura
327 3431 414 3466 rorum
428 3417 490 3465 XV:
506 3419 557 3466 ‘lle
571 3421 671 3466 natura
688 3416 762 3466 solis.
787 3417 865 3467 Haec
884 3423 947 3467 sunt
965 3419 1050 3468 uerba
1064 3419 1200 3468 Ambrosii
1212 3419 1241 3467 ia

104 3483 170 3534 libra
188 3484 388 3534 hexaemeron:
410 3484 509 3544 Solem,
523 3485 627 3549 inquit,
644 3483 800 3549 philosophi
812 3493 916 3551 negant
929 3485 1037 3535 calidae
1051 3501 1110 3534 esse
1124 3493 1239 3536 naturae

103 3569 133 3600 co
146 3553 217 3617 quod
232 3552 312 3602 albus
325 3553 362 3602 sit
380 3568 434 3602 non
446 3553 612 3603 rubicundus
626 3559 673 3602 aut
685 3553 782 3604 rutilus
795 3554 952 3619 inspeciem
970 3554 1043 3620 ignis
1056 3559 1083 3602 et
1095 3553 1157 3603 idco
1170 3555 1240 3620 quod

103 3655 300 3664 ..Μύρα-

186 3717 198 3767 1
216 3708 324 3767 accius
340 3703 377 3764 Α1
397 3707 524 3768 nocthus
544 3703 581 3765 A²
598 3709 707 3768 nothus
729 3711 755 3765 Β
769 3717 858 3768 notus
876 3712 897 3768 0
918 3703 932 3791 Η
953 3718 1062 3770 terram
1083 3716 1117 3767 ut
1131 3709 1173 3768 ait
1190 3707 1241 3768 Oi·

103 3811 170 3850 caro
185 3793 300 3869 tegitur
318 3800 343 3850 Α
348 3790 353 3828 ¹
368 3802 449 3851 terra
460 3795 572 3870 tegitur
586 3803 618 3852 ut
633 3796 675 3853 ait
687 3793 795 3854 Cicero
811 3803 892 3854 terra
903 3796 1014 3872 tegitur
1028 3798 1056 3853 B
1070 3803 1179 3854 terram
1194 3805 1238 3854 te·

102 3879 179 3952 gitur
195 3889 228 3936 ut
244 3877 288 3935 ait
306 3877 415 3937 Cicero
431 3887 512 3936 terra
524 3880 636 3956 tegitur
653 3877 691 3936 A‘²
705 3887 788 3938 terra
804 3881 916 3956 tegitur
926 3889 959 3939 ut
975 3881 1017 3940 ait
1033 3879 1139 3939 Cicero
1157 3883 1179 3938 0
1202 3875 1206 3962 Η
1222 3891 1239 3941 ‘2

104 3963 156 4021 l'r'c.
168 3965 279 4038 sruqm.
296 3968 349 4021 iac.
362 3967 425 4021 libr.
438 3964 492 4022 III
502 3971 536 4022 15
547 3984 581 4036 p.
600 3971 659 4022 550
671 3967 756 4023 Orell.
769 3967 808 4038 rs.
821 3967 876 4024 Cle.
890 3969 972 4024 Tusc.
985 3967 1048 4024 129
1064 3961 1077 4046 Η
1092 3965 1183 4025 alane
1204 3987 1239 4025 sa

102 4048 230 4108 Asianis
244 4049 272 4104 B
283 4049 427 4108 saneraO
444 4045 456 4127 Η
471 4049 626 4128 apopulus
638 4047 672 4108 Α1
689 4045 702 4131 Η
718 4048 911 4110 aduersarius
924 4055 952 4110 B
966 4046 979 4132 Η
994 4047 1181 4130 precipiente
1193 4047 1238 4134 ΑΗ

102 4135 277 4194 semensa
291 4127 305 4214 Η
320 4135 440 4193 ruinaB
453 4129 466 4216 Η
482 4131 767 4193 faoiuntA¹tucitA²
782 4131 795 4216 Η
810 4135 1214 4216 fertur—temporariam.A¹
1226 4137 1236 4218 Η

101 4219 192 4278 seius
208 4239 263 4276 om.
281 4213 321 4276 A²
335 4214 348 4300 Η
365 4239 483 4278 cursum
500 4216 538 4278 Α2
552 4214 565 4301 Η
581 4221 733 4280 elusanus
745 4219 863 4280 locutus
880 4229 926 4280 cst
942 4224 969 4279 B
984 4217 996 4303 Η
1013 4224 1120 4279 Lucan.
1134 4225 1239 4280 Phara.

101 4305 131 4360 Χ
146 4311 197 4362 199
211 4299 225 4385 Η
239 4313 255 4367 'l
273 4302 375 4363 sidera
392 4306 420 4362 B
434 4301 448 4387 Η
462 4304 544 4384 quod
562 4307 588 4362 B
602 4301 615 4385 Η
631 4303 734 4384 olimpi
753 4308 806 4364 AB
825 4301 838 4387 Η
858 4317 875 4368 8
895 4305 1016 4366 diuersa
1030 4309 1057 4364 B
1071 4301 1084 4388 Η
1098 4309 1241 4386 potencia

101 4387 127 4446 o
141 4409 231 4448 cursu
243 4393 268 4447 A
282 4391 426 4468 potencia
438 4411 527 4449 cursu
539 4393 567 4448 B
579 4390 716 4469 potentia
727 4391 824 4469 prima
838 4391 945 4452 Mundi
956 4392 1025 4470 lege
1041 4391 1112 4451 data
1125 4403 1172 4452 est
1183 4397 1239 4456 Lu·

98 4493 164 4532 coa.
179 4480 267 4534 Areu.
282 4473 296 4557 Η
312 4485 329 4539 9
345 4483 453 4535 natura
474 4481 594 4552 scripsi:
615 4477 732 4536 interea
754 4479 848 4536 Buble
