3064 5064
391 449 434 490 nn
459 447 680 490 caauusmers
704 447 744 490 nr
769 444 973 489 nunronrsvs
1191 422 1249 486 125

108 617 248 662 uxorem
269 593 432 677 Fuluiam,
455 595 507 660 cui
530 597 633 681 altera
651 593 754 659 bucca
773 581 914 659 idllatior
928 602 1008 673 erat,
1030 612 1165 656 acumen
1184 590 1251 656 stili

108 705 271 782 temptare
293 695 392 776 dixit,
422 717 482 760 nce
505 718 543 762 eo
566 696 690 778 minus,
720 697 818 760 immo
839 693 893 759 uel
916 695 1020 779 magis
1043 691 1084 760 ob
1104 691 1163 756 hoc
1183 694 1250 756 An·

107 799 199 862 tonio
222 809 346 882 gratus.
391 817 411 860 a
439 818 503 884 quo
528 818 604 864 mox
631 797 763 862 consule
791 798 906 883 ingens
929 796 1026 859 etiam
1049 795 1248 880 congiarium

108 899 248 986 accepit,
263 908 300 962 ut
316 899 345 962 ei
365 899 398 961 in
415 895 608 986 Philippicis
625 897 741 964 Cicero
757 896 886 964 obiicit:
911 895 1060 962 ‘adhibes
1073 897 1134 960 ioci
1151 917 1251 960 eausa

83 1001 321 1086 magistrum,
347 999 503 1084 suffragio
526 1009 582 1064 tuo
617 1011 650 1066 ct
676 1007 896 1087 compotorum
923 1009 1051 1065 tuorum
1078 999 1249 1078 rhetorem,

108 1101 192 1186 (cui)
210 1099 402 1166 edacessisti
414 1111 449 1164 ut
467 1101 500 1164 in
516 1101 578 1188 (te)
596 1122 679 1188 quae
701 1099 801 1166 uellet
816 1101 952 1179 diceret,
976 1097 1097 1164 salsum
1120 1100 1250 1164 omnino

108 1203 273 1268 irominem
280 1251 289 1284 ,
303 1201 361 1266 sed
375 1204 511 1267 materia
524 1201 633 1267 facilis
645 1204 693 1288 (iu
705 1204 750 1289 tc)
766 1203 843 1267 etin
856 1211 928 1268 tuos
944 1201 1061 1288 (dicta)
1076 1200 1195 1266 dicere.
1218 1211 1251 1265 at

92 1296 239 1392 ¹quauta
254 1325 376 1368 merces
392 1303 514 1368 rhetori
527 1313 576 1370 est
593 1304 686 1369 data!
709 1303 829 1385 audite,
842 1304 962 1378 audite,
976 1302 1011 1367 P.
1025 1301 1106 1366 Oret
1116 1323 1250 1388 cognos-
1264 1366 1267 1381 ,

103 1410 175 1470 cite
202 1405 251 1470 rei
268 1404 419 1492 publicae
433 1405 584 1490 uolnera.
620 1404 788 1470 duomilia
806 1407 954 1491 iugerum
971 1406 1077 1492 campi
1098 1404 1249 1470 Leontini

71 1527 94 1564 ¹·
103 1507 190 1572 Sex.
216 1505 331 1572 Clodio
350 1505 472 1571 rhetori
493 1508 668 1594 assignasti
699 1507 881 1593 etquidem
903 1507 1075 1590 immunia,
1104 1515 1139 1570 ut
1158 1515 1250 1570 tanta

101 1607 262 1703 mercede
284 1606 365 1672 nihil
388 1629 502 1694 sapere
524 1608 691 1672 disceres?
801 1645 806 1656 ·

197 1725 229 1772 c.
254 1725 423 1772 stavelus
447 1725 543 1772 smus
566 1709 778 1776 Nouariensis
800 1733 873 1776 cum
899 1711 1066 1776 aedilitate
1090 1711 1122 1774 in
1142 1711 1300 1796 patria30
1361 1785 1363 1792 ‚

101 1813 303 1895 fungeretur·
327 1831 464 1898 cumque
488 1811 571 1876 sorte
594 1811 643 1876 ius
664 1811 796 1894 diceret,
820 1813 921 1878 abiis
945 1823 1057 1878 contra
1076 1834 1156 1900 quos
1178 1827 1299 1906 pro-(5)

98 1909 283 1978 nuntiabat
311 1911 451 1999 pedibus
479 1936 496 1975 e
525 1911 682 1976 tribunali
706 1913 870 1978 detractus
889 1923 949 1978 cst.
1000 1916 1087 2002 quod
1115 1914 1249 1996 indigne

65 2017 221 2080 reserens
245 2016 352 2076 statim
368 2013 537 2078 contendit
559 2011 601 2076 ad
618 2024 742 2100 portam
766 2025 798 2078 et
814 2016 890 2080 inde
909 2016 1060 2098 Romam,
1087 2026 1248 2102 receptus-

97 2139 172 2202 que
200 2117 233 2178 io
262 2115 373 2180 Planci
399 2119 535 2180 oratoris
563 2113 826 2200 contubernium,
853 2116 905 2180 cui
936 2117 1155 2181 declamatum
1182 2138 1250 2180 mos

97 2225 181 2281 reret
213 2217 303 2303 prius
330 2215 471 2302 aliquem
499 2217 655 2304 quiante
683 2215 806 2282 diecret
833 2220 994 2300 excitare,
1026 2219 1169 2303 suscepit
1196 2237 1251 2282 eas

97 2329 222 2407 partes
250 2327 346 2404 atque
368 2318 414 2381 ita
437 2318 586 2403 impleuit
601 2328 639 2383 ut
659 2317 780 2384 Planco
797 2319 960 2384 silentium
981 2322 1161 2406 imponeret
1187 2340 1250 2382 non

97 2419 246 2484 audenti
274 2421 308 2482 in
334 2421 608 2506 comparationem
637 2443 671 2484 se
698 2419 877 2486 demittere.
926 2421 1051 2486 sodex
1077 2443 1115 2486 eo
1144 2419 1251 2484 clama

182 2557 212 2606 lu
235 2573 293 2622 sqq.
322 2553 504 2620 Hieronymus
528 2558 571 2608 Ol.
593 2557 653 2621 193,
672 2559 688 2610 3
706 2550 747 2620 (a.
767 2559 846 2620 alst:
872 2560 1018 2610 ‘Albucius
1036 2559 1089 2622 (sic
1107 2559 1249 2624 BI'Scal.)

97 2629 164 2677 silo
179 2625 361 2676 Nousariensis
373 2625 465 2675 clarus
477 2626 569 2676 rhetor
581 2625 759 2691 agnoscitur!
784 2627 869 2677 ‘silc'
881 2629 1075 2694 neglegentiae
1088 2627 1249 2691 Hieronymi

97 2693 284 2745 tribuendum
308 2699 358 2742 est.
400 2697 507 2744 Seneca
531 2703 653 2745 controv.
677 2695 701 2744 X
718 2696 812 2760 iprael.
837 2712 862 2761 p.
887 2697 950 2758 mo,
974 2695 1007 2744 20
1029 2713 1083 2760 squ
1119 2697 1248 2760 ‘priumm

97 2761 265 2812 tetradeum
295 2762 364 2825 quod
392 2763 494 2812 sociam
523 2763 676 2828 quaeritis?
704 2763 834 2813 Latronis
862 2763 945 2814 Fusci
968 2763 1067 2814 Albuci
1095 2761 1249 2813 Latronis.’

97 2829 300 2894 Quintilianus
317 2829 344 2878 ll
365 2829 404 2890 15,
423 2829 469 2879 30:
493 2829 634 2880 ‘Albucius
652 2846 705 2880 non
724 2831 857 2882 obscurus
875 2833 1013 2898 professor
1031 2837 1113 2896 atquc
1133 2829 1248 2882 arrctor’.

196 2977 208 3027 1
223 2985 242 3024 a
258 2975 358 3024 tumen
372 2967 392 3023 1
402 2959 416 3046 Η
432 2965 506 3042 stilli
519 2969 538 3024 Ι
549 2963 553 3048 Η
577 2977 753 3047 atemptare
766 2973 968 3048 Gtemperaro
986 2973 1138 3028 Otentare
1159 2970 1253 3026 l'LNI

99 3058 109 3095 '¹
130 3055 201 3112 imo
220 3051 288 3110 acl
298 3049 310 3131 Η
327 3049 364 3110 ab
381 3047 424 3133 ΙΗ
438 3049 495 3110 hec
513 3055 554 3134 ‘ll
578 3061 595 3115 3
613 3053 776 3130 sagiarium
795 3056 847 3112 NG
863 3053 875 3135 Η
891 3063 908 3116 t
924 3055 1064 3133 occoepit
1080 3057 1109 3112 Ν
1126 3049 1139 3136 Η
1160 3053 1247 3133 phili-

95 3139 184 3218 picis
204 3137 223 3193 l
240 3131 255 3216 Η
273 3135 303 3195 in
318 3135 498 3214 Philippicis
517 3133 639 3215 Cicero]
660 3138 697 3195 ΙΙ
710 3144 743 3196 17
758 3134 772 3220 Η
787 3137 879 3197 obicit
898 3141 919 3196 0
935 3137 949 3218 Η
966 3139 1102 3198 Adhibeo
1115 3157 1154 3196 ex
1172 3142 1249 3196 t'ice·

96 3241 176 3282 roae
202 3223 378 3280 Beroaldus:
413 3220 484 3280 Tibi
508 3231 539 3281 et
558 3225 624 3281 lihrr'
639 3233 760 3296 praeler
787 3227 824 3293 0,
849 3229 900 3298 qui
918 3227 1024 3282 laeuam
1042 3227 1141 3282 reliclu
1164 3244 1216 3284 om.
1234 3217 1247 3302 Η

96 3327 219 3368 caussa
234 3308 256 3363 L
270 3305 284 3388 Η
298 3302 370 3384 ioci]
387 3306 451 3364 soci
465 3309 481 3365 I
493 3307 562 3383 sotij
580 3310 609 3365 Ν
621 3302 634 3388 Η
649 3320 665 3369 5
680 3307 854 3384 magistram
868 3311 890 3366 0
905 3305 919 3390 Η
934 3318 1139 3387 compotorum
1153 3328 1193 3368 ex
1205 3313 1248 3366 tl-

94 3408 213 3450 remne
236 3393 416 3467 Stephanus:
436 3391 676 3470 'competitorum
697 3397 763 3451 lihri
788 3397 845 3451 nisi
866 3398 942 3468 quod
962 3395 980 3450 I
1008 3394 1248 3472 compeditorum

95 3483 193 3537 taces
213 3471 226 3557 Η
248 3480 326 3538 licui
341 3479 450 3535 addidit
464 3496 504 3536 ea
517 3478 572 3535 Cic.
594 3480 756 3535 Beroaldus
776 3473 789 3560 Η
812 3478 842 3537 in
858 3488 887 3538 tc
900 3499 980 3559 quae
994 3498 1032 3536 ex
1049 3481 1106 3537 Cic.
1130 3481 1248 3536 Beroal-

94 3571 172 3622 dus:
205 3563 235 3620 in
253 3581 343 3642 quem
364 3565 432 3620 libri
445 3558 457 3644 Η
473 3563 570 3623 uelles
589 3565 611 3620 G
626 3557 639 3644 Η
654 3563 802 3621 salsumL
819 3565 834 3636 l
835 3566 1006 3638 Paratomos),
1032 3565 1191 3622 Beroaldus
1209 3583 1247 3620 aa

96 3653 178 3708 Cia:
199 3647 308 3706 salsum
323 3651 389 3706 libri
406 3652 419 3725 J,
440 3657 454 3711 ’1
473 3650 503 3707 in
515 3657 545 3706 tc
562 3649 605 3706 01
620 3649 783 3738 Beroaldus
797 3669 836 3707 ea
853 3652 924 3708 Cle:
939 3668 994 3706 am.
1012 3651 1110 3706 l'LIl'G
1132 3645 1154 3769 Η
1168 3650 1248 3707 dieta

1150 3741 1156 3770 Ι

772 3741 777 3768 1

95 3789 127 3843 Ν
146 3785 319 3856 Stephanus
341 3801 380 3842 ex
400 3786 473 3844 Cic:
502 3804 554 3842 cm.
579 3783 697 3840 Vsus!
713 3781 726 3864 Η
746 3784 857 3861 dulcere
874 3787 892 3842 Ι
903 3779 916 3868 Η
931 3793 948 3844 u
959 3805 987 3864 p.
1005 3805 1029 3842 c.
1049 3789 1070 3842 G
1088 3806 1118 3864 p.
1135 3807 1161 3846 c.
1184 3787 1207 3844 l'
1218 3805 1246 3863 p.

96 3885 171 3930 tun.
194 3870 336 3930 LPatres
354 3867 518 3946 conscripti
536 3871 607 3928 ΝΟΙ
618 3927 630 3947 ,Ι
646 3877 663 3931 9
678 3871 731 3928 rei.
756 3892 783 3950 p.
803 3873 825 3928 L
846 3872 910 3948 reip
928 3867 977 3952 ΝΗ
995 3871 1120 3930 uolnera
1144 3874 1168 3928 V
1181 3871 1246 3929 uul-

95 3975 179 4014 nera
198 3957 319 4014 BLGOI
330 3950 344 4037 Η
358 3953 452 4012 millia
467 3956 489 4012 L
504 3948 517 4035 Η
535 3949 628 4014 Sexta
650 3957 700 4012 NG
716 3949 730 4034 Η
748 3969 778 4018 111
797 3955 965 4032 adsignasti
983 3959 1005 4016 0
1025 3954 1038 4034 Η
1061 3957 1203 4015 immunia
1224 3957 1246 4012 l)

97 4043 272 4098 Beroaldus
286 4059 326 4098 ear
342 4043 416 4099 Cic:
432 4040 555 4100 immuni
569 4021 641 4100 llcrl
652 4040 766 4115 (imuni
787 4043 828 4116 V)
842 4035 856 4122 Η
876 4053 901 4102 11
922 4041 1014 4100 nichil
1037 4042 1062 4098 V
1074 4035 1087 4119 Η
1107 4050 1137 4102 lt
1154 4041 1245 4100 Caius

97 4131 119 4185 L
135 4127 151 4206 Η
169 4125 318 4186 Albutius
333 4129 400 4184 libri
412 4118 427 4206 Η
440 4125 647 4185 nouarieensis
661 4129 683 4182 ll
699 4123 712 4204 Η
730 4137 761 4188 13
777 4145 904 4204 cunique
922 4128 1157 4197 Orldeadcrpius:
1180 4147 1247 4185 cum

95 4213 201 4272 sam
212 4231 301 4292 quom
323 4214 351 4270 Ν
365 4230 432 4269 enm
455 4208 503 4284 Vl!
524 4219 553 4274 l'l
569 4209 714 4291 excitare]
734 4229 859 4272 exorare
878 4206 929 4293 ⁰ll
944 4213 1045 4271 cinsl)
1066 4205 1079 4290 Η
1105 4212 1246 4292 repertis

95 4308 119 4357 11
133 4297 150 4378 Η
168 4294 279 4376 atque]
296 4315 396 4356 mores
414 4293 462 4374 θΗ
483 4301 513 4355 19
531 4295 664 4356 audienti
684 4300 712 4354 Ν
725 4297 838 4356 audent
861 4291 903 4377 ΙΗ
920 4293 1101 4373 compoti&
1132 4299 1156 4352 l'
1167 4317 1246 4356 corn·

93 4388 259 4462 pasionem
272 4381 555 4460 Lcomperationem
569 4383 585 4438 l
596 4379 606 4462 Η
621 4383 781 4442 demittere
794 4385 851 4441 lua
866 4386 1038 4442 llrouoaius:
1050 4381 1201 4444 dimittere
1213 4387 1245 4442 li·

92 4477 143 4532 bri
157 4467 175 4554 Η
193 4467 339 4526 clarius!
