3190 5098
164 435 169 446 ·
240 417 302 480 394
524 479 526 486 ,
574 431 796 484 ovansnrouns
822 431 1048 476 svaronransa

240 607 327 664 neque
349 589 441 646 uerbis
462 633 469 650 .
493 624 501 642 .
524 630 531 644 .
552 605 642 662 neque
659 589 744 662 [ecus
767 629 774 644 .
796 631 801 643 .
820 631 828 646 .
850 589 1021 660 temperouit.
1063 581 1278 644 desiderantur
1307 583 1382 642 trias

239 687 391 770 particula
406 687 486 764 qrmd,
501 687 633 750 Neronis
648 705 768 761 nornen,
783 687 967 765 significatio
983 687 1049 746 eius
1064 687 1117 766 qui
1132 685 1283 745 recitabat
1293 685 1326 744 id
1338 694 1385 744 est

168 807 174 816 ·
240 791 368 852 Lucani.
383 810 463 871 quae
476 791 642 850 omnianon
654 789 943 868 siucprobabilitats
954 807 1021 850 curn
1028 787 1294 848 homoeoteleuton
1302 788 1382 846 exis·

240 902 286 957 tat
297 902 368 975 post
377 891 476 968 serens
488 891 561 952 addi
574 899 713 972 possunt.
734 890 788 951 sed
800 891 907 950 mirum
922 889 1022 950 rideri
1038 889 1144 963 drebet,
1160 889 1243 970 quini
1255 890 1285 948 ln
1297 889 1383 948 libris

240 1002 398 1059 recessisset
420 994 484 1072 legi
507 992 682 1066 adfirmavi,
703 1013 771 1052 cum
792 993 958 1052 Beruensis
980 991 1034 1052 ills
1056 1000 1124 1066 370,
1146 1008 1236 1072 quern
1253 991 1399 1070 omnium,

241 1099 386 1179 optimum
413 1094 568 1156 Weberus
590 1103 622 1155 at
650 1094 779 1155 Rothlns
804 1093 999 1175 praedicant,
1025 1099 1172 1154 recessisse
1197 1091 1381 1174 suppeditet.

241 1199 297 1266 sed
317 1209 351 1260 ut
369 1217 425 1278 par
446 1217 479 1257 sc
501 1195 615 1258 clarum
636 1205 684 1256 est
705 1203 853 1256 recessisse
865 1196 1036 1256 'correctori
1052 1195 1172 1269 debari,
1198 1195 1241 1255 ita
1256 1195 1382 1254 falsissi-

242 1323 323 1364 mum
345 1310 391 1362 cst
411 1299 557 1360 iudicium
580 1297 619 1361 ds
641 1298 711 1358 libri
731 1299 926 1375 auctoritate;
957 1297 1043 1378 *quod
1064 1297 1219 1358 luculento
1241 1296 1383 1376 exemplo

244 1404 451 1466 demonstrare
470 1401 555 1462 licet.
584 1421 655 1461 nam
675 1400 726 1460 ubi
751 1409 892 1460 narratur
909 1397 990 1482 quae
1010 1399 1127 1460 offensa
1140 1401 1284 1460 Lucanus
1299 1399 1383 1459 rani·

242 1515 306 1567 tate
323 1513 428 1566 contra
449 1504 613 1565 Caesarem
633 1504 755 1564 molitus
775 1505 816 1563 sit
831 1521 863 1582 p.
883 1513 934 1576 51,
956 1511 1066 1582 tsqq„
1094 1501 1173 1564 haec
1193 1511 1239 1562 ast
1259 1501 1386 1580 vulgata

242 1609 408 1688 scriptura:
449 1609 518 1666 odeo
543 1615 573 1664 ut
597 1609 734 1682 quondam
758 1611 786 1663 iu
810 1610 918 1664 lutrinis
945 1607 1062 1680 pumice
1086 1609 1207 1664 ctcriore
1230 1623 1292 1664 cum
1317 1613 1385 1662 stre·

239 1715 301 1787 pitu
332 1714 436 1769 uentris
466 1712 558 1766 emissi
590 1709 786 1766 hemistichium
811 1709 932 1766 Neronis
964 1725 1065 1784 meque
1094 1723 1287 1766 consessorum
1313 1708 1384 1782 supa

238 1813 444 1888 pronuntiom't:
465 1813 530 1868 ‘suh
547 1813 629 1866 terris
649 1814 768 1868 inarsisse
788 1809 894 1884 putes'.
925 1808 1082 1890 inquibus
1101 1815 1216 1884 strepitu
1234 1813 1341 1868 uentris
1354 1817 1387 1866 at

244 1913 283 1976 ab
304 1931 362 1972 usu
384 1911 516 1974 alienum
540 1919 587 1970 cst
607 1929 709 1990 neque
730 1910 842 1990 legitur
865 1909 896 1968 in
917 1911 962 1970 eis
978 1909 1063 1971 libris
1085 1931 1161 1992 quos
1178 1929 1235 1990 ego
1258 1911 1385 1991 optimos

244 2024 297 2076 aut
313 2022 396 2074 certe
411 2012 548 2072 bonitate
563 2031 583 2071 a
600 2011 749 2072 Beruensi
770 2031 830 2072 non
850 2013 988 2092 superari
1003 2022 1091 2091 puto,
1114 2013 1384 2092 Montcpsssulnno

245 2125 277 2176 et
305 2115 445 2178 Parisino
475 2121 545 2177 7502
572 2115 642 2187 (Plt
684 2114 713 2173 in
741 2114 799 2172 hoc
825 2119 933 2188 crepitu
963 2115 993 2174 in
1022 2115 1076 2174 illo
1108 2121 1209 2190 trepitat
1240 2115 1385 2194 scriptum

245 2228 306 2294 sst3
348 2229 387 2278 er
409 2221 509 2292 trepitu
537 2225 638 2277 autern
664 2235 754 2294 quam
782 2213 875 2276 facilc
897 2222 1012 2292 stromat
1040 2219 1181 2276 ellectum
1205 2217 1243 2276 sit
1266 2217 1296 2276 in
1317 2237 1384 2296 pro·

243 2320 348 2400 patulo
369 2307 427 2379 cst.
463 2323 555 2376 emissi
575 2317 710 2398 quidem,
740 2316 821 2398 quod
847 2318 940 2377 nolim
961 2319 1106 2378 Rothiuur
1127 2317 1304 2386 defendisse
1324 2339 1384 2378 non

245 2431 317 2501 apta
338 2421 481 2498 analogia
505 2419 641 2480 adhibita
660 2451 702 2462 -
723 2419 832 2479 dicitur
855 2421 935 2480 enim
964 2424 1043 2480 uleus
1065 2423 1136 2479 deici
1151 2429 1183 2480 et
1209 2423 1384 2489 descendere,

245 2525 316 2604 equi
332 2534 452 2583 uentrem
466 2523 565 2596 fucere
583 2553 623 2568 —-
638 2523 669 2582 in
685 2521 822 2582 omuibus
844 2522 930 2582 libris
945 2532 1044 2596 extat,
1067 2521 1123 2582 sed
1138 2522 1317 2601 simpliciter
1333 2520 1384 2582 de·

244 2624 368 2686 laudum
382 2622 518 2697 videtur,
531 2623 611 2703 quod
628 2643 666 2683 ex
685 2623 892 2704 dittograpbia
902 2625 990 2684 trium
1006 2623 1194 2704 syllabarum
1210 2625 1294 2684 vocis
1306 2643 1385 2703 quae

244 2727 383 2806 sequitur
405 2725 581 2784 emistichium
602 2735 699 2785 ortum
719 2728 766 2786 sit.
800 2747 906 2786 verum
924 2745 1105 2806 quamquam
1123 2727 1288 2786 Beruensis
1308 2726 1385 2806 opti·

244 2847 310 2888 mua
331 2825 409 2886 liber
429 2823 582 2904 adpellari
604 2829 725 2907 nequit,
748 2830 800 2907 qui
822 2828 939 2888 duobus
955 2829 1030 2890 locis
1045 2829 1303 2909 interpolatricem
1321 2849 1384 2888 cor·

244 2929 371 2988 rectoris
391 2947 512 2986 manum
537 2948 646 3007 passus
668 2930 723 3002 sit,
750 2925 851 2990 tamen
872 2929 1047 3008 negandum
1066 2951 1124 2991 non
1141 2940 1204 3004 est,
1231 2952 1299 2992 curu
1321 2933 1385 2990 iure

245 3027 385 3090 adhiberi
412 3047 472 3107 quo
495 3030 669 3089 testimonia
692 3031 955 3111 Montepsssulaui
976 3042 1007 3092 at
1030 3033 1163 3092 Parisini
1188 3034 1385 3112 corrigantur.

244 3131 290 3192 sic
305 3129 358 3188 ille
372 3129 451 3190 solos
467 3137 601 3190 exorauit
616 3143 650 3211 p.
667 3141 715 3206 tri,
736 3145 749 3196 l
769 3133 918 3208 ostendit;
946 3133 1058 3195 deinde
1075 3136 1105 3194 in
1119 3136 1274 3194 sententia
1295 3129 1386 3216 quarn

246 3249 337 3312 supra
353 3231 517 3312 perscripsi
533 3250 722 3294 consessorum
739 3233 888 3296 Beruensi
905 3235 1046 3310 debetur,
1065 3257 1131 3296 curn
1148 3238 1179 3296 in
1196 3239 1230 3294 M
1239 3247 1270 3297 et
1282 3241 1311 3296 ·P
1323 3257 1386 3296 erim

244 3351 382 3393 sessorum
404 3331 558 3415 adpareat.
598 3336 706 3396 relicui
733 3357 807 3398 vero
835 3337 958 3398 codices
991 3357 1117 3420 quorum
1150 3339 1386 3419 discrepantiam

246 3433 397 3496 Weberus
421 3435 441 3494 l.
461 3455 487 3498 c.
510 3435 687 3512 adnotavit,
709 3440 824 3500 nullam
844 3441 1006 3500 utilitatem
1027 3440 1156 3515 habeut,
1185 3441 1295 3522 quibus
1319 3451 1385 3502 tun·

245 3543 307 3596 turn
329 3536 409 3598 absit
427 3545 459 3597 ut
479 3541 628 3619 scriptura
646 3541 735 3602 trium
756 3542 874 3602 illorum
889 3541 1033 3602 llbromrm
1050 3543 1244 3618 emendetur,
1266 3553 1300 3604 ut
1315 3565 1385 3603 ean·

246 3635 314 3698 darn
332 3637 576 3717 depravationem
598 3643 780 3720 exhibeant3
812 3653 874 3704 turn
896 3644 1162 3724 interpolationem
1184 3651 1299 3722 strepitu
1319 3665 1386 3706 erim

246 3738 396 3801 Beruensi
413 3751 591 3820 agnoscunt.

330 3843 462 3902 Restant
486 3845 568 3904 vitae
599 3853 757 3926 poetarum
785 3847 967 3922 nonnullae,
998 3867 1077 3928 quae
1104 3857 1135 3908 ct
1155 3850 1240 3929 ipsae
1262 3848 1387 3908 scholiis

246 3961 350 4000 eorum
372 3945 423 4004 vel
447 3945 630 4006 carminibus
658 3949 844 4026 praemissae
869 3957 949 4010 sunt.
988 3951 1020 4008 in
1045 3949 1093 4009 his
1119 3951 1184 4010 vita
1208 3951 1296 4012 Persi
1320 3951 1387 4032 ipsa

244 4043 443 4122 inscriptione
468 4047 507 4106 dc
533 4049 872 4134 commentario'Valeri
895 4051 988 4110 Probi
1008 4051 1129 4112 sublata
1147 4051 1272 4112 dicitnr:
1307 4053 1385 4132 quod

245 4145 448 4208 testimonium
463 4149 684 4228 neglegebatur
698 4151 763 4212 iera
779 4163 809 4212 et
825 4151 902 4212 adeo
917 4153 1126 4232 premebatur,
1150 4174 1218 4213 cum
1233 4153 1273 4212 ad
1295 4175 1386 4214 arnum

245 4265 345 4324 paene
374 4269 478 4310 omnes
505 4249 724 4312 Suetonionam
752 4273 818 4312 enm
842 4275 909 4314 esse
933 4255 1162 4334 praedicarent,
1191 4257 1290 4317 donec
1314 4255 1387 4317 Otto

248 4349 373 4408 Iahnius
393 4371 478 4410 suurn
501 4353 530 4412 ei
550 4355 761 4414 auctoritatem
783 4355 924 4418 restitnit.
957 4359 987 4417 in
1010 4360 1234 4439 prolegomenis
1253 4359 1332 4420 onim
1348 4356 1387 4416 ad

247 4447 423 4530 Persiump.
441 4451 494 4512 CL
502 4473 569 4535 sqq.
585 4455 627 4516 M.
643 4457 800 4516 Valerium
812 4457 945 4518 Probum
959 4460 1116 4543 Berytium
1130 4461 1179 4521 hic
1190 4461 1319 4532 indicari
1336 4458 1386 4520 do·
