3138 5100
188 450 194 466 ¹
279 376 340 440 508
692 399 725 441 ru
739 397 838 440 mrsu
853 399 1002 442 maruan

279 551 372 610 video
388 561 511 631 praeter
526 557 647 626 temperi
660 553 750 612 etiam
763 552 889 611 alteram
905 555 1027 624 tempori
1041 551 1167 611 formam
1182 552 1323 630 probare,
1340 551 1415 632 quid

280 653 368 713 huius
384 655 429 712 rei
445 655 484 713 sit
499 656 602 734 paucis
619 652 792 714 declarabo.
836 647 878 714 Et
893 673 912 714 a
926 655 1046 714 rat-ioue
1063 653 1189 733 quidem
1210 655 1266 713 etsi
1288 675 1350 714 uon
1368 663 1416 714 est

280 775 356 815 sone
377 777 429 816 cur
449 757 623 816 necessario
646 755 835 838 improbetur
859 761 993 830 tempori,
1025 763 1058 816 ut
1081 755 1164 835 quod
1183 755 1325 816 similium
1350 775 1414 814 non

280 877 444 936 paucorum
468 859 608 937 exemplo
632 858 723 916 etiarn
744 859 899 938 antiquius
922 877 990 917 esso
1016 857 1112 916 altero
1134 858 1284 936 potuerit,
1310 837 1414 916 tamen

281 959 364 1018 aliud
381 959 490 1019 suadet
503 959 582 1020 fides
597 960 770 1020 memoriae.
801 959 900 1038 Quam
916 961 942 1020 si
957 960 1155 1032 consulimus,
1171 967 1233 1018 tam
1249 959 1308 1018 cito
1324 979 1415 1038 quam

282 1069 365 1120 certo
390 1062 597 1140 intellegimus
618 1061 692 1120 inde
713 1061 752 1120 ab
776 1062 986 1142 antiquissima
1009 1061 1048 1121 de
1070 1083 1130 1142 qua
1152 1060 1275 1142 quidem
1296 1069 1416 1120 constet

281 1163 405 1240 linguae
421 1171 536 1236 aetate,
555 1182 621 1221 cum
635 1183 689 1222 suo
705 1169 861 1243 tempore,
878 1183 942 1222 non
958 1183 1041 1237 sero,
1057 1165 1123 1224 fiori
1138 1162 1296 1244 quippiam
1311 1160 1415 1220 dicen·

257 1338 260 1345 Ι
283 1264 355 1323 dum
370 1273 465 1338 esset,
483 1272 535 1322 aut
549 1269 670 1338 temperi
684 1265 849 1344 placuisse,
867 1265 949 1346 quod
966 1275 997 1324 et
1012 1265 1186 1326 vetustioris
1203 1273 1234 1323 et
1248 1255 1415 1324 humilioris

258 1358 261 1366 ’
283 1367 431 1425 sermonis
447 1367 603 1444 proprium
619 1368 745 1440 mansit,
767 1377 818 1428 aut
842 1367 925 1448 quod
946 1369 1050 1445 paullo
1066 1369 1175 1428 lectius
1191 1375 1283 1446 atque
1299 1365 1415 1438 cultius,

281 1471 462 1542 intempore.
493 1468 586 1528 Velut
605 1469 664 1527 hoo
678 1470 843 1528 Terentius
859 1472 891 1528 in
911 1490 966 1528 sex
982 1468 1148 1528 comoediis
1169 1488 1240 1528 usus
1262 1475 1308 1526 est
1328 1467 1416 1546 quin·

284 1571 408 1649 quiens,
434 1569 482 1628 bis
505 1577 622 1628 tantum
651 1569 776 1649 (Amph.
798 1577 858 1633 877.
890 1569 980 1651 Capt.
1002 1568 1067 1648 836)
1089 1572 1122 1630 in
1143 1570 1254 1647 viginti
1274 1568 1416 1628 Plautus:

285 1669 338 1748 (ne
354 1671 385 1729 iu
402 1671 459 1730 hoo
475 1691 589 1749 genere
605 1690 760 1729 numerem
776 1673 892 1730 sociata
911 1675 939 1730 r'o
955 1677 1016 1746 ipso
1035 1669 1160 1746 tempere
1181 1657 1276 1750 velim
1291 1679 1417 1743 tempore

282 1776 359 1845 ipso,
392 1781 438 1832 tor
459 1771 583 1850 quidem
606 1793 624 1830 a
644 1773 808 1846 Terentio,
836 1774 909 1832 item
924 1773 976 1852 ¹bis
997 1795 1015 1832 a
1036 1775 1146 1833 Plauto
1171 1773 1417 1844 cist.1v‚r,ra

283 1874 381 1933 Poen.
397 1884 428 1948 V,
445 1883 474 1946 3,
491 1870 551 1949 19ε)
569 1883 674 1932 contra
690 1879 810 1947 temperi
824 1876 949 1935 Plautus
966 1875 1044 1934 dixit
1058 1876 1253 1954 saepissime,
1270 1893 1309 1934 ne
1321 1873 1417 1932 semel

285 1973 408 2054 quidem
423 1976 599 2034 Terentius.
643 1976 684 2034 Et
699 1975 843 2036 Plautina
860 1976 984 2056 quidem
1001 1979 1142 2056 exempla
1157 1997 1223 2036 cum
1244 1977 1306 2034 sint
1319 1975 1416 2034 unde-

283 2077 408 2154 viginti,
427 2077 459 2134 in
476 2076 522 2136 his
538 2081 658 2152 temperi
673 2077 798 2136 formam
815 2079 920 2156 optimi
942 2078 1202 2158 librioutaperte
1218 2086 1347 2136 autnon
1364 2075 1417 2136 du·

283 2177 341 2238 biis
363 2177 501 2254 vestigiis
523 2187 683 2238 servarunt
706 2179 924 2258 quindeciens:
945 2180 1015 2238 Aul.
1033 2191 1086 2254 111,
1110 2189 1140 2252 3,
1157 2189 1187 2252 6,
1210 2178 1261 2238 ubi
1281 2179 1377 2238 Vetus
1400 2198 1418 2236 a

283 2300 322 2338 m.
338 2301 384 2359 pr.
406 2282 479 2336 Hem
491 2284 583 2354 perii,
605 2281 660 2340 sed
686 2283 818 2354 Temperi
838 2301 854 2340 e
877 2291 1064 2357 correctura3
1089 2281 1178 2360 Copt.
1202 2291 1266 2355 1913
1290 2279 1359 2340 Cas.
1382 2291 1416 2352 11,

283 2391 314 2453 6,
330 2389 377 2452 60,
400 2380 451 2440 ubi
473 2382 545 2440 item
568 2403 613 2461 pr.
630 2403 669 2441 m.
688 2385 833 2456 Temperi,
860 2383 998 2443 secundo
1020 2382 1140 2442 demum
1159 2386 1304 2456 Tempore}
1326 2383 1416 2441 Most.

259 2529 263 2538 .
284 2491 349 2558 3143
372 2484 456 2542 Men.
473 2489 533 2544 tto.
550 2493 610 2546 464.
627 2491 691 2558 tol,
715 2485 824 2564 quibus
839 2484 934 2544 tribus
957 2485 1031 2543 loeis
1047 2505 1124 2544 unus
1140 2485 1308 2544 Vaticanus
1324 2503 1417 2542 arec.

284 2631 323 2668 m.
339 2583 474 2684 tempoli,
497 2611 590 2669 More.
607 2617 673 2684 989,
697 2611 754 2670 ub'r
769 2619 878 2685 temper
900 2631 966 2670 curn
988 2609 1098 2670 eodem
1113 2611 1310 2683 Decurtatus,
1339 2613 1417 2668 Tem-

281 2729 390 2785 perare
405 2714 517 2786 Votum
546 2711 659 2772 Pseud.
675 2721 741 2786 387,
763 2711 814 2772 ubi
837 2715 894 2773 etsi
915 2715 948 2772 in
973 2711 1089 2772 eisdem
1109 2712 1204 2773 tribus
1228 2717 1347 2786 tempori
1362 2721 1416 2784 est,

285 2823 386 2872 tamen
409 2833 513 2873 vorum
534 2835 601 2873 cum
621 2815 825 2875 Ambrosiano
851 2824 939 2878 vetus
966 2815 1144 2892 glossarium
1170 2823 1316 2889 testatum
1342 2813 1416 2872 ibid.

285 2923 367 2988 1182,
384 2914 435 2974 ubi
451 2917 483 2973 in
499 2923 619 2990 temperi
633 2937 738 2977 omues
756 2926 897 2998 quattuor
912 2890 1123 2990 eonsentilrnt,
1140 2918 1200 2976 nisi
1216 2915 1298 2995 quod
1314 2916 1346 2974 in
1357 2915 1418 2974 Va-

285 3018 386 3076 ticano
403 3039 421 3076 a
436 3039 481 3097 pr.
494 3039 533 3077 m.
548 3027 673 3092 tempere
690 3019 760 3092 fuit,
777 3026 899 3094 temperi
911 3027 1010 3078 autem
1026 3021 1170 3098 princeps
1188 3017 1307 3078 demum
1323 3015 1417 3077 editio

285 3119 419 3196 invexit,
446 3121 533 3179 Pers.
549 3129 614 3194 Ὡς),
637 3120 688 3181 ubi
710 3121 749 3180 od
771 3121 930 3182 Palatinos
951 3122 1195 3200 Vaticanumque
1216 3137 1317 3179 rursus
1336 3117 1419 3178 idem

286 3223 361 3284 illud
377 3223 557 3301 glossarium
572 3223 748 3284 Plautinum
763 3223 898 3298 aceedit,
915 3227 1036 3297 tempori
1049 3222 1131 3282 solus
1143 3223 1311 3282 Vaticanus
1327 3221 1419 3280 habet

285 3345 304 3384 a
320 3347 357 3385 m.
370 3345 440 3400 rec,
457 3346 580 3405 prorsus
595 3333 628 3384 ut
643 3325 718 3384 ibid.
730 3333 796 3399 768,
813 3325 864 3385 ubi
880 3329 1001 3400 temperi
1014 3323 1060 3382 bis
1077 3323 1170 3383 estin
1187 3323 1295 3382 eodem
1311 3342 1419 3398 versu3

285 3428 364 3489 Rud.
380 3437 447 3504 9213
472 3427 566 3488 Stich.
586 3434 652 3500 654,
673 3428 757 3488 unde
782 3432 901 3502 temperi
920 3427 1041 3486 transiit
1060 3427 1092 3486 in
1115 3426 1309 3503 glossarium
1331 3425 1419 3484 Tria.

285 3540 345 3594 911.
382 3532 470 3590 Haec
484 3531 577 3608 igitur
592 3550 657 3589 curn
672 3529 778 3589 horum
801 3531 878 3588 ratio
895 3537 925 3588 et
940 3527 1080 3588 condicio
1104 3528 1156 3600 sit,
1181 3528 1284 3608 ecquis
1305 3529 1337 3586 in
1357 3547 1420 3585 uuo

273 3617 484 3713 'Captivorum
505 3651 596 3691 vorsu
619 3641 668 3694 183
688 3631 793 3705 tutari,
811 3629 895 3711 quod
916 3641 962 3689 est
984 3617 1059 3689 sane
1082 3630 1114 3688 in
1136 3629 1268 3702 Vetere,
1300 3632 1422 3702 tempori

286 3736 419 3795 animum
434 3733 560 3794 inducet
576 3754 634 3792 nec
649 3733 689 3793 ad
705 3742 874 3792 ceterorum
889 3735 989 3812 potius
1007 3739 1037 3790 et
1051 3729 1277 3791 multitudinem
1293 3738 1324 3789 et
1337 3729 1421 3789 simi·

285 3837 447 3897 litudinem
468 3835 525 3894 hoc
547 3854 669 3915 quoque
690 3833 1154 3912 accommodelritlupraesortim
1175 3852 1241 3890 curn
1263 3841 1329 3890 octo
1349 3839 1423 3911 post

286 3937 425 3998 versibus
441 3938 473 3996 in
489 3937 598 3996 eodem
613 3957 754 3996 sermone
771 3935 942 4015 eademque
957 3936 1113 3994 sententia
1129 3936 1227 4013 ipsum
1242 3935 1423 4013 insequatur

286 4044 413 4114 temperi.
457 4039 536 4098 Nam
558 4057 636 4118 quae
663 4046 825 4116 praeterea
851 4038 909 4096 tria
930 4036 1073 4115 exempla
1098 4043 1230 4108 restant,
1256 4035 1355 4093 ineis
1379 4054 1421 4092 ue

286 4141 410 4222 prodita
431 4139 554 4221 quidem
575 4145 696 4214 tempori
714 4141 811 4198 forma
833 4148 895 4213 est,
922 4138 978 4197 sed
1002 4137 1040 4197 ab
1057 4136 1223 4198 editoribus
1241 4135 1360 4195 demum
1377 4136 1421 4194 ef·

287 4245 382 4320 secta,
411 4242 532 4322 prodita
557 4250 658 4300 autern
679 4249 819 4318 tempore:
847 4241 942 4300 semel
963 4261 1029 4300 curn
1055 4241 1130 4299 vitio
1152 4257 1343 4298 numerorum
1369 4237 1422 4316 qui

288 4345 430 4405 creticum
451 4345 590 4422 flagitant
603 4343 698 4422 Epid.
715 4354 771 4416 111,
787 4353 818 4416 3,
835 4351 868 4404 25
891 4345 1001 4416 Edepol
1020 4360 1055 4400 ne
1075 4345 1184 4400 isteaee
1203 4343 1322 4414 temperi
1333 4341 1423 4414 perard

287 4455 335 4506 tuo
353 4447 457 4506 Sumus
474 4447 669 4522 prae'mereeo'
684 4443 757 4526 (nisi
772 4461 807 4502 ae
825 4449 907 4504 istum
923 4444 1101 4519 normales,
1118 4441 1242 4528 quando
1258 4442 1291 4502 in
1304 4441 1422 4502 Vetere
