3162 5058
865 991 873 1033 l

334 1129 422 1210 DE
455 1129 758 1212 ltEGlBVS
796 1131 994 1212 LIBRI
1030 1133 1207 1214 Tuus
1281 1247 1284 1254 .

688 1299 858 1310 ——-.

286 1429 517 1497 utrorumque
540 1425 728 1502 saltuque,
752 1416 816 1480 duo
837 1415 890 1480 uel
913 1417 1057 1480 maxima
1078 1425 1185 1482 terrae
1352 1409 1423 1478 l'l'l

285 1515 445 1598 membra,
468 1517 587 1604 quibas
610 1533 745 1580 ιιιιιιι
767 1517 865 1582 dubie
889 1533 1100 1582 snunvsrrvs
1123 1517 1215 1583 addit

214 1625 220 1630 '
286 1616 438 1704 Europae
461 1603 664 1700 adiunctam,
688 1620 793 1705 possit
814 1640 886 1682 cum
910 1620 1006 1684 tertia
1030 1619 1111 1702 dici,

284 1729 436 1802 regnatas
458 1719 584 1804 multis,
607 1743 688 1806 quos
711 1721 798 1785 fama
821 1721 988 1787 oblitterat
1011 1730 1043 1784 et
1065 1741 1146 1808 quos

285 1819 423 1884 barbara
447 1821 615 1887 Romanae
638 1845 703 1888 non
723 1822 858 1888 tradunt
880 1824 1012 1888 nomina
1034 1822 1181 1910 linguae:

286 1937 480 1986 ιιιιιιιιιιιι
503 1940 735 2012 uvurnauque
757 1941 890 1989 aventu
912 1941 1143 2011 rsaruvuque
1164 1941 1331 1994 vouoaltu
1366 1965 1370 1972 ·

285 2031 316 2085 et
338 2037 505 2088 carrauvu
529 2024 661 2090 Pellaea
685 2025 774 2090 dedit
795 2027 851 2112 qui
881 2028 1013 2092 nomina
1034 2049 1164 2113 regum,

288 2191 334 2248 lli
348 2195 483 2248 Ausonius
496 2199 576 2264 epist.
590 2199 708 2250 XVIIII:
729 2199 879 2250 ‘Ausonius
891 2200 991 2250 Pontio
1003 2199 1128 2250 Paulino.
1141 2236 1147 2249 .
1158 2200 1240 2251 ..iam
1253 2202 1341 2266 prima

201 2278 253 2314 nox
281 2270 342 2316 erat
368 2271 433 2316 aute
461 2267 533 2316 diem
562 2283 661 2318 nonum
689 2268 824 2318 decimum
852 2267 1028 2318 calendarum
1052 2268 1255 2330 IanuarIarum,
1279 2285 1340 2320 cum

201 2332 323 2383 redditae
347 2339 410 2382 sunt
427 2334 492 2384 mihi
516 2334 625 2386 litterae
649 2341 714 2386 tuae
738 2336 836 2400 oppido
859 2349 939 2400 quam
963 2335 1112 2386 litteratae.
1139 2335 1182 2386 his
1199 2335 1307 2401 longs'
1300 2353 1339 2386 ιιι-

202 2401 395 2452 candissimum
413 2419 512 2466 poema
530 2403 707 2465 subdideras,
726 2420 778 2468 quo
791 2403 872 2468 (quod
884 2404 966 2467 culpo)
979 2403 1013 2454 de
1026 2403 1113 2452 tribus
1126 2403 1250 2456 Suetonii
1264 2404 1340 2454 libris

201 2483 266 2532 quos
279 2469 326 2518 ille
340 2470 373 2519 de
386 2471 497 2535 regibus
510 2470 586 2520 dedit
597 2467 649 2537 [iu]
666 2442 804 2538 epitomen
817 2471 934 2534 coegisti
944 2472 1047 2535 (coegit
1063 2471 1179 2534 Vinctus)
1193 2476 1271 2522 tanta
1285 2472 1340 2522 elo·

201 2537 310 2600 gantia,
329 2537 402 2586 solus
419 2544 449 2587 ut
467 2538 532 2587 mihi
545 2539 658 2588 uideare
674 2545 829 2596 assecutus,
849 2539 919 2604 quod
935 2543 1031 2588 contra
1046 2554 1135 2588 rerum
1148 2544 1274 2589 naturam
1288 2545 1338 2602 est,

200 2603 323 2654 breuitas
334 2611 364 2654 ut
372 2606 489 2656 obscura
502 2621 555 2656 uon
567 2607 669 2656 esset'
661 2623 690 2656 ιιι
702 2607 745 2656 his
755 2607 879 2658 uersibus
890 2623 942 2672 ego
952 2609 1007 2656 ista
1017 2607 1145 2672 cognoui·
1159 2609 1270 2672 Europ
1279 2623 1294 2657 a
1302 2623 1340 2656 m·

202 2687 262 2734 que
276 2688 298 2722 e
313 2691 337 2738 q
350 2689 371 2722 r.
385 2673 464 2723 Haec
477 2679 506 2724 tu
520 2689 599 2739 quam
612 2675 700 2740 perite
715 2680 742 2724 et
755 2675 903 2736 concinne,
922 2689 1002 2740 quam
1021 2674 1159 2724 modulate
1173 2679 1201 2724 at
1212 2676 1338 2756 dulciter,

199 2737 239 2788 ita
255 2739 333 2790 iuxta
350 2747 477 2790 naturam
495 2743 676 2792 Romanorum
696 2747 859 2792 accentuum
878 2743 1039 2800 curantiaati,
1062 2746 1202 2794 attamen
1219 2745 1293 2793 uaris
1306 2759 1340 2792 ac

200 2808 370 2872 primigeniis
388 2810 501 2859 uocibus
518 2825 567 2860 sua
585 2810 700 2874 fastigia
713 2827 767 2860 nou
779 2812 910 2874 perirent.
938 2811 992 2860 iam
1005 2810 1069 2875 quid
1080 2810 1113 2860 de
1128 2810 1286 2876 eloquentia
1299 2811 1338 2861 di·

201 2877 279 2924 cam?
288 2875 390 2942 liquido
401 2877 527 2928 adiurare
536 2893 654 2958 possum,
665 2879 767 2928 nullum
779 2879 828 2928 tibi
838 2879 872 2928 ad
883 2879 1019 2944 poeticam
1031 2879 1189 2928 facundiam
1199 2879 1340 2930 Romanoa

200 2942 350 2994 iuuentutis
368 2947 490 3009 aequari.
527 2952 603 2996 certe
621 2947 660 2996 ita
679 2947 744 2996 mihi
762 2947 872 2996 uideris.
909 2947 933 2996 si
952 2963 1012 2996 erro
1030 2951 1109 3012 pater
1132 2961 1199 2996 sum.
1236 2946 1278 2998 ier
1296 2963 1340 2998 ma

201 3015 228 3058 ct
245 3011 302 3060 noli
320 3011 431 3076 exigere
450 3013 579 3064 iudicium
598 3014 726 3066 obstante
745 3015 859 3080 pietate.
895 3031 988 3066 uerum
1007 3029 1067 3064 cum
1085 3014 1130 3078 pie
1143 3013 1266 3080 diligam,
1285 3016 1339 3066 sin·

200 3093 263 3128 cere
282 3094 316 3129 ac
335 3094 431 3130 seuere
455 3081 553 3132 iudico.
594 3081 676 3131 attice
700 3099 743 3132 me
767 3098 814 3132 oro
837 3083 888 3132 tali
906 3098 1017 3132 munere
1042 3081 1215 3148 frequenter,
1241 3099 1308 3148 quo
1313 3089 1341 3134 et

199 3146 324 3198 oblector
342 3153 369 3196 et
382 3147 507 3198 honoror.
544 3151 665 3200 accessit
682 3150 735 3200 tibi
753 3150 788 3200 ad
807 3156 894 3200 artem
912 3151 1048 3216 poeticam
1068 3149 1168 3200 mellea
1181 3150 1339 3208 modulatio

200 3215 263 3280 quid
276 3216 349 3264 euim
368 3215 441 3266 allud
460 3219 593 3281 agunt

401 3284 491 3333 audax
510 3284 601 3334 Icario
625 3285 670 3349 qui
690 3285 758 3336 tecit
776 3286 887 3336 nomina
906 3291 989 3351 ponto

401 3358 430 3400 ot
449 3351 493 3416 qui
512 3351 688 3404 Chalcidicas
705 3353 845 3404 moderate
865 3355 960 3403 enauit
979 3352 1012 3402 ad
1032 3368 1120 3414 arces,

200 3419 252 3468 nisi
276 3424 305 3466 nt
328 3423 356 3468 ct
378 3425 507 3482 uegetam
529 3427 557 3468 et
579 3421 722 3472 sanImem
748 3421 922 3472 alacritatem
946 3427 1021 3470 tuam
1043 3422 1228 3472 temeritatem
1247 3437 1339 3484 uoces,

200 3501 241 3535 ure
265 3501 330 3536 uero
354 3492 381 3536 ct
403 3488 555 3538 consultum
578 3491 606 3538 et
629 3505 708 3553 quem
728 3489 798 3540 filius
816 3490 918 3538 debeat
935 3489 1036 3537 imitari
1062 3487 1177 3540 salutari
1195 3489 1347 3554 prudentia,

199 3555 352 3618 praeditum
371 3555 466 3604 dicas?
486 3557 556 3620 quod
576 3557 701 3621 equidem
720 3563 816 3606 contra
835 3561 885 3606 est.
922 3572 984 3606 nam
1003 3561 1033 3604 tu
1050 3571 1155 3608 summa
1173 3557 1212 3606 sic
1232 3558 1340 3622 appetis

200 3626 229 3671 ut
252 3637 305 3672 uon
329 3622 458 3686 dealdas,
490 3629 618 3674 senectus
642 3641 703 3675 mea
726 3625 794 3674 satis
817 3624 902 3674 habet
930 3624 953 3672 si
977 3624 1119 3674 consistat.
1160 3624 1231 3674 haec
1254 3625 1290 3674 ad
1312 3630 1339 3674 ts

198 3690 321 3739 breuiter
337 3697 366 3740 et
383 3691 459 3741 illico
477 3693 600 3757 rresperis
617 3693 692 3742 illius
710 3697 805 3742 secuto
823 3707 903 3740 mane
922 3691 1035 3741 dictaui.
1072 3692 1112 3740 ita
1131 3693 1202 3742 enim
1221 3691 1339 3742 tabella-

199 3759 255 3808 rius
279 3763 340 3808 tuus
364 3765 394 3807 ut
412 3759 558 3824 epistolam
577 3761 694 3810 referret
711 3761 843 3810 instabat.
879 3775 942 3808 nam
965 3759 988 3810 si
1006 3759 1073 3808 mihi
1090 3759 1174 3809 otium
1192 3760 1274 3810 tuerit
1293 3761 1339 3810 ob-

198 3825 341 3888 lectabile,
361 3827 501 3892 negotium
521 3829 573 3878 erit
592 3829 627 3878 ad
645 3833 672 3878 te
691 3827 822 3894 prolixius
840 3826 974 3892 delirare,
993 3832 1021 3876 te
1039 3832 1070 3876 ut
1088 3826 1206 3890 eliciam,
1226 3827 1293 3878 mihi
1311 3832 1340 3878 ut

198 3895 379 3944 satisfaciam.
416 3894 504 3944 vala’

283 3963 298 4010 2
317 3961 464 4013 Sallustius
477 3963 609 4026 Iugurtha
624 3963 668 4012 17:
690 3963 731 4013 ‘ln
744 3963 879 4012 diuisione
893 3963 966 4012 orbis
979 3967 1070 4012 terrae
1084 3962 1207 4028 plerIque
1220 3964 1248 4013 in
1260 3967 1338 4030 parte

198 4030 282 4080 tertIa
301 4031 422 4080 Africam
441 4047 567 4096 posuere,
586 4032 668 4097 pauci
687 4032 872 4081 tantummodo
891 4031 983 4080 Asiam
1003 4037 1031 4080 et
1046 4032 1182 4096 Europam
1203 4047 1272 4090 esse,
1291 4031 1340 4081 sed

198 4097 348 4148 Africam
340 4115 369 4148 m
388 4099 523 4164 Europa)
1383 4155 1388 4164 ,

282 4163 432 4216 GTacitus
455 4183 517 4217 ann.
537 4169 589 4218 XII
610 4165 652 4216 ll:
676 4167 759 4216 ‘Dein
778 4165 912 4216 Gotarzes
931 4167 1024 4216 morbo
1047 4167 1117 4217 obiit
1135 4167 1318 4232 accitusque'
1311 4183 1340 4217 ιιι

198 4249 311 4298 regnum
329 4227 459 4285 Vonones
478 4235 573 4285 Medos
595 4241 652 4284 tum
676 4234 845 4300 praesidens.
882 4234 959 4283 nulla
980 4234 1043 4283 huic
1067 4250 1197 4300 prospera
1221 4241 1269 4283 aut
1292 4235 1340 4284 ad·

198 4315 279 4350 uersa
298 4302 358 4366 quis
382 4309 593 4352 memoraretur.
618 4304 696 4353 breui
721 4309 749 4352 et
767 4302 909 4366 inglorio
902 4303 1016 4366 imperio
1034 4303 1194 4366 perfunctus
1213 4307 1263 4364 est,
1284 4317 1339 4352 res·

199 4383 251 4433 que
268 4369 457 4418 Parthorum
449 4386 478 4419 ιιι
496 4370 581 4420 filium
599 4371 657 4421 eius
676 4371 833 4436 Vologesen
851 4368 1024 4420 translatae.l

283 4435 428 4488 ISolinus
451 4439 542 4503 polyb.
566 4437 632 4506 Dp.
660 4437 690 4489 19
712 4439 750 4488 D.
776 4438 906 4490 Macedo
929 4437 1109 4490 Deucalionis
1132 4442 1271 4492 maternus
1292 4454 1339 4492 aa·
