3190 5098
239 377 301 440 382
352 396 353 402 ¹
574 395 797 446 osressrronrs
819 396 1044 438 svnrcnraaar

238 547 433 608 XXXVIIII
452 557 486 610 22
506 548 584 607 haec
608 547 766 624 leguntur:
799 557 959 622 apparatos
979 553 1079 608 deinde
1100 553 1182 607 ludos
1197 551 1236 606 M.
1256 551 1380 606 Fuluius

238 669 309 724 quos
327 659 449 708 uouerat
469 652 594 709 Aetolico
609 653 679 708 betto
692 651 774 722 sccii.
809 655 891 708 multi
904 654 1031 723 artifices
1045 668 1084 708 erc
1100 653 1221 708 Graecia
1239 659 1380 708 uerierunt

238 755 355 811 honoris
370 757 432 810 cius
450 770 550 812 creusa.
582 755 756 810 athletarum
773 769 884 825 quoquc
898 761 1044 809 certamen
1059 760 1116 808 tum
1131 757 1227 826 primo
1242 755 1380 810 Romanis

238 857 402 927 spectaculo
411 855 470 926 suit
483 874 509 914 e.
523 875 552 933 q.
565 875 588 913 s.
615 855 743 933 primum
756 853 867 914 deinde
883 854 1017 913 manavit
1029 873 1066 912 ex
1080 853 1156 912 libro
1169 854 1242 926 XX,
1258 853 1379 912 tertium
1417 857 1422 867 '

240 976 277 1014 ex
292 955 368 1014 libro
386 955 490 1028 LXII,
507 965 656 1034 quartum,
678 977 744 1014 curn
761 956 904 1015 terminos
916 955 1037 1015 Liuiani
1053 956 1153 1033 operis
1171 956 1310 1028 excedat,
1327 937 1378 1014 de·

238 1058 326 1118 betur
349 1056 453 1116 Aufidi
469 1057 559 1116 Bassi
575 1057 659 1116 libris
677 1078 694 1114 o
710 1062 768 1132 fine
787 1061 844 1116 Titi
859 1061 928 1117 Liui.

324 1161 465 1237 Rogems
486 1178 559 1217 vero
578 1158 790 1218 Wendoverus
813 1193 854 1204 -
873 1159 953 1218 hunc
977 1162 1056 1219 enirn
1072 1159 1103 1218 in
1119 1159 1276 1218 historiam
1295 1177 1380 1216 suam

238 1265 383 1322 maiorem
405 1260 633 1339 transcripsisse
651 1259 773 1319 videtur
793 1261 966 1320 Matthaeus
991 1262 1142 1334 Parisios,
1166 1279 1254 1341 quem
1276 1280 1379 1318 rursus

239 1373 393 1425 auctorem
414 1371 536 1423 secutus
549 1371 620 1434 est,
644 1361 695 1440 qui
710 1363 793 1422 eolus
809 1362 848 1422 de
869 1363 963 1422 tribus
978 1363 1025 1421 his
1045 1360 1282 1440 chrondgraphis
1298 1361 1379 1440 typis

240 1467 410 1546 descriptus
432 1473 493 1539 est,
515 1464 690 1524 Matthaeus
706 1463 1043 1524 Westmonasteriensis
1066 1462 1096 1522 in
1115 1461 1192 1521 libro
1209 1463 1380 1538 cognomini

238 1570 432 1646 Rogerianae
451 1567 596 1626 historiae
615 1601 654 1610 -
670 1575 792 1644 praeter
808 1573 952 1643 excerpta
970 1563 1159 1643 Hieronymo
1181 1564 1284 1624 debita
1304 1563 1379 1623 diras

239 1669 413 1729 notationes
427 1667 537 1740 habet,
558 1667 668 1746 quibus
686 1675 823 1746 tempora
835 1665 929 1741 Trogi
942 1667 1070 1745 Pompei
1089 1676 1120 1725 et
1133 1666 1237 1726 Valeri
1254 1666 1378 1724 Maximi

240 1771 440 1830 definiuntur:
467 1781 489 1831 l.
507 1789 583 1829 anno
600 1775 715 1829 diuinae
730 1772 939 1828 incarnationis
955 1774 985 1840 9,
1004 1770 1128 1827 Caesare
1148 1775 1274 1844 Aupusto
1291 1774 1378 1842 impe-

239 1877 278 1930 rii
296 1877 344 1931 sui
367 1879 405 1930 51
425 1881 526 1947 operte
547 1893 654 1931 annum
680 1875 790 1947 Tropus
807 1873 959 1942 Pompeius
976 1873 1113 1928 chronico
1132 1889 1187 1930 suo
1206 1874 1378 1940 urrunnun,

238 1979 268 2032 in
287 1978 388 2049 quibus
402 1979 488 2049 quini
500 1981 600 2036 mundi
608 1978 763 2050 praetenti
775 1991 891 2031 cursum
908 1977 948 2031 ud
961 1979 1124 2032 memorium
1136 1983 1317 2049 posterorum
1333 1991 1379 2030 re-

238 2082 332 2154 dugcr't.
362 2081 401 2134 itu
423 2095 546 2151 numquis
564 2080 759 2136 Romanorum
779 2093 839 2133 rem
854 2077 1042 2148 prrblicomct
1059 2097 1142 2135 urnro
1158 2079 1379 2152 praeconsulto

239 2183 296 2238 tote
316 2197 371 2252 per
386 2183 480 2238 orbern
500 2188 645 2238 terrarum
666 2181 838 2238 circumtulit
853 2180 889 2234 ob
904 2180 982 2236 initio
998 2197 1087 2252 usquc
1105 2183 1297 2252 adpraesens
1311 2187 1378 2235 tcm-

237 2300 294 2355 pus
315 2286 515 2356 prosequitur,
537 2291 567 2339 ut
587 2287 637 2356 qui
658 2299 705 2340 res
725 2285 786 2337 cius
809 2283 915 2352 reperet
929 2283 968 2338 ort
982 2285 1202 2340 construendum
1219 2283 1377 2338 Romanum

238 2389 389 2458 imperium
406 2387 540 2442 uirtutem
566 2394 593 2441 ot
613 2387 763 2458 sortrrnum
787 2385 878 2439 discut
900 2386 1087 2440 contendisse.
1118 2391 1143 2442 2.
1165 2401 1241 2440 anno
1264 2385 1379 2440 diuinae

239 2490 446 2546 insurrectionis
467 2491 500 2543 19
522 2487 654 2544 Valerius
665 2485 915 2557 historiopruplrus
938 2485 1134 2542 Romanorum
1156 2488 1233 2543 dicto
1251 2487 1378 2557 descrip-

237 2595 274 2648 sit
291 2597 318 2647 et
334 2589 427 2662 suctu.
538 2575 540 2581 ¹

325 2688 553 2749 Gutschmidius
576 2690 667 2767 igitur
690 2688 720 2746 in
744 2685 819 2745 libro
842 2684 879 2743 de
897 2685 1077 2764 fragmentie'
1093 2689 1187 2766 Trogi
1204 2689 1331 2768 Pompei
1348 2709 1377 2767 p.

239 2799 292 2853 260
304 2811 371 2870 sqq.
388 2789 443 2848 hos
460 2799 626 2869 computos,
645 2789 723 2871 quod
737 2787 774 2847 ad
788 2789 949 2846 veritatem
962 2788 1041 2846 curis
1058 2787 1213 2850 docturum
1225 2791 1378 2851 hominum

239 2891 455 2968 investigatam
468 2891 604 2969 proxime
621 2890 818 2960 accederent,
835 2887 874 2948 ab
888 2888 1059 2948 bominibus
1076 2889 1142 2950 istis
1158 2891 1263 2950 harum
1279 2913 1379 2951 rerum

239 2993 461 3070 inperitissimis
483 2993 613 3050 inveniri
634 3013 694 3052 non
711 2993 848 3072 potuisse
871 3010 925 3048 suo
946 2991 1011 3051 iure
1035 2993 1198 3053 contendit.
1243 2994 1302 3052 iam
1327 2994 1378 3052 tri·

238 3094 312 3174 plex
330 3095 358 3151 ei
382 3095 433 3153 via
454 3103 560 3173 patere
581 3094 647 3154 visa
669 3103 730 3166 est,
757 3113 818 3175 qua
839 3077 994 3171 potuerint
1015 3091 1053 3150 ad
1069 3091 1186 3170 Anglos
1209 3093 1278 3154 illos
1305 3094 1379 3154 talia

240 3196 416 3276 pervenire:
447 3203 499 3254 aut
515 3215 586 3254 usos
606 3215 658 3255 eoo
681 3216 749 3256 esse
766 3195 851 3255 libris
867 3192 963 3270 Trogi
984 3193 1014 3252 id
1035 3203 1081 3253 est
1099 3195 1213 3254 Justini
1229 3205 1259 3256 et
1274 3197 1379 3255 Valeri

239 3297 365 3357 Maximi
390 3296 420 3355 in
438 3295 547 3376 quibus
565 3296 643 3356 haec
664 3299 789 3358 notitiae
810 3298 999 3374 legerentur,
1020 3304 1070 3354 ant
1087 3306 1209 3374 praesto
1224 3300 1268 3357 eis
1283 3300 1378 3357 fuisse

239 3399 393 3479 pleniores
411 3399 593 3480 Hieronymi
611 3399 750 3472 codices,
770 3410 820 3459 aut
845 3398 976 3477 denique
994 3395 1103 3455 librum
1123 3399 1274 3478 quendam
1298 3401 1376 3459 viro-

239 3509 304 3561 ru'm
328 3501 499 3560 inlustrium
521 3521 572 3561 eos
597 3501 782 3566 adhibuisse.
826 3501 864 3560 ad
890 3495 1068 3560 Suetonium
1088 3494 1211 3577 quidem
1233 3510 1266 3560 ut
1294 3501 1379 3561 nulla

240 3601 388 3662 dubitatio
420 3603 459 3661 sit
488 3603 554 3662 sola
582 3598 679 3662 alte'ra
705 3608 757 3665 via
788 3605 938 3664 ducimur:
978 3602 1032 3660 sed
1060 3605 1140 3662 omni
1162 3603 1377 3682 probabilitate

241 3713 338 3776 caret,
366 3704 484 3782 plenius
500 3705 681 3784 Hieronymi
710 3705 873 3765 chronicon
895 3702 934 3762 ab
952 3703 1061 3780 Anglis
1085 3703 1267 3778 adhibitum,
1293 3706 1378 3764 cuius

239 3806 439 3884 antiquissimi
454 3805 523 3864 libri
541 3805 640 3865 adhuc
657 3827 747 3886 super
765 3807 839 3878 sint,
862 3806 921 3865 nisi
945 3804 1024 3864 forte
1045 3804 1184 3883 pleniora
1198 3807 1378 3888 Hieronymi

240 3905 381 3986 exempla
409 3905 550 3966 dicuntur
576 3907 718 3966 chronica
742 3907 834 3968 medii
856 3909 942 3980 aevi,
965 3927 1090 3986 quornm
1117 3907 1227 3967 fundus
1255 3908 1378 3989 quidem

239 4009 498 4086 Hieronymicnus
524 4016 585 4080 est,
614 4009 669 4069 sed
696 4007 804 4088 quibus
826 4008 975 4090 pleraque
998 4010 1058 4070 alia
1085 4029 1165 4089 quae
1188 4010 1264 4069 scitu
1286 4007 1378 4086 digna

239 4110 307 4170 visa
329 4117 433 4168 essent
455 4109 701 4170 inmiscebsntur.
733 4131 790 4170 nec
810 4111 1039 4172 Gutschmidins
1056 4113 1135 4172 hanc
1155 4112 1236 4170 viam
1259 4108 1377 4188 ingredi

184 4265 191 4278 ,
239 4212 345 4271 voluit.
376 4212 449 4270 item
463 4212 624 4292 inprobata
639 4224 686 4272 est
706 4215 735 4272 ei
757 4214 847 4272 tertia
865 4215 930 4285 via,
956 4233 1022 4274 cunr
1046 4214 1187 4294 antiquus
1208 4212 1378 4270 inlustrium

238 4312 371 4372 virorum
396 4314 473 4373 liber
494 4315 594 4374 nullus
621 4327 765 4395 quantum
789 4317 919 4374 sciamus
946 4316 1037 4374 fuerit
1058 4315 1110 4394 qui
1135 4323 1257 4394 praesto
1283 4313 1377 4372 fuisse

240 4411 358 4472 dicatur
371 4414 542 4476 hominibus
562 4417 644 4477 illius
660 4418 781 4478 aetatis.
801 4426 896 4476 restat
917 4419 1014 4496 prima
1027 4418 1105 4477 ratio
1128 4437 1225 4498 eaque
1247 4416 1377 4476 maxime

1571 385 1576 656 l
