3162 5058
523 411 697 456 versones
720 411 959 454 nrnrnnnumas
1251 397 1313 460 285

257 575 464 624 escensana
490 569 523 624 et
546 565 755 641 susurrores]
784 567 937 646 properat
960 559 1016 644 qni
1036 579 1137 622 unum
1161 558 1312 646 quodque

173 669 297 728 mature
316 663 486 748 transigit3
509 662 645 726 festinat
665 663 720 748 qui
741 660 837 725 simul
853 660 956 724 multa
970 660 1085 745 incipit
1100 679 1160 724 nec
1175 657 1313 744 perfiniti

172 819 202 866 in
224 817 347 883 prodigio
370 818 561 866 detrimentum
580 813 771 883 significatur)
812 815 916 864 Nonius
939 831 966 880 p.
990 811 1040 862 429
1059 828 1113 878 sq.:
1134 813 1267 862 ‘Monstra
1286 817 1313 864 et

173 892 280 936 ostenta
298 885 425 936 similiter
441 885 652 950 intelleguntur,
672 885 743 950 quod
760 883 923 940 inminentia
941 886 1093 932 monstrent
1111 887 1139 930 et
1156 881 1312 931 ostendant.

173 969 251 1004 omen
268 969 335 1004 uero
353 959 446 1004 uotum
465 959 508 1003 est
525 955 624 1003 mentis
639 958 666 1002 et
679 953 767 1013 uocis,
786 951 857 1001 unde
871 949 1092 1000 sacrificantibus
1104 949 1217 1000 dicitur:
1235 951 1313 999 Bona

173 1022 263 1071 omina
280 1021 396 1080 habete,
421 1021 448 1070 id
473 1026 516 1072 est
537 1027 567 1070 ut
590 1021 800 1070 circumstantes
825 1023 852 1068 et
875 1022 965 1066 mente
989 1021 1067 1067 recta
1089 1017 1176 1066 uelint
1195 1024 1223 1065 et
1240 1017 1314 1066 bona
1408 1021 1412 1030 “

172 1090 262 1138 oribus
280 1089 434 1154 proferant.
470 1093 626 1153 portentum
643 1087 801 1138 nouaclum
821 1086 890 1150 qnol
909 1085 1064 1150 portendat,
1083 1085 1133 1134 sed
1146 1084 1215 1149 qnod
1230 1086 1314 1134 etiam

173 1153 300 1222 adportet
318 1163 346 1206 et
364 1157 452 1206 saciat
471 1173 504 1206 ex
522 1157 564 1206 his
583 1155 831 1222 significationibus
851 1153 961 1218 quaein
975 1153 1105 1218 auspiciis
1127 1153 1249 1218 auguriis
1268 1169 1313 1203 cr·

172 1224 290 1290 tispiciis
312 1224 500 1274 ostenduntur.
540 1224 692 1289 prodigium
716 1226 807 1273 autem
831 1237 940 1286 semper
961 1221 1107 1284 pessimum
1132 1225 1187 1282 est,
1211 1222 1313 1271 dictum
1334 1221 1339 1232 '

173 1293 248 1357 quasi
268 1307 349 1358 porro
368 1292 542 1358 adigendum.
578 1291 711 1356 Virgilius
728 1290 776 1340 lib.
795 1289 847 1338 111:
872 1288 937 1338 Sola
955 1303 1054 1337 nouum
1079 1289 1208 1353 dictuque
1232 1291 1315 1338 netas

172 1361 298 1426 Harpyia
317 1359 439 1410 Celaeno
458 1360 615 1426 Prodigium
633 1359 709 1408 canit
728 1364 756 1408 et
773 1357 866 1406 tristes
884 1355 1030 1405 denuntiet
1051 1354 1127 1406 iras.⁸
1163 1357 1267 1406 Nonius
1286 1371 1312 1421 p.

170 1425 220 1478 435
238 1443 294 1493 sq.:
314 1429 447 1478 ‘Monstra
466 1433 493 1476 et
510 1427 637 1493 prodigia
656 1431 684 1476 et
696 1429 825 1492 portenta
837 1424 889 1473 hoc
902 1423 1014 1484 distant,
1034 1425 1103 1488 quod
1117 1430 1180 1472 sunt
1192 1431 1314 1474 monstra

172 1501 324 1545 ostentant
342 1495 445 1545 monita
464 1495 583 1544 deorum.
615 1493 748 1558 Virgilius
759 1492 806 1542 lib.
819 1493 874 1541 Ill:
894 1491 1067 1555 Primumque
1081 1499 1224 1556 parentem
1237 1495 1314 1542 lllon·

171 1571 228 1614 stra
246 1563 328 1612 deum
347 1564 446 1614 refero.
483 1563 608 1627 prodigia
626 1561 738 1611 deorum
755 1561 846 1609 minae
866 1558 911 1610 uel
929 1560 996 1608 irae.
1030 1560 1104 1624 l'irg.
1116 1562 1184 1608 Aen.
1199 1559 1247 1609 lib.
1258 1560 1312 1610 111:

171 1631 236 1682 Sola
254 1646 353 1680 nonum
372 1631 499 1694 dictuque
518 1631 599 1680 notas
616 1629 743 1694 Harpyia
761 1627 865 1677 Celeno
878 1625 1034 1691 Prodigium
1054 1629 1137 1676 canit.
1163 1635 1190 1675 et
1202 1627 1312 1676 {inv-1:

170 1699 309 1764 Prodigiis
329 1699 384 1748 acti
403 1699 569 1748 caelestibus
593 1712 656 1747 ossa
673 1696 796 1762 piabunt.
832 1700 961 1760 portenta
979 1699 1102 1757 ostenta,
1122 1711 1193 1759 quae
1212 1695 1315 1760 aliquid

170 1767 306 1816 inminere
325 1767 491 1832 significant.
528 1764 650 1815 Lucilius
668 1765 716 1814 lib.
736 1764 838 1812 XXVI:
858 1763 918 1812 Nisi
940 1771 1068 1828 portenta
1092 1765 1243 1828 auguisque
1267 1779 1314 1814 uo-

170 1835 262 1884 lucres
282 1849 316 1883 ac
334 1833 462 1900 pinnatos
480 1832 621 1883 scribitis)
657 1832 757 1882 Festus
775 1848 801 1896 p.
823 1829 883 1880 138:
909 1831 1068 1879 ‘Monstrum
1086 1838 1115 1880 nt
1134 1831 1227 1881 Aelius
1246 1831 1315 1881 Stilo

170 1903 370 1967 interpretatur
399 1918 415 1950 a
441 1901 575 1952 monendo
604 1901 705 1950 dictum
735 1904 777 1948 est
798 1898 875 1948 uelut
901 1903 1074 1948 monestrum.
1115 1900 1180 1948 item
1204 1899 1315 1950 Sinnius

172 1969 274 2034 Capito
299 1967 369 2033 quod
397 1973 529 2018 monstret
559 1967 679 2018 futurum
703 1971 731 2016 et
753 1972 865 2016 moneat
887 1966 1057 2016 uoluntatem
1081 1967 1203 2016 deornm.
1244 1969 1315 2032 quod

171 2038 257 2087 etiam
276 2037 430 2102 prodigiam
448 2036 523 2086 uelut
540 2035 710 2101 praedictum
729 2033 747 2099 †
767 2039 794 2084 et
813 2034 890 2098 qrrasi
909 2035 1093 2098 praedictum,
1118 2035 1186 2100 quod
1206 2036 1314 2100 praedi·

171 2113 219 2154 cat
238 2105 347 2166 eadem,
366 2109 394 2153 et
412 2108 581 2170 portentum,
601 2103 671 2168 quod
690 2103 837 2168 portendat
857 2107 884 2150 et
902 2101 1049 2166 significet.
1073 2101 1137 2151 iude
1156 2103 1211 2152 dici
1230 2119 1315 2168 appa·

170 2177 214 2222 ret
231 2173 260 2222 id
280 2176 413 2238 quartum,
434 2173 503 2237 quod
523 2171 588 2220 milri
602 2172 688 2220 uisam
703 2177 745 2219 est
764 2169 946 2230 adiciendum,
966 2171 1128 2233 praesertim
1141 2186 1201 2220 cum
1216 2187 1248 2220 ex
1268 2187 1314 2221 ea·

170 2241 234 2289 dem
253 2239 457 2304 significatione
476 2239 597 2304 pendeat
616 2245 643 2289 et
661 2239 689 2288 in
707 2243 833 2304 promptu
851 2237 887 2286 sit
904 2237 1042 2298 omnibus,
1061 2237 1088 2285 id
1108 2245 1150 2286 est
1168 2244 1314 2302 ostentum,

171 2308 244 2374 qnod
261 2308 328 2358 item
348 2308 382 2356 ab
402 2307 570 2357 ostendendo
594 2307 696 2355 dictum
725 2313 766 2354 est
790 2304 861 2368 apud
885 2301 1031 2353 auctores!
1066 2305 1168 2354 Paulus
1188 2307 1264 2354 Festi
1287 2323 1313 2371 p.

173 2375 236 2424 140:
260 2377 420 2425 ‘Monstrum
438 2376 538 2424 dictum
557 2375 634 2423 uelut
651 2379 825 2433 monestrum,
846 2371 916 2436 quod
934 2375 1045 2421 moneat
1064 2371 1168 2436 aliquid
1186 2373 1314 2434 futurum,

170 2443 327 2510 prodigium
345 2442 421 2492 uelut
438 2443 618 2508 praediolum,
637 2442 708 2506 qnod
725 2441 878 2506 praedicat,
901 2445 1057 2504 portentum
1076 2440 1146 2504 quod
1159 2441 1314 2505 portendat,

170 2515 310 2561 ostentum
330 2511 400 2575 quod
419 2508 565 2559 ostendat.²

258 2579 411 2642 Properate
436 2584 463 2627 et
485 2573 630 2642 festinare]
655 2575 761 2626 Gellius
782 2575 847 2624 XVI
873 2573 916 2624 14:
942 2573 1102 2625 ‘Festinarc
1122 2579 1149 2625 et
1167 2591 1315 2641 properare

171 2647 245 2696 idem
264 2645 424 2710 significare
448 2651 530 2710 atque
555 2647 581 2694 iu
606 2645 721 2694 eandem
744 2659 800 2692 rem
825 2643 880 2691 dici
903 2642 1038 2692 uidentur.
1076 2643 1123 2692 sed
1143 2646 1178 2693 Μ.
1199 2645 1269 2693 Cato
1288 2643 1315 2694 id

171 2713 285 2762 differre
305 2714 446 2762 existimat
469 2729 557 2777 eaque
580 2713 632 2762 hoc
655 2711 734 2760 modo
752 2711 841 2760 diuisa
863 2737 896 2745 -
914 2711 1000 2760 narba
1018 2717 1081 2760 sunt
1098 2712 1184 2776 ipsius
1203 2729 1236 2761 ex
1254 2727 1314 2762 ora·

171 2782 249 2832 tione
263 2795 344 2846 qnam
363 2781 397 2830 do
410 2781 465 2830 suis
483 2781 630 2830 uirtutibus
649 2779 745 2828 habirit
758 2795 803 2827 -ε
823 2779 903 2828 atiud
923 2786 965 2828 est
983 2793 1131 2844 properare
1151 2779 1225 2829 aliud
1236 2781 1315 2830 testiu

171 2863 256 2908 nare;
293 2850 338 2914 qui
356 2864 437 2898 nuum
463 2849 526 2912 qaid
547 2853 653 2896 mature
672 2847 801 2912 transigit
824 2847 847 2895 is
870 2852 1013 2911 properat,
1039 2848 1084 2911 qni
1108 2847 1193 2897 multa
1218 2849 1316 2914 incipit

171 2931 264 2981 neque
286 2915 396 2982 perficit
419 2918 443 2965 is
467 2916 591 2965 festinat.
627 2915 739 2964 Verrius
755 2914 873 2963 Flaccus
891 2914 1025 2963 rationem
1044 2915 1136 2965 dicero
1150 2916 1244 2966 nolens
1263 2917 1315 2966 dil-

171 2985 314 3035 iersntiae
332 2983 424 3033 huius:
444 2983 581 3046 Festinat,
600 2983 696 3046 inquit,
716 2997 732 3032 a
752 2983 836 3031 fendo
853 2982 961 3044 dicitnr,
981 2984 1107 3046 quoniam
1126 2984 1172 3033 istr
1191 2985 1316 3050 igneolo-

171 3068 233 3114 res,
259 3052 305 3116 qui
327 3051 396 3100 nihil
418 3051 551 3128 perficere
574 3055 700 3115 possunt,
725 3049 784 3114 plus
812 3050 956 3098 uerborum
979 3065 1058 3115 quam
1079 3067 1179 3116 operae
1202 3052 1316 3103 habent.

171 3119 225 3170 sed
243 3120 272 3168 id
290 3120 370 3168 nimis
388 3125 515 3168 coactum
534 3125 615 3182 atque
635 3117 780 3166 absurdum
799 3117 907 3166 uidetur
924 3133 1013 3182 neque
1026 3121 1096 3167 tanti
1114 3133 1175 3169 esse
1186 3123 1315 3171 momenti

171 3191 268 3254 potest
285 3188 374 3252 prima
392 3188 420 3235 in
439 3191 552 3252 utroque
570 3185 656 3234 irerbo
674 3185 763 3246 litera,
783 3191 812 3234 ut
830 3193 942 3250 propter
960 3201 1111 3236 eamrrnem
1131 3193 1187 3236 tarn
1206 3189 1315 3238 diuersa

171 3255 263 3304 uerba
285 3256 419 3320 festinare
443 3260 471 3304 ct
494 3255 548 3304 tari
567 3254 663 3304 eadem
681 3253 769 3303 uideri
795 3253 924 3303 debeant.
961 3254 1126 3304 commodius
1145 3262 1236 3304 autern
1255 3269 1315 3321 pro·

172 3325 291 3389 piusque
310 3323 396 3372 nisum
416 3327 471 3384 est,
495 3322 628 3372 festinare
652 3337 713 3370 esse
737 3321 815 3384 quasi
840 3322 941 3371 fessum
964 3337 1034 3371 esse.
1079 3337 1142 3371 nam
1161 3323 1206 3387 qui
1225 3324 1316 3372 multis

171 3390 256 3440 simul
274 3391 356 3440 rebus
374 3390 553 3456 properandis
566 3389 691 3438 defessus
710 3395 765 3449 est,
784 3389 807 3438 is
826 3389 881 3438 iarn
899 3405 954 3438 non
972 3396 1101 3454 properat
1119 3395 1162 3439 set
1181 3387 1315 3440 festinat!

171 3459 279 3508 Nonius
297 3475 322 3524 p.
341 3457 406 3522 4413
425 3458 580 3506 ‘Festinare
600 3463 627 3505 ct
645 3470 792 3521 properare
810 3463 920 3506 ueteres
938 3457 1083 3506 uoluerant
1097 3457 1198 3506 habero
1211 3459 1315 3507 ‹listen-

173 3528 253 3575 tiam.
290 3525 360 3576 Cato
379 3527 503 3575 oratione
523 3525 654 3589 quamde
674 3525 730 3574 suis
747 3525 895 3574 uirtutibus
913 3525 1035 3574 scribsit:
1060 3524 1139 3574 Aliud
1159 3531 1200 3574 est
1218 3541 1315 3590 prope-

172 3609 237 3644 rare
257 3593 331 3642 aliud
349 3594 496 3643 festinare:
522 3593 568 3656 qui
590 3607 672 3641 unum
696 3591 759 3656 quid
781 3596 888 3641 mature
912 3593 1040 3656 transigit
1062 3592 1085 3640 is
1103 3599 1246 3657 properat,
1271 3591 1317 3658 qni

172 3660 263 3711 multa
281 3660 360 3710 simul
383 3661 481 3726 incipit
503 3675 592 3724 neque
610 3659 717 3724 perlicit
740 3660 864 3710 festinat.
906 3673 998 3708 uerum
1021 3663 1195 3724 utrorumque
1219 3661 1316 3710 nerbo-

172 3743 234 3780 rum
252 3729 324 3778 ratio
341 3730 392 3778 sub
410 3729 462 3778 trac
481 3727 669 3792 significantia
686 3742 817 3792 proxuma
836 3732 878 3776 est
895 3727 1017 3788 ueritati,
1036 3733 1067 3775 nt
1079 3727 1116 3776 sit
1128 3743 1213 3794 saepe
1232 3729 1317 3778 animi

172 3811 324 3863 properare
343 3797 465 3846 studiose
485 3797 580 3845 adres
600 3796 708 3860 aliquas
720 3795 920 3856 contendentis,
939 3795 1073 3844 festinare
1092 3809 1203 3862 corpore
1221 3811 1316 3847 neces·

173 3865 306 3914 sitatibus
328 3863 507 3928 obsequendi.
548 3864 623 3928 Virg.
646 3862 694 3911 lib.
719 3864 787 3912 llll:
811 3863 848 3911 Et
870 3862 966 3912 mediis
989 3877 1121 3928 properas
1146 3864 1317 3928 aquilonibus

172 3934 216 3982 ire
239 3947 289 3997 per
312 3933 406 3982 altum.
442 3931 514 3980 idern
531 3932 599 3983 Aen.
623 3930 670 3979 lib.
690 3931 730 3980 11:
749 3931 893 3980 Festinate
912 3931 973 3980 uiri.
1009 3947 1072 3980 nem
1091 3947 1161 3996 quae
1180 3939 1317 3982 temsera

173 4006 297 4050 moratur
321 3997 491 4066 Segnitiesi’
525 4000 538 4048 1
561 3997 624 4048 440:
656 3999 778 4048 ‘Marcus
802 3999 872 4047 Cato
896 4001 936 4048 sic
959 3999 1102 4064 distinguit
1124 4000 1234 4050 dicens:
1263 4001 1317 4062 Qui

173 4067 385 4132 unumquodque
405 4072 510 4117 mature
530 4067 659 4131 transigit
677 4067 701 4115 is
719 4071 863 4132 properat;
888 4067 933 4130 qui
952 4067 1039 4117 multa
1056 4067 1135 4116 simul
1154 4069 1252 4134 incipit
1270 4083 1316 4118 ne·

175 4150 230 4201 que
248 4134 357 4200 perficit
375 4136 398 4184 is
418 4136 547 4184 festinat:
579 4149 630 4200 ego
648 4135 855 4199 unumquodque
875 4135 944 4198 quod
965 4135 1076 4184 adortus
1095 4151 1168 4184 cram
1183 4137 1316 4198 transige·

174 4201 260 4252 bam'
279 4230 313 4239 —
346 4203 446 4252 Festus
469 4219 495 4268 p.
518 4201 582 4253 234:
602 4213 630 4250 'a
648 4219 664 4251 a
682 4221 698 4252 s
717 4203 789 4266 apud
812 4203 945 4251 Catonern
969 4201 996 4251 in
1021 4217 1142 4267 eaquae
1162 4195 1319 4255 estcontro

174 4269 323 4320 Thermum
342 4271 376 4322 de
395 4272 452 4320 suis
473 4269 634 4321 uirtutibus:
658 4271 738 4321 Aliud
754 4274 798 4320 est
820 4284 968 4335 properare
988 4270 1061 4320 alind
1090 4271 1236 4334 lostinare;
1272 4273 1319 4339 qui

262 4435 280 4488 n
297 4425 455 4504 transsigit
466 4425 500 4484 M
