3162 5058
249 367 310 433 352
525 382 720 428 cauuacnvu
743 383 909 426 uruucuvu
933 383 1108 432 aaarevrau

249 533 328 581 bouis
347 532 403 582 suis
421 530 549 582 heredem
569 532 644 581 iecit.
681 532 714 582 ob
734 531 761 582 id
778 533 904 582 meritum
922 532 1060 582 aflaminc
1073 532 1210 594 Quirinali
1225 531 1389 582 sacrificium

250 600 274 648 ei
294 599 403 664 publice
422 599 452 648 iit
470 603 498 648 et
516 599 576 648 dies
595 616 609 646 e
628 601 737 648 nomine
757 599 814 648 eius
833 601 861 648 in
880 601 965 650 fastos
985 601 1103 650 additus.
1140 601 1186 648 scd
1201 599 1319 648 Sabinus
1332 602 1388 650 Ma-

249 668 337 716 surius
359 667 497 731 iu'primo
521 667 719 716 memorialium
744 673 852 716 secutos
871 668 1001 734 quosdam
1021 667 1153 718 historiae
1172 669 1320 732 scriptores
1339 669 1389 717 Ac-

250 751 309 784 cam
328 735 488 788 Larentiam
502 734 611 784 Romuli
628 736 762 784 nutricem
776 735 861 784 irrisae.
874 735 950 784 dicit
980 751 1023 794 ea,
1049 735 1145 800 iuquit,
1165 736 1263 784 mulier
1281 737 1389 784 exdrro-

249 802 336 851 decim
357 801 421 850 tiliis
440 803 560 852 trieribus
578 817 659 850 rmum
678 809 763 850 urorte
783 803 882 854 amisit.
918 803 946 852 in
966 801 1039 852 iilius
1056 803 1145 852 iocum
1156 802 1286 851 Romulus
1298 803 1390 852 Accae

249 884 310 918 sese
329 869 413 920 filium
433 869 610 932 deditaeque
635 875 664 918 ct
689 874 795 918 (tereres
814 871 872 920 eius
891 869 961 918 fillos
980 871 1081 920 iratres
1099 870 1209 920 arualcs
1229 871 1390 934 appellauit.

249 951 282 994 aa
307 953 340 986 eo
362 945 482 1002 tempore
507 937 653 998 collegium
676 938 778 986 mansit
802 938 917 988 fratrum
941 937 1076 988 arualium
1103 953 1214 988 nurnero
1237 938 1389 998 duodecim,

248 1006 326 1054 cuius
344 1003 492 1054 sacerdotii
512 1004 619 1069 insigne
639 1009 681 1053 est
698 1005 793 1068 spicea
812 1019 912 1054 corona
931 1011 958 1054 et
977 1005 1058 1054 albae
1072 1003 1197 1056 insulae'
1232 1007 1390 1058 Macrobius

248 1077 300 1122 sat.
319 1073 332 1120 1
354 1071 392 1130 tu,
415 1071 528 1136 ilsqq.:
548 1073 672 1122 ‘Decimo
691 1071 832 1120 Kalendas
850 1073 937 1122 feriae
957 1079 1019 1122 sunt
1038 1075 1109 1122 louis
1127 1088 1198 1136 qtrae
1217 1073 1390 1137 appellantur

248 1140 457 1200 laurentinalia,
486 1139 519 1190 de
544 1140 642 1204 quibus
666 1140 731 1203 quia
754 1140 874 1188 fabulari
899 1139 966 1189 libet
989 1141 1041 1190 hac
1067 1141 1125 1189 iere
1150 1141 1293 1205 opiniones
1317 1145 1389 1189 stant.

250 1207 342 1256 ierunt
361 1209 432 1256 enirn
451 1212 585 1272 regnante
599 1209 674 1258 Anco
693 1205 833 1256 aedituum
847 1206 974 1258 Herculis
993 1223 1042 1272 per
1060 1209 1145 1274 serias
1164 1209 1297 1272 otiantem
1310 1208 1389 1258 deum

249 1277 362 1324 tesseris
386 1289 552 1340 prouocasse
581 1274 640 1339 ipso
664 1273 805 1338 utriusque
829 1290 938 1324 manum
961 1281 1055 1324 tuente
1086 1276 1199 1325 adiecta
1221 1275 1389 1335 conditione,

249 1347 279 1390 ut
302 1343 393 1392 uictus
421 1359 508 1392 coena
537 1347 682 1408 scortoque
709 1341 880 1391 multaretur.
921 1343 1028 1394 uictore
1051 1344 1144 1406 itaque
1169 1343 1288 1392 Hercule
1314 1343 1389 1392 illam

249 1411 350 1460 Accam
369 1411 530 1460 Larentiam
548 1409 749 1458 nobilissimum
773 1409 800 1458 id
819 1410 950 1474 temporis
968 1415 1087 1460 scortum
1101 1411 1173 1458 intra
1188 1410 1284 1459 aedem
1303 1411 1389 1459 inclu-

247 1477 317 1528 sisse
337 1493 397 1526 cum
418 1493 504 1528 coena
523 1493 636 1542 eamque
655 1483 765 1542 postero
783 1477 828 1526 die
847 1477 987 1530 distulisse
1000 1493 1142 1536 rumorem,
1163 1478 1234 1542 qnod
1246 1483 1308 1544 post
1327 1494 1389 1526 cen·

249 1545 370 1594 cubitum
394 1545 438 1593 dci
464 1545 621 1608 accepisset
640 1557 748 1603 maanus,
775 1561 808 1594 ne
828 1545 997 1594 conunodum
1020 1546 1125 1611 primae
1150 1546 1305 1595 occasionis
1328 1561 1389 1594 eum

248 1629 277 1660 se
291 1613 398 1662 domurn
417 1613 555 1676 reciperet
567 1612 723 1662 offerendae
738 1617 941 1677 aspernaretur.
969 1615 1096 1662 circuisse
1110 1615 1215 1676 itaque,
1233 1619 1264 1662 nt
1277 1627 1390 1676 egressa

248 1681 351 1744 ternplo
370 1697 430 1729 mex
445 1695 460 1728 a
473 1679 589 1728 'sortitio
609 1685 690 1744 capto
710 1680 768 1730 eius
786 1679 990 1744 pulchritudine
1010 1681 1226 1744 conpellaretur:
1246 1681 1324 1730 errius
1342 1696 1388 1730 no·

248 1747 381 1802 irrutatem
400 1753 497 1796 secuta
516 1747 713 1811 adsumptaque
732 1747 834 1811 nuptiis
852 1754 914 1812 post
931 1749 1032 1800 olritutn
1052 1749 1105 1797 uiri
1122 1749 1240 1798 omnium
1259 1748 1388 1796 bonorum

249 1815 309 1868 eius
328 1817 404 1864 iacta
424 1829 541 1879 compos,
563 1830 624 1864 cum
642 1813 803 1876 decederet,
828 1815 955 1880 populum
976 1815 1125 1865 bertranum
1149 1817 1319 1880 uitricupauit
1341 1817 1387 1864 hc·

249 1881 349 1933 redum.
387 1887 415 1932 ct
434 1882 495 1932 ideo
516 1882 549 1932 ab
567 1883 643 1932 Anco
662 1883 690 1930 in
702 1880 822 1932 Velabro
841 1881 901 1934 loeo
920 1881 1192 1934 celeberrime‘urbis
1210 1882 1318 1950 sepulta
1337 1889 1388 1932 est.

249 1965 282 1998 ac
301 1949 431 1998 sollemne
450 1949 615 2000 sacrificium
639 1949 727 1998 eidem
751 1951 944 2010 constitutum,
970 1966 1022 2014 quo
1045 1951 1088 2000 dis
1105 1951 1235 2000 Manibus
1258 1952 1317 2000 cius
1340 1965 1389 2018 per

249 2017 386 2066 flaminem
406 2017 609 2068 sacrificaretur
627 2017 740 2081 Iouique
760 2017 848 2068 seriae
868 2025 1062 2078 consecratae,
1081 2019 1151 2082 quod
1171 2017 1389 2067 aestirnauerurit

249 2085 357 2150 antiqui
375 2086 479 2134 animas
499 2101 515 2134 a
533 2083 598 2134 Ioue
617 2085 678 2136 dari
697 2089 724 2134 ct
743 2099 834 2137 rursus
852 2091 1039 2150 postmortem
1053 2087 1140 2136 eidem
1155 2085 1241 2134 reddi.
1266 2083 1335 2136 Cato
1349 2087 1389 2134 ait

248 2151 409 2202 Larentiam
428 2152 584 2202 meretricio
603 2157 720 2216 quaestu
737 2151 934 2217 locupletatam
953 2159 1175 2217 post‘excessnm
1193 2167 1270 2202 snum
1289 2153 1389 2218 populo

161 2256 162 2259 =
248 2221 372 2270 Romane
396 2235 477 2285 agros
495 2221 630 2270 Thracem
649 2221 801 2270 Semurium
819 2221 966 2270 Lintirium
991 2228 1019 2270 et
1037 2221 1170 2270 Solinium
1189 2221 1332 2284 reliquisse
1361 2227 1390 2269 et

249 2289 310 2337 ideo
329 2288 467 2354 sepulchri
485 2288 694 2354 magnificentia
717 2291 745 2336 et
768 2301 876 2338 arianae
896 2290 1097 2352 parentationis
1114 2287 1217 2338 bonore
1236 2289 1388 2352 dignatam.

247 2355 344 2406 biaccr
366 2355 541 2408 historiarum
569 2355 639 2404 libro
667 2357 753 2424 primo
777 2355 905 2406 Faustuli
932 2357 1075 2420 coniugem
1099 2357 1202 2406 Accam
1226 2357 1388 2406 Larentiam

247 2423 357 2474 Rornuli
379 2429 406 2474 et
423 2424 501 2472 Remi
521 2417 606 2472 fuisso
626 2423 759 2473 nutricem
779 2423 931 2474 coufirmat.
966 2424 1038 2472 hauc
1057 2433 1190 2490 regnante
1209 2423 1323 2474 Romulo
1336 2421 1389 2472 Ta-

248 2492 320 2540 rutio
344 2491 451 2540 cuidam
470 2491 561 2540 Tusco
585 2489 666 2540 diuiti
687 2491 834 2554 denuptam
859 2497 1022 2556 auctamque
1042 2491 1196 2544 hereditate
1215 2491 1279 2540 uiri:
1308 2507 1388 2555 quam

248 2565 310 2623 post
333 2557 447 2606 Romulo
471 2573 550 2622 quom
574 2559 720 2608 educasset
743 2557 872 2622 reliquit,
904 2565 931 2608 et
960 2559 994 2608 ab
1020 2575 1052 2609 cc
1080 2557 1237 2624 parentalia
1262 2560 1388 2624 diemque

248 2629 349 2676 festum
368 2639 453 2674 carisa
471 2625 586 2690 pictatis
604 2623 755 2676 statutum)
792 2625 829 2674 ci.
842 2625 1007 2676 Plutarchus
1020 2627 1096 2678 Rom.
1112 2629 1137 2676 4.
1156 2627 1290 2691 bquaest.
1311 2627 1386 2676 bour.

248 2692 281 2742 :35
299 2691 486 2742 'tertulllianus
511 2694 545 2742 ad
564 2699 620 2742 nat.
644 2693 672 2742 li
693 2691 723 2741 10
740 2693 909 2757 Angtrstiuus
928 2695 958 2742 C.
980 2697 1011 2744 D.
1031 2696 1068 2742 vl
1087 2695 1110 2744 7.
1131 2721 1162 2730 —
1199 2693 1289 2744 Sciret.
1310 2695 1386 2744 lucc·

248 2760 303 2810 nul.
325 2759 361 2810 vl
380 2757 442 2807 aab:
467 2760 546 2810 'l'uba
569 2762 623 2809 nisi
646 2761 670 2812 si
694 2761 757 2824 quid
783 2761 811 2808 iu
834 2759 894 2825 illel
919 2762 1000 2810 ‘tuba
1025 2777 1078 2825 qua
1102 2763 1308 2812 committuntur
1332 2763 1388 2810 ludi

247 2826 386 2886 Florales,
412 2827 439 2876 iu
464 2829 563 2892 quibus
582 2829 741 2878 meretrices
764 2827 875 2880 rrrrdatis
894 2831 1053 2892 corporibus¹
1076 2846 1125 2893 per
1143 2830 1235 2878 itarius
1255 2836 1329 2879 artes
1348 2829 1386 2878 iu·

248 2893 329 2944 tioudi
348 2895 511 2944 discurrunt.
548 2909 611 2944 narn
630 2911 646 2944 a
658 2895 742 2946 Plora
760 2897 904 2946 meretrice
923 2897 1043 2946 instituti
1061 2905 1125 2946 snm
1142 2897 1311 2946 inhonorem
1326 2897 1386 2946 1²10-

249 2975 296 3032 rae
315 2961 399 3023 deae,
419 2975 489 3025 <ptrue
507 2961 619 3012 floribus
637 2960 768 3027 praeest)

161 3247 234 3318 204
345 3253 479 3344 Περὶ
521 3254 608 3349 τῆς
652 3257 964 3345 Κικέρωνος
1009 3261 1292 3340 πολιτείας

721 3403 918 3500 βιβλιόυιῖ

241 3649 248 3668 ¹
313 3587 366 3644 204
390 3591 504 3641 Suidusr
537 3584 718 3657 qursviioe
746 3589 761 3644 ὁ
784 3587 966 3672 Zooqroicroc
991 3592 1165 3658 χρηματίσας
1192 3582 1386 3658 γραμμαὶικός

248 3653 508 3723 Populati-pocus
510 3695 635 3711 .........
650 3657 823 3724 περί,..α’·
841 3655 1022 3725 αντιλέγει
1042 3655 1080 3711 dl
1097 3655 1304 3728 τῴΔιδύμῳ,
1326 3664 1386 3711 hra-

247 3729 354 3776 mianus
367 3727 546 3778 Marcellinus
560 3729 637 3778 XXII
654 3727 692 3789 tu,
709 3729 806 3794 15qu
830 3729 891 3778 ‘sed
904 3729 1073 3778 Alexandria
1091 3730 1151 3794 ipsa
1170 3746 1223 3780 nou
1242 3731 1342 3781 scrrsiru
1357 3735 1386 3778 ut

247 3794 321 3844 aliae
339 3795 420 3846 urbes
438 3795 486 3844 sed
506 3795 578 3844 iuter
595 3797 678 3844 initia
695 3798 784 3862 prima
803 3801 886 3846 ariete
904 3812 953 3860 per
966 3799 1104 3861 spatiosos
1123 3797 1241 3846 ambitus
1258 3797 1386 3846 internis-

246 3875 299 3925 que
317 3861 499 3913 seditiouibus
517 3863 564 3912 diu
582 3879 679 3928 aspere
698 3865 819 3927 fatigata
832 3864 866 3912 ud
879 3863 1001 3914 ultimum
1019 3863 1112 3914 multis
1131 3872 1191 3929 post
1210 3865 1289 3914 aunis
1302 3867 1385 3914 Aure-

245 3929 321 3978 liano
345 3931 487 3995 imperium
506 3935 606 3992 agente
630 3930 759 3980 ciuilibus
782 3931 879 3995 iurgiis
902 3931 938 3982 ad
956 3932 1109 3982 certamina
1133 3932 1307 3982 interneciuo
1324 3947 1386 3998 pro·

246 3995 332 4060 lapsis
351 3998 503 4061 dirutisque
522 3998 664 4048 moenibus
682 3999 775 4048 amisit
793 3999 914 4064 regionis
933 3999 1079 4050 maximam
1098 4005 1213 4066 partem,
1234 4013 1304 4062 quae
1319 4001 1386 4048 Bro-

246 4064 327 4113 chion
346 4065 548 4130 adpellabatur,
567 4065 721 4116 diuturnum
739 4068 938 4130 praestantium
956 4067 1094 4116 hominum
1113 4067 1287 4116 domicilium.
1315 4069 1385 4116 trude

245 4131 419 4184 Aristarchus
437 4133 635 4198 grammaticae
655 4135 694 4184 rei
712 4133 790 4183 (larris
809 4134 949 4184 excellens
972 4139 1001 4183 ct
1023 4133 1199 4184 Herodianus
1218 4135 1315 4184 artium
1335 4135 1384 4184 mi·

246 4200 406 4250 notissimus
430 4201 588 4250 sciscitator
618 4205 645 4249 et
672 4201 776 4250 Saccas
803 4202 960 4250 Ammonius
989 4201 1093 4250 Plotini
1121 4203 1255 4268 magister
1283 4203 1384 4266 aliique

246 4265 354 4329 plurimi
373 4269 522 4332 scriptores
548 4267 691 4320 multorum
714 4269 743 4318 in
767 4269 866 4320 litteris
885 4267 1017 4318 nobilium
1039 4270 1203 4328 studiorum,
1228 4271 1300 4320 iater
1319 4285 1385 4332 quos

247 4333 446 4386 Chalcenterus
480 4335 596 4384 eminuit
624 4335 757 4400 Didymus
787 4335 947 4402 urultiplicis
981 4337 1116 4386 scientiae
1146 4339 1257 4401 seriptis
1285 4351 1384 4386 memo·

246 4400 357 4452 rabilis:
382 4403 437 4465 qui
461 4403 494 4452 iu
513 4403 663 4452 iiiisscx
686 4403 807 4467 libris,
832 4405 888 4454 ubi
908 4419 1153 4469 nonnumquam
1179 4405 1384 4469 imperfecte
