3162 5058
227 363 288 424 344
500 373 691 414 carsrrouvu
718 372 882 412 crsaoavsr
906 371 1081 419 aaarovrsr.

226 521 353 588 muneri
376 521 477 606 origo.
521 520 578 584 sed
601 517 758 606 paulatim
781 518 926 604 prouecti
956 517 1144 580 adtentum
1166 519 1306 600 gratiam
1326 515 1368 580 ad

226 631 380 710 quantam
412 631 444 684 et
470 619 712 702 crudelitatem,
744 620 822 706 quia
844 621 986 682 ferorum
1014 618 1174 706 uoluptati
1201 620 1281 682 satis
1304 641 1369 682 aon

228 723 344 806 tiebat,
381 723 444 786 nisi
473 733 507 786 ot
536 722 613 785 ieris
643 721 786 786 humana
812 742 949 807 corpora
977 719 1224 805 dissiparentur.
1270 729 1307 782 at
1338 727 1369 782 et

228 824 340 889 titulos
369 823 588 904 considerem,
624 822 701 886 licet
730 823 896 887 transierit
926 821 987 887 hoc
1014 844 1117 906 genus
1144 821 1297 885 editionis
1327 819 1369 884 ab

228 925 408 991 honoribus
429 934 629 988 mortuorum
646 924 688 987 ad
710 925 849 988 honores
867 924 1066 1005 uiuentium,
1089 931 1280 1010 quaesturas
1296 923 1391 986 dicos

229 1037 261 1090 et
282 1029 492 1112 magistratus
517 1034 548 1088 et
570 1025 716 1088 flarninia
740 1034 771 1088 et
794 1025 990 1102 sacerdotia,
1013 1046 1086 1088 curn
1102 1033 1210 1087 tamen
1229 1023 1370 1088 nominis

228 1129 372 1213 dignitas
395 1126 599 1192 idololatriae
622 1128 757 1190 erimine
778 1115 942 1208 teneatur,
967 1149 1100 1190 necesse
1123 1135 1186 1205 est,
1215 1123 1371 1212 quiequid

229 1231 398 1314 dignitatis
427 1228 558 1292 nomino
584 1227 830 1292 administratur
857 1229 1071 1292 communicet
1099 1229 1196 1291 ctiam
1227 1224 1370 1289 maculas

229 1331 315 1411 eius,
336 1351 355 1392 a
376 1351 441 1417 qua
464 1329 563 1392 habet
584 1351 710 1394 causas.
756 1329 841 1394 idam
870 1329 910 1393 do
939 1329 1151 1416 apparatibus
1180 1331 1371 1415 interpreta-

229 1432 336 1495 bimur
362 1433 395 1494 in
423 1432 566 1517 ipsorum
594 1429 750 1495 honorum
775 1441 931 1516 suggestu
955 1430 1168 1516 deputandis,
1193 1429 1279 1516 quod
1296 1451 1407 1515 pur-ro

228 1553 330 1620 purae
354 1533 439 1617 quod
470 1531 576 1596 fasces
600 1533 685 1620 quod
712 1533 813 1596 uittae
841 1532 926 1619 quod
955 1553 1094 1595 coronae
1124 1530 1210 1618 quod
1233 1531 1372 1616 denique

230 1634 399 1698 contiones
428 1644 460 1696 et
483 1631 590 1696 edicta
617 1645 650 1696 et
677 1635 783 1718 pultes
809 1635 979 1720 pridianae
1008 1635 1079 1696 sino
1105 1655 1222 1720 pompa
1251 1629 1372 1696 diaboli

231 1735 301 1797 sine
320 1734 515 1797 inuitatione
536 1734 729 1798 daemonum
754 1758 818 1802 non
838 1719 923 1798 sunt.
958 1735 1036 1820 quid
1054 1756 1132 1820 ergo
1154 1734 1193 1797 de
1213 1733 1374 1798 horrendo

230 1834 302 1899 loco
330 1856 492 1920 perorem,
519 1857 616 1921 quem
646 1859 704 1899 nec
727 1837 872 1920 periuria
898 1839 1072 1900 sustineat.
1091 1835 1263 1922 'pluribus
1287 1835 1373 1898 enim

232 1945 264 2000 et
283 1935 504 2022 asperioribus
527 1937 715 2000 numinibus
737 1937 1007 2024 amphitheatrum
1031 1945 1252 2018 consecratur,
1277 1957 1430 2022 quamrs·

233 2037 443 2122 Capitolium.
486 2039 629 2102 omnium
651 2024 845 2103 daemonum
869 2038 1023 2124 templum
1047 2048 1109 2102 ost:
1152 2047 1201 2102 tot
1223 2037 1290 2102 illie
1316 2038 1372 2100 im-

233 2176 335 2226 dietae.
371 2191 438 2226 sone
457 2192 515 2226 mos
534 2183 594 2226 erat
617 2179 645 2226 iu
669 2177 822 2244 sepulchris
845 2179 963 2228 uirorum
987 2178 1096 2226 fortium
1116 2177 1241 2242 captiuos
1264 2175 1374 2235 necari;

233 2243 303 2309 quod
316 2251 458 2310 postquam
477 2245 587 2294 crudele
605 2245 692 2294 uisrrm
711 2251 766 2306 est,
785 2245 890 2310 placuit
909 2245 1078 2310 gladiatores
1097 2250 1161 2294 anta
1176 2243 1321 2308 sepulchra
1334 2243 1373 2292 di·
1430 2245 1436 2252 ‘

233 2312 345 2372 micare,
369 2313 414 2378 qui
439 2329 455 2362 a
478 2313 566 2362 bustis
585 2313 720 2363 bustuarii
739 2313 806 2362 dieti
825 2312 906 2362 sunt)
925 2337 959 2347 —-
994 2313 1158 2362 Lactantius
1177 2313 1210 2360 D.
1226 2313 1251 2360 ΙΙ.
1271 2309 1373 2361 V120:

233 2380 278 2428 ‘Et
296 2380 421 2444 primitus
458 2381 547 2430 uidem
566 2381 742 2442 uenationes,
767 2395 837 2446 quac
861 2387 996 2431 uocantur
1020 2395 1145 2441 munera,
1170 2379 1287 2429 Saturno
1311 2383 1375 2426 srrnt

233 2447 391 2510 attributae,
411 2397 466 2497 ludi
486 2454 577 2497 autem
596 2449 700 2498 scenici
718 2449 834 2512 Libero,
854 2448 999 2498 Circenses
1018 2465 1083 2497 uero
1095 2449 1231 2512 Neptuno.
1247 2486 1253 2499 .
1267 2483 1273 2496 .
1288 2482 1295 2496 .
1308 2461 1374 2511 pou-

232 2515 311 2565 latim
330 2521 422 2564 tamen
442 2520 469 2566 et
488 2517 589 2565 ceteris
607 2517 658 2566 diis
677 2517 748 2565 idem
766 2517 851 2566 honos
870 2517 951 2565 tribui
965 2517 1064 2581 coepit,
1085 2515 1240 2630 sinquliqua
1259 2514 1314 2564 ludi
1327 2530 1374 2562 uo·

233 2583 351 2631 minibus
371 2599 462 2634 eorum
481 2585 637 2633 consecrati
655 2591 732 2644 suut,
752 2585 824 2634 sicut
842 2585 953 2632 Sinnius
972 2583 1070 2649 Capito
1088 2581 1116 2632 iu
1146 2583 1212 2632 ibris
1231 2588 1374 2646 spectacu-

234 2649 319 2699 lorum
339 2650 439 2700 docet!
475 2651 595 2700 Isidorus
614 2653 701 2717 origg.
721 2653 812 2700 XVIII
832 2645 1220 2716 52—58:⁸‘Arnphitheatrurn
1239 2649 1314 2698 locus
1334 2653 1375 2698 est

133 2727 140 2734 ·
234 2717 402 2782 spectaculi,
421 2719 467 2768 ubi
486 2724 610 2784 pugnant
628 2719 806 2784 gladiatores.
843 2725 870 2768 et
895 2720 958 2768 inde
982 2710 1064 2768 ludus
1079 2717 1258 2784 gladiatorius
1276 2717 1373 2776 dietus,

235 2784 305 2847 quod
324 2785 352 2833 in
371 2801 403 2834 eo
421 2786 535 2836 iuuenes
554 2801 631 2836 usum
650 2803 785 2836 arrrrorum
803 2787 912 2836 diuerso
932 2792 1005 2836 motu
1023 2787 1184 2835 condiscant
1197 2793 1225 2834 et
1238 2785 1316 2834 modo
1335 2786 1374 2832 in·

235 2857 276 2901 ter
289 2867 318 2901 se
338 2859 385 2900 aut
404 2853 505 2918 gladiis
528 2859 575 2902 aut
593 2857 690 2918 pugnis
710 2861 849 2904 certantes
868 2855 946 2904 modo
965 2859 1060 2902 contra
1078 2855 1182 2903 bestias
1204 2853 1374 2912 incedentes,

235 2919 281 2966 ubi
305 2934 358 2968 uon
383 2921 444 2970 arlia
463 2921 509 2970 sed
529 2923 651 2985 praemio
670 2921 756 2972 illecti
776 2923 895 2972 subeunt
914 2922 1000 2972 ferale
1020 2927 1169 2972 certamen.
1206 2919 1374 2986 amphithea-

235 2991 305 3035 trum
324 2987 435 3048 dictum‚
461 2989 531 3052 quod
550 3003 582 3036 ex
602 2989 706 3038 (lusibus
725 2990 840 3038 theatris
859 2991 895 3038 sit
914 2991 1026 3039 factum.
1064 3005 1126 3038 nam
1146 2987 1376 3053 amphitheatrum

236 3053 379 3102 rotandum
399 3061 450 3116 est,
470 3057 607 3105 theatrum
625 3072 690 3106 uero
716 3075 748 3107 ex
772 3058 860 3107 taedio
884 3057 1088 3123 aarphitheatro
1113 3057 1217 3106 Iactum
1236 3062 1278 3104 ost
1296 3057 1376 3104 semi·

236 3120 333 3170 circuli
356 3121 470 3188 liguram
494 3124 608 3174 habens.
644 3139 747 3188 genera
765 3121 947 3189 gladiatorum
966 3123 1053 3190 plura,
1074 3139 1185 3188 quorum
1204 3123 1318 3188 primum
1337 3122 1375 3170 lu-

236 3189 286 3238 dus
306 3191 480 3254 equestrium.
518 3192 570 3240 duo
589 3191 660 3241 enim
680 3193 784 3257 equites
803 3193 1034 3258 praecedentibus
1052 3193 1128 3257 prius
1146 3190 1232 3256 siguis
1251 3191 1376 3239 militari-

236 3257 297 3317 bus,
316 3272 385 3306 uuus
404 3275 420 3306 a
439 3265 518 3323 porta
536 3260 649 3309 orientis
662 3261 733 3310 alter
752 3262 786 3310 ab
806 3261 966 3320 occidentia,
986 3260 1174 3325 procedebant
1192 3260 1221 3307 in
1241 3259 1318 3322 equis
1337 3255 1375 3305 sl-

237 3325 279 3373 bis
299 3339 359 3373 cum
379 3327 469 3376 astreis
493 3327 582 3390 galeis
605 3328 755 3378 minoribus
779 3329 827 3381 sed
845 3327 1028 3378 habilioribus
1048 3328 1144 3388 armis,
1170 3328 1264 3390 sicque
1289 3325 1377 3375 atroci

236 3394 444 3457 perseuerantia
472 3410 520 3460 pro
549 3395 649 3444 uirtute
673 3411 724 3444 sua
753 3397 861 3446 inibant
883 3411 1003 3460 pugnam
1031 3395 1208 3456 dimicantes,
1237 3407 1377 3458 quousque

237 3459 307 3508 alter
330 3459 357 3509 iu
380 3461 494 3511 alterius
517 3467 629 3512 mortem
647 3463 801 3528 prosiliret,
820 3469 850 3513 ut
866 3463 983 3513 haberet
1001 3463 1046 3527 qni
1065 3463 1177 3511 caderet
1194 3477 1300 3522 casum,
1320 3460 1377 3526 glo-

236 3528 303 3576 riam
330 3529 374 3592 qai
398 3531 552 3595 perimeret.
590 3545 659 3594 quae
679 3535 824 3580 armatura'
843 3531 984 3596 pugnabat
1001 3531 1085 3579 Marti
1104 3529 1188 3580 duelli
1207 3545 1300 3578 causa.
1338 3543 1378 3576 rs-

236 3595 335 3644 tiarius
359 3597 393 3650 ab
418 3605 573 3647 armaturae
598 3615 699 3663 garrera
723 3599 751 3647 ln
775 3598 941 3664 gladiatorio
965 3598 1028 3648 ludo
1052 3603 1147 3648 contra
1172 3597 1287 3646 alterum
1311 3611 1376 3660 pag⁴

236 3669 348 3712 nantem
366 3665 472 3715 occulte
492 3667 600 3715 ferebat
618 3671 691 3726 rete,
716 3665 787 3732 quod
811 3665 928 3715 iar-ulum
949 3665 1118 3730 appellatur,
1143 3669 1172 3714 ut
1191 3665 1377 3714 aduersarium

237 3731 348 3794 cuspide
369 3733 557 3797 insequentem
577 3735 699 3798 operiret
716 3733 931 3800 implicitumque
951 3734 1055 3784 uiribus
1074 3739 1226 3798 superarat.
1252 3747 1320 3796 quae
1335 3747 1377 3780 sr-

237 3803 344 3848 matura
357 3801 499 3866 pugnabat
512 3801 638 3866 Neptuno
656 3801 784 3851 tridentis
803 3817 895 3851 eausa.
933 3807 1042 3850 secutor
1060 3801 1095 3850 ah
1108 3800 1276 3864 insequendo
1294 3799 1377 3848 retia·

237 3866 306 3914 rium
324 3867 421 3918 dictus.
458 3869 589 3932 gestabat
612 3869 682 3917 eninr
702 3869 841 3932 cuspidem
861 3873 889 3917 et
907 3885 1025 3917 massam
1045 3868 1216 3933 plumbeam,
1241 3883 1311 3932 quae
1331 3865 1377 3914 ad-

236 3935 353 3982 uersarii
371 3935 491 3985 iaculum
509 3935 664 4000 impediret,
683 3941 713 3984 ut
732 3941 877 4000 antequam
897 3937 943 3984 illo
963 3936 1059 3984 feriret
1072 3936 1123 3984 reti
1139 3937 1191 3984 istc
1205 3939 1378 3999 exuperarot.

237 3999 307 4049 baec
332 4009 471 4052 armatura
494 4009 606 4052 sacrata
633 4009 693 4052 erat
710 4003 844 4053 Vulcano.
881 4005 953 4068 ignis
972 4003 1043 4052 enim
1063 4019 1171 4068 semper
1189 4017 1287 4066 aquam
1307 4003 1377 4051 insc-

239 4069 330 4131 quitur
354 4070 468 4134 ideoque
489 4086 549 4120 eum
572 4070 686 4120 retiario
705 4073 934 4135 componebatur,
959 4073 1024 4136 quia
1043 4071 1114 4136 ignis
1133 4075 1161 4120 et
1180 4085 1252 4134 aqua
1271 4083 1379 4134 semper

237 4162 440 4172 —-.--..—.

323 4215 340 4266 2
359 4209 490 4267 ferorum
505 4211 624 4281 scripsi:
638 4208 770 4266 feramm
781 4213 806 4265 A
822 4205 835 4288 ll
850 4209 1014 4286 uoluptatis
1028 4211 1073 4266 Ab
1089 4201 1102 4288 ll
1117 4215 1134 4268 t
1153 4205 1380 4266 consideremus

240 4295 320 4366 arripe
340 4287 354 4373 ll
374 4300 391 4353 9
408 4292 693 4370 interpraetabimur
711 4298 759 4352 Aa
780 4290 794 4374 Η
820 4305 852 4356 Ιο
867 4313 961 4372 purae
978 4297 1002 4350 ,l
1022 4287 1035 4373 ll
1060 4303 1092 4354 14
1110 4293 1178 4352 loeo
1194 4311 1248 4350 om.
1267 4296 1291 4348 Α
1310 4288 1323 4371 ll
1348 4299 1379 4351 1⁵

239 4375 411 4436 numinibus
427 4381 539 4450 Lipsius
554 4381 589 4436 dc
607 4381 818 4454 amphitheatro
835 4399 900 4452 cup.
920 4387 952 4436 3:
971 4377 1181 4438 horninibusA
