3190 5098
665 483 768 523 carrus
787 483 822 521 111
1254 464 1315 523 4133

175 654 193 692 a
209 635 374 694 scholiasta
386 633 525 694 Platonis
539 635 613 715 Lys.
632 645 696 708 llo,
714 645 729 696 5
745 653 775 712 p.
791 643 843 696 319
859 653 902 712 sq.
915 631 1029 703 Beki„
1048 639 1078 692 et
1095 633 1136 690 ita
1149 631 1272 712 quidem
1284 642 1316 690 ut

176 737 413 796 Eustatlriauum
437 735 593 814 exemplar
617 735 675 794 hac
698 737 842 796 memoria
863 734 1050 813 suppleatur.
1087 753 1187 814 nequo
1210 734 1315 812 neglc-

179 838 280 916 genda
293 847 339 898 est
354 836 520 898 similitudo
538 857 618 917 quae
632 838 711 896 inter
726 837 886 896 Pollucem
901 846 932 896 ct
948 835 1126 895 Suetonium
1143 835 1316 910 intercedit,

177 961 268 1020 qnam
282 941 326 999 sic
339 941 450 1019 optimc
467 940 617 1020 explicari
629 948 703 1018 puto
717 949 751 998 ut
762 948 891 1018 uterquc
905 937 1034 998 eundem
1048 937 1198 998 Graccum
1214 947 1316 998 aucto·

177 1063 240 1102 rcm
256 1051 379 1102 secutus
398 1043 445 1101 sit.

262 1144 349 1220 Ipsos
365 1143 449 1203 lusus
464 1164 525 1202 non
545 1145 716 1222 promiscue
737 1143 791 1203 sod
811 1164 866 1223 per
887 1152 969 1203 certa
985 1165 1100 1222 genero
1119 1142 1316 1221 descripsisse

98 1263 102 1272 ·
176 1246 390 1324 Tranquillum
406 1246 502 1304 altero
521 1247 707 1323 fragmento,
728 1245 810 1328 quod
827 1246 960 1306 'l'zotaes
982 1246 1120 1306 versibus
1141 1247 1319 1324 conscripsit

179 1339 299 1426 (fragm.
321 1345 399 1424 183),
417 1347 574 1421 discimus,
599 1368 616 1406 a
635 1369 693 1428 quo
715 1349 759 1408 sic
777 1348 943 1426 explicatio
965 1343 1111 1426 κοττάβου
1128 1357 1157 1408 et
1175 1344 1316 1424 intorpu-

177 1450 242 1522 σίας
258 1453 446 1529 proferatur:
466 1441 654 1527 Tpdyavtlog
675 1443 840 1526 Σουητῖνός
859 1471 902 1520 τις
922 1445 955 1508 ἐν
975 1447 1109 1520 παιδιαῖς
1127 1439 1275 1524 Ἑλλήνων
1294 1446 1301 1534 Ι

161 1543 287 1623 aalide
303 1549 358 1628 μὲν
372 1543 463 1624 ἄλλοις
478 1539 599 1624 παιδιὰς
613 1549 663 1610 καὶ
681 1551 851 1628 συμποσίων
866 1549 951 1630 λέγει.

263 1655 351 1713 Haec
368 1663 438 1714 sunt
453 1654 624 1732 fragmenta
639 1654 708 1712 libri
724 1654 761 1714 de
780 1653 964 1714 Graecorum
978 1655 1094 1713 lusibus
1112 1673 1191 1734 quoe
1204 1654 1318 1715 diserte

183 1777 200 1814 e
223 1755 369 1816 Suetonio
391 1765 584 1840 repetuntpr:
616 1755 671 1815 sed
687 1756 796 1816 multis
817 1756 891 1816 locis
913 1757 1092 1816 Eustathius
1114 1758 1145 1814 in
1168 1777 1316 1816 common-

180 1859 266 1917 tariis
283 1858 454 1917 Homericis
476 1857 596 1918 lusuum
612 1857 803 1931 Graecorum
815 1861 997 1919 mentionem
1019 1860 1108 1932 facit,
1132 1879 1210 1939 quac
1236 1857 1318 1938 quod

180 1960 394 2040 supplementa
416 1959 485 2020 libri
509 1959 549 2019 de
569 1960 687 2047 lusibus
711 1961 899 2022 Graecorum
923 1981 991 2020 esse
1014 1962 1098 2020 volui
1122 1972 1156 2020 ut
1171 1961 1319 2020 arrdaciao

180 2081 290 2140 arguar
308 2083 367 2122 non
381 2061 558 2122 subversor.

263 2164 328 2222 Iam
345 2163 434 2223 tertio
452 2163 529 2224 libro
550 2173 583 2224 ut
599 2165 802 2222 coniecturam
819 2184 917 2223 meam
936 2185 1046 2244 sequar
1064 2165 1241 2243 spectacula
1256 2166 1318 2224 Ro·
1392 2201 1395 2208 ·

182 2285 338 2326 manorum
355 2267 506 2346 exposuit.
528 2265 608 2324 hanc
623 2285 695 2323 vero
711 2265 847 2325 ludicrae
865 2265 1008 2326 historiae
1023 2277 1175 2345 partema
1196 2267 1318 2325 Tertul-

180 2369 262 2428 liano
285 2368 315 2426 iu
336 2367 414 2426 libro
440 2367 477 2427 de
500 2368 682 2447 spectaculis
704 2367 871 2426 adhibitam
889 2387 956 2426 esse
977 2368 1036 2428 iam
1058 2369 1321 2445 Regcntiusp.10
1395 2397 1398 2402 ·

180 2491 227 2550 sq.
244 2490 284 2530 ex
300 2470 364 2528 eius
381 2469 484 2529 verbis
501 2478 585 2530 recte
601 2470 766 2528 conclusit:
785 2472 918 2527 Romulus
935 2471 998 2528 font
1011 2473 1136 2528 Feretrio
1153 2473 1230 2528 ludos
1244 2473 1319 2526 insti·

181 2565 229 2631 tuit
244 2577 271 2630 in
288 2574 422 2646 Tarpeio,
438 2589 507 2648 ques
526 2576 660 2648 Tarpeios
675 2575 759 2630 dictos
773 2582 798 2629 et
811 2573 975 2644 Capitolinos
991 2573 1054 2628 Piso
1071 2574 1161 2628 trudit.
1174 2581 1236 2644 prust
1247 2573 1320 2628 ltrenc

183 2677 276 2732 Numa
296 2676 447 2748 Pompilius
465 2675 553 2732 Morti
571 2683 597 2732 ct
615 2676 743 2748 Iiobipini
753 2676 836 2748 fecit:
865 2675 963 2730 deliine
983 2677 1076 2730 Ancus
1095 2674 1222 2730 illarcius
1236 2683 1262 2730 et
1275 2691 1319 2730 ec-

183 2781 243 2833 teri.
272 2779 321 2850 qni
339 2794 406 2850 precs
423 2793 501 2850 prtem
512 2793 568 2849 per
582 2779 707 2835 ordinem
722 2783 748 2832 et
770 2777 865 2848 quibus
881 2777 959 2832 idolis
975 2776 1053 2832 ludos
1070 2779 1248 2844 instituerint,
1267 2794 1319 2848 po·
1405 2815 1409 2828 .

181 2881 263 2934 sitnm
279 2886 320 2935 est
333 2879 412 2951 capud
429 2877 585 2934 Suetonium
603 2880 793 2952 Tranquillum
809 2880 854 2933 uel
868 2897 885 2932 o
900 2880 996 2950 quibus
1014 2878 1039 2933 T
1036 2881 1191 2950 rcnqudlus
1205 2881 1320 2952 occepit.

183 2977 1320 3058 stqneineisquaequasiinvitustraditClitistiauusdeltomauorumspee-

182 3080 301 3155 taculis,
318 3100 444 3161 quorum
459 3081 705 3158 superstitionem
719 3092 750 3141 et
762 3080 973 3140 crudelitatem
987 3082 1043 3140 hoc
1055 3081 1161 3140 libello
1175 3080 1322 3160 depingit,

184 3183 317 3242 eminent
330 3183 456 3260 egregia
471 3181 650 3242 eruditionis
665 3184 841 3262 specimina.
861 3203 922 3263 qna
937 3205 969 3243 re
982 3185 1103 3244 secrevi
1119 3204 1156 3242 ea
1172 3185 1273 3242 omnia
1290 3193 1323 3242 ut

182 3283 213 3342 in
231 3283 468 3362 fragmentorum
485 3305 642 3344 numerum
656 3286 843 3365 reciperem,
858 3307 916 3346 neo
932 3307 968 3346 eo
986 3306 1033 3345 me
1051 3286 1198 3345 deterreri
1214 3306 1322 3364 passus

183 3406 263 3458 sum,
288 3385 369 3466 quod
386 3387 475 3445 simul
496 3387 592 3446 verba
611 3387 810 3461 Tertulliani,
831 3387 941 3467 quibus
962 3409 1011 3447 res
1033 3407 1109 3467 quas
1132 3389 1227 3446 refert
1250 3387 1321 3446 abo·

184 3487 333 3560 minatur,
359 3496 392 3548 ut
408 3491 579 3570 sententiae
595 3499 754 3550 manerent
769 3509 891 3549 servare
910 3509 1035 3549 neeesse
1053 3498 1128 3548 erat.
1159 3509 1323 3569 quaecum

184 3589 227 3648 ita
244 3589 321 3664 sint,
355 3598 457 3649 nostro
476 3592 542 3651 iure
559 3591 669 3650 utimur
684 3591 710 3652 si
726 3612 766 3652 ex
782 3591 887 3651 ordine
903 3613 963 3672 quo
977 3592 1188 3651 Tertullianus
1202 3585 1321 3668 specta-

186 3690 256 3748 cula
274 3693 427 3751 recensuit
447 3694 629 3754 Suetoniani
647 3693 716 3753 libri
740 3693 949 3754 condicionem
968 3713 1162 3772 auguramur.
1195 3694 1323 3772 primum

185 3792 491 3870 igiturTertullianus
506 3795 595 3856 ludos
605 3797 758 3856 circenses
769 3797 964 3876 perstringit,
982 3795 1092 3856 deinde
1102 3797 1210 3874 fragm.
1229 3796 1323 3858 190**

186 3892 225 3951 ad
248 3897 407 3955 scaenicos
434 3896 523 3956 ludos
544 3897 670 3970 transit,
700 3907 764 3958 tum
786 3900 893 3977 fragm.
918 3899 1012 3962 193ss
1032 3907 1063 3956 ut
1083 3901 1152 3956 ordo
1169 3907 1324 3973 peropotnr

186 3996 243 4054 init
261 4016 392 4074 agonum
413 4007 620 4074 retractatum,
637 3999 745 4078 fragm.
764 4003 855 4064 ΙΨ*
872 4001 1005 4082 deniquo
1020 4005 1229 4075 insanissimum
1244 4017 1323 4074 spee-

185 4101 306 4156 toenlum
330 4118 365 4157 ac
384 4105 600 4175 receptissimum
616 4104 806 4179 recognoscit
821 4103 852 4163 id
872 4114 918 4162 est
939 4102 1208 4182 amphitheatrales
1224 4100 1323 4161 ludos.

186 4197 241 4258 aad
261 4201 352 4259 ctiam
369 4203 559 4262 accuratiora
569 4202 779 4264 Tertullianus
798 4205 836 4265 de
854 4206 930 4266 libro
943 4205 1131 4265 Suetoniaoo
1149 4225 1205 4264 nos
1220 4203 1324 4280 docct;

186 4318 256 4358 nam
278 4301 308 4359 in
324 4301 452 4379 singulis
470 4303 531 4361 illis
547 4305 685 4383 partibus
706 4327 769 4366 rem
793 4309 835 4366 ita
850 4309 993 4382 instituit,
1025 4319 1058 4367 ut
1083 4308 1323 4386 spectaculorum

186 4401 321 4479 origines
338 4403 442 4462 titulos
463 4403 628 4485 adparatus
649 4408 717 4466 loca
742 4417 823 4470 artes
854 4410 999 4490 deinceps
1022 4411 1214 4485 inlustraret,
1244 4409 1324 4492 quod

186 4505 376 4582 propositum
390 4525 476 4564 suum
494 4525 560 4566 esso
576 4508 642 4586 ipsc
654 4511 758 4570 scribit
768 4511 890 4590 (fragm.
906 4513 1030 4592 184**):
1049 4519 1323 4574 cornmemororn'mus
