3072 5064
263 419 325 484 208
766 435 899 481 ruerem

262 583 430 648 zodiacum
443 582 560 648 lustret
572 593 605 648 et
616 584 746 671 singula
757 585 883 672 (signa)
897 586 1032 651 tricenis
1044 583 1161 651 diebus
1178 585 1335 673 denisque
1346 583 1402 650 ho·

262 689 308 750 ris
331 707 370 749 ae
393 688 528 752 semisse
552 695 767 770 transcurrat,
795 689 994 753 Incremento
1018 687 1225 752 dimidiarum
1249 687 1401 752 horarum

262 797 379 875 quarto
390 809 475 852 anno
486 810 587 852 nuum
599 789 685 854 diem
696 788 844 876 complet,
855 813 949 878 quem
961 789 1125 856 bisextum
1138 797 1337 876 nuncupant,
1345 791 1401 875 qui

262 889 333 954 dies
357 889 525 956 conficitur
548 911 590 955 cx
611 890 857 977 quadrantibus.
903 913 978 956 nam
1006 913 1079 956 cum
1107 889 1280 957 duodecies
1303 891 1402 956 semis

261 1014 321 1057 sex
342 992 437 1058 horos
460 993 604 1078 integrus
627 993 751 1058 faciant
773 994 806 1058 id
831 1003 881 1058 est
901 994 1131 1082 quadrantem,
1158 993 1211 1057 hic
1233 993 1424 1081 quadrons⁵

262 1104 377 1182 quator
403 1094 520 1159 ductus
548 1095 667 1178 uiginti
693 1104 845 1183 quattuor
872 1094 970 1160 horus
997 1095 1138 1183 perficit,
1169 1094 1203 1159 id
1231 1105 1402 1160 estonum

262 1197 348 1262 diem
370 1219 442 1262 eum
466 1217 526 1260 sna
540 1207 635 1263 nocte
649 1196 802 1282 complet,
824 1207 858 1263 et
877 1199 911 1262 in
932 1207 1048 1284 quarto
1064 1197 1228 1263 bisextum
1250 1207 1287 1262 ut
1307 1219 1402 1285 prae-

263 1297 323 1362 fati
344 1319 456 1364 sumus
479 1296 590 1362 efficit.

157 1465 255 1541 131*
347 1501 469 1549 nvnlu
498 1483 631 1572 quidam
662 1483 928 1573 philosophorum
956 1485 1071 1551 dieunt
1099 1486 1264 1572 proprium
1291 1483 1401 1549 lumen

261 1649 292 1692 ιιι
310 1641 467 1692 obseruatio
490 1639 646 1690 umbrorum
664 1642 723 1692 eius
742 1642 838 1692 redeat
862 1641 896 1691 ad
918 1647 999 1692 notus
1022 1642 1120 1706 quinas
1139 1642 1220 1692 annia
1243 1641 1302 1690 dies
1326 1640 1401 1690 edici

261 1724 397 1776 superque
416 1713 542 1774 quartam
559 1715 664 1774 purtem
684 1709 748 1760 diei.
785 1725 866 1775 quam
885 1709 919 1759 ob
938 1725 1049 1760 eausam
1069 1710 1163 1774 quinto
1183 1725 1254 1759 enno
1271 1723 1341 1758 unus
1360 1709 1401 1758 in·

262 1778 408 1828 tercalcrix
426 1777 486 1826 dies
505 1776 627 1838 additur,
654 1783 685 1826 ut
707 1783 857 1843 temporum
876 1779 947 1828 ratio
965 1778 1031 1828 selis
1049 1779 1143 1828 itineri
1162 1776 1314 1843 congmot!

349 1843 418 1899 itt*
436 1845 593 1895 Scholiasta
612 1845 770 1895 Germanici
788 1864 815 1912 p.
836 1843 896 1895 109:
917 1845 1006 1896 ‘Hanc
1025 1847 1157 1910 quidam
1200 1843 1401 1910 hilosopho-

263 1911 344 1965 rnm'
364 1932 388 1965 o.
408 1931 433 1980 q.
452 1929 474 1962 s.
510 1913 688 1962 echoliustum
713 1915 859 1980 exscripsit
877 1914 996 1964 Isidorus
1014 1915 1101 1979 origg.
1120 1862 1218 1978 mie,
1239 1912 1262 1962 l.
1282 1940 1315 1948 -
1350 1913 1403 1962 Isi·

261 1984 342 2034 dorus
364 1984 397 2032 de
421 1985 522 2031 nature
545 1996 633 2030 rerum
656 1981 762 2043 XVIII,
791 1981 877 2031 1-4:
909 1982 965 2032 ‘Dc
989 1982 1090 2031 lumine
1120 1981 1210 2032 lunas.
1251 1982 1298 2030 Ait
1320 1995 1402 2032 sane-

261 2058 305 2101 tus
333 2049 501 2117 Augustinus
529 2049 557 2098 in
587 2049 685 2115 pssimi
713 2050 814 2100 decimi
843 2050 1027 2115 expositione:
1062 2051 1212 2112 Quaeritur
1239 2051 1325 2110 enim,
1359 2049 1402 2098 in·

262 2119 336 2185 quid,
355 2119 426 2168 unde
444 2117 548 2167 habeat
565 2116 631 2167 luna
649 2117 749 2167 lumen.
779 2118 849 2168 duce
873 2124 978 2168 tentum
1002 2119 1146 2182 opiniones
1169 2117 1327 2180 truduntur,
1351 2117 1402 2166 sed

262 2204 333 2254 quoe
361 2189 398 2238 sit
425 2186 521 2236 harum
550 2200 651 2246 uerex,
683 2185 794 2236 dubium
819 2187 906 2236 fertur
929 2201 1009 2251 posse
1034 2201 1194 2252 quemquam
1219 2186 1299 2234 seire.
1344 2184 1402 2234 Alii

262 2271 379 2322 numque
404 2253 499 2304 dieunt
524 2255 695 2320 proprium
723 2270 794 2304 eam
823 2254 949 2304 habere
979 2253 1102 2316 lumen,
1134 2253 1297 2320 gloqune
1325 2253 1402 2302 eius

262 2340 358 2376 unam
377 2328 508 2390 partem
527 2337 602 2372 esse
621 2321 819 2385 lucifluum,
839 2322 954 2371 ultorem
973 2322 1116 2371 obscurum
1136 2329 1164 2372 et
1182 2322 1244 2371 dum
1256 2325 1403 2370 moueatur

261 2395 290 2443 ln
315 2391 501 2451 cunctosne,
527 2390 642 2440 eundem
661 2395 766 2456 partem
785 2406 839 2456 qua
857 2391 932 2440 lueet
948 2390 1080 2454 paulatim
1100 2390 1134 2439 ad
1153 2395 1241 2440 terras
1265 2390 1401 2452 conuerti,

261 2467 291 2511 ut
309 2460 397 2512 uideri
417 2475 433 2508 u
451 2459 530 2508 uehis
548 2458 648 2524 possit,
670 2463 698 2507 et
716 2458 777 2508 idco
796 2459 871 2524 prius
891 2459 969 2523 (peresi
991 2457 1162 2508 corniculato
1181 2457 1282 2507 lumine
1301 2457 1401 2522 fulget.

261 2545 324 2579 nam
343 2529 413 2578 etsi
432 2527 634 2593 sornrespilum
659 2543 692 2576 cx
715 2533 794 2591 qiurte
813 2526 904 2576 medie
931 2526 1078 2576 candidam
1097 2531 1125 2588 et
1143 2541 1176 2574 ex
1199 2530 1277 2591 parte
1301 2525 1401 2575 ohscu-

261 2613 328 2660 ram,
347 2603 413 2646 tuuc
432 2600 616 2660 campartem
635 2595 841 2659 quaeobseuru
866 2599 908 2644 est
926 2595 950 2643 si
975 2609 1066 2643 reorum
1090 2595 1177 2644 oeulis
1202 2595 1306 2643 habeus
1330 2592 1401 2642 nihil

262 2665 390 2716 candoris
415 2663 549 2728 aspicies,
577 2677 638 2712 cnm
663 2662 786 2727 coeperis
810 2663 885 2712 illum
910 2661 1055 2711 candidum
1077 2667 1183 2727 portem
1206 2661 1341 2728 paulatim
1366 2661 1402 2709 ad

262 2733 356 2782 oeulos
375 2736 546 2792 conuertere,
565 2731 679 2796 primum
697 2729 786 2778 ueluti
805 2745 908 2779 cornua
927 2729 1054 2780 candoris
1072 2729 1192 2792 uidebis,
1219 2729 1318 2778 dehinc
1337 2743 1401 2778 scn-

262 2802 312 2850 sim
332 2801 448 2860 erescit,
477 2798 564 2847 donce
588 2803 647 2847 totu
668 2813 732 2862 pers
751 2799 873 2848 candens
891 2803 1045 2863 opponetur
1062 2797 1150 2847 oculis
1169 2805 1196 2847 ct
1215 2797 1282 2846 nihil
1301 2797 1400 2846 obsen-

261 2885 318 2918 rum
338 2867 452 2916 alterius
471 2867 558 2930 partis
576 2865 713 2927 uideatur,
732 2881 812 2930 quam
830 2867 854 2914 si
868 2866 957 2915 (tenuo
975 2865 1108 2931 querelatim
1128 2864 1312 2926 conuerteris,
1331 2865 1401 2914 inci·

262 2937 303 3002 pit
316 2935 471 2984 obscuritas
484 2949 617 2998 apparere
637 2939 665 2983 et
683 2933 786 2984 candor
803 2934 898 2996 rninui,
918 2935 1005 2983 eloneo
1019 2937 1116 2984 iterum
1135 2933 1169 2982 ud
1188 2947 1290 2984 cornus
1303 2933 1402 2982 redcat

263 3019 296 3054 ac
315 3003 355 3052 sic
370 3007 443 3052 totus
462 3001 564 3050 candor
583 3002 617 3050 cb
636 3001 722 3050 oculis
741 3007 883 3050 auertntur
903 3007 930 3050 ct
948 3002 1007 3051 sola
1019 3001 1118 3052 iterum
1131 3001 1248 3051 obscuro
1260 3015 1325 3066 pers
1338 3015 1400 3066 pos-

263 3072 300 3122 sit
317 3071 415 3120 uideri.
452 3069 523 3134 quod
541 3067 600 3118 lieri
618 3069 727 3131 dicunt,
753 3084 813 3118 cum
832 3069 923 3118 lumen
941 3069 1023 3120 lunoe
1042 3071 1151 3120 uidetur
1169 3084 1293 3119 erescere
1313 3083 1401 3134 usque

264 3139 298 3188 ad
317 3139 442 3204 quintum
460 3137 595 3186 decimam
615 3141 643 3186 et
661 3151 752 3188 urruns
771 3151 855 3203 usque
875 3135 910 3187 ad
928 3138 1097 3188 tricesimam
1111 3137 1195 3187 minui
1209 3143 1237 3186 et
1254 3137 1345 3186 redire
1366 3137 1402 3200 td

264 3222 375 3269 cornus,
395 3206 482 3256 ‹lonec
500 3207 610 3270 penitus
628 3203 696 3254 nihil
714 3207 742 3254 in
762 3221 796 3254 eo
813 3205 882 3254 lueis
902 3213 1043 3270 apparent.
1081 3210 1217 3255 utcontra
1236 3205 1285 3255 alii
1303 3205 1403 3254 dirunt

262 3275 355 3325 lunum
379 3289 433 3324 non
457 3288 505 3322 siro
528 3273 635 3336 fulgere
659 3273 760 3322 lumine
785 3273 833 3322 sed
855 3289 872 3323 a
894 3274 952 3324 sole
977 3273 1103 3338 accipere
1129 3274 1229 3323 lumen.
1266 3272 1307 3322 sol
1326 3275 1403 3324 euius

262 3344 303 3393 illi
323 3343 383 3392 loeo
401 3342 526 3407 superlor
549 3349 599 3390 est.
636 3341 699 3391 hice
725 3343 818 3390 euenit
840 3347 871 3391 ut
888 3343 996 3407 quondo
1015 3342 1064 3392 snb
1083 3341 1131 3391 illo
1155 3348 1197 3390 est
1220 3347 1300 3407 purte
1319 3338 1401 3406 supe·

262 3413 333 3462 riore
352 3411 454 3466 luceat.
473 3409 603 3460 inferiore
621 3425 686 3459 uero
704 3425 784 3473 qnam
802 3409 887 3460 hahet
905 3410 939 3459 ad
958 3416 1047 3459 terres
1059 3409 1176 3460 obscure
1194 3409 1238 3459 sit.
1259 3424 1320 3458 ceum
1333 3423 1402 3458 nero

264 3481 298 3530 ab
312 3479 360 3528 illo
379 3478 522 3528 decedere·
532 3479 664 3543 eoeperit,
683 3477 843 3527 inlustretur
860 3478 943 3527 etium
962 3495 994 3527 ex
1014 3495 1047 3526 (aa
1064 3485 1143 3542 perte
1163 3493 1242 3543 quam
1261 3477 1346 3526 habet
1366 3477 1402 3526 ed

262 3555 350 3598 terres
374 3547 511 3612 incipiens
541 3563 558 3596 o
582 3546 718 3596 cornibus.
765 3547 860 3610 sicque
883 3545 1016 3611 paulatim
1039 3546 1096 3595 sole
1120 3545 1228 3610 longius
1250 3546 1401 3595 recedente

262 3631 326 3682 pars
344 3615 431 3664 omnis
450 3614 585 3664 subterior
603 3615 793 3676 inluminatur,
821 3614 907 3664 ‹lorrec
927 3613 1066 3663 cstieiutur
1084 3615 1178 3678 quinta
1197 3613 1304 3663 decimo
1323 3613 1401 3663 iuua.

263 3691 324 3750 post
342 3683 482 3732 dimidium
502 3689 591 3732 eutem
611 3697 731 3732 mensem
750 3698 810 3731 eum
830 3683 953 3747 eoeperit
971 3698 1003 3731 ex
1023 3681 1078 3731 alio
1096 3681 1270 3732 semicirculo
1288 3683 1401 3746 propin-

264 3767 347 3818 quare
367 3751 428 3812 soli,
447 3754 549 3816 quanto
568 3753 656 3815 nragis
675 3767 690 3800 e
709 3751 848 3816 sirperiore
868 3755 945 3814 perte
964 3750 1137 3812 Inlustrntur,
1158 3754 1235 3799 tento
1254 3750 1344 3814 inagis
1365 3749 1401 3798 ab

264 3835 297 3870 ea
310 3826 389 3886 porte
403 3834 483 3884 quem
496 3819 577 3868 terris
591 3820 693 3870 orrertit
705 3835 759 3868 non
773 3824 863 3884 potest
877 3818 1003 3882 excipere
1017 3818 1109 3868 radios
1121 3818 1189 3868 solis
1207 3825 1233 3866 et
1250 3822 1401 3883 propterea

262 3887 372 3938 uidetur
394 3887 563 3937 decrescere.
607 3887 672 3936 illud
691 3887 867 3936 urerrisestum
886 3891 928 3936 est
953 3891 980 3936 et
999 3886 1115 3936 cuilibet
1133 3886 1289 3936 aduertenti
1312 3885 1401 3935 facile

263 3957 417 4020 cognitum,
442 3955 512 4019 quod
534 3954 599 4004 Iuno
622 3971 676 4004 non
700 3960 835 4020 erigentur
862 3953 896 4003 ed
921 3953 1014 4004 oculos
1038 3959 1145 4004 nostros
1168 3954 1221 4004 nisi
1245 3969 1262 4002 a
1280 3953 1338 4002 sole
1357 3969 1402 4002 re·

264 4024 385 4074 cedendo
404 4039 493 4088 neque
511 4023 650 4072 minuetur
667 4023 720 4073 nisi
740 4023 775 4072 ud
793 4023 878 4072 solem
898 4027 1027 4088 exparte
1047 4023 1104 4072 alie
1122 4020 1338 4088 propinquando.
1363 4022 1400 4070 ιιι)

263 4091 311 4141 ιιιο
336 4107 400 4156 ergo
424 4092 530 4155 accipIt
551 4090 641 4140 lumen
666 4097 694 4140 et
716 4106 777 4140 cum
801 4091 851 4140 sub
870 4089 917 4140 illo
936 4094 978 4140 cst
1001 4107 1108 4156 semper
1132 4092 1232 4156 exigua
1256 4093 1311 4150 cst;
1336 4105 1399 4138 eum

262 4173 328 4209 uero
353 4159 387 4208 ah
412 4158 459 4208 illo
481 4155 591 4223 Ionhius
615 4159 795 4217 abscesserit,
823 4159 853 4208 lit
876 4157 968 4224 ampla
991 4173 1093 4224 suoque
1117 4159 1222 4208 ambitu
1246 4157 1338 4223 plena.
1375 4159 1402 4207 si

263 4227 334 4276 enim
354 4243 403 4278 suo
421 4226 523 4276 lumine
542 4232 673 4290 uteretur,
694 4241 807 4277 neeesse
827 4231 885 4276 erat
904 4243 1090 4293 compererim
1109 4243 1169 4278 esse
1184 4225 1326 4292 aequalem
1346 4241 1401 4276 nee

265 4331 464 4340 --——-—-.-—

352 4393 359 4442 1
378 4381 466 4458 signa
483 4377 606 4464 addititii
623 4391 639 4444 2
654 4381 778 4440 semisse
795 4382 825 4440 id
844 4389 889 4438 est
907 4380 1032 4441 dimidiu
1044 4381 1118 4442 hora
1130 4383 1224 4440 Sobel.
1243 4385 1337 4440 Germ.
1353 4375 1403 4462 Hit

263 4466 428 4526 bissextum
444 4468 537 4526 Buhic
554 4469 607 4540 (ric
619 4477 720 4542 posteo
737 4478 859 4544 quoque)
875 4465 888 4548 ζ,
905 4479 920 4528 o
937 4467 967 4526 id
984 4477 1031 4528 est
1044 4472 1162 4542 scriper':
1177 4466 1257 4526 idem
1279 4469 1385 4554 Bulitc¹
