3072 5064
766 403 897 446 PBA'I'VM

257 549 339 614 Kal.
359 544 570 632 Decembris,
599 548 716 614 diebus
738 551 811 615 XC.
842 550 917 615 indo
945 550 1026 614 liunt
1046 552 1124 614 anui
1147 551 1305 614 uertentis
1334 549 1405 613 dies

121 734 254 808 ·123*
348 753 532 818 sonamite
561 752 625 816 duo
652 760 744 816 sunt:
788 755 926 840 primum
954 769 1114 818 uruuanu
1141 752 1224 816 VIII
1257 751 1329 816 Kal.
1353 753 1404 815 Ia-

262 857 411 936 nuarias,
443 877 505 942 quo
536 852 585 918 sol
610 863 674 917 stat
698 865 730 918 et
759 865 910 920 crescunt
938 855 1024 919 dies:
1066 855 1203 918 alterum
1228 867 1405 918 Ausmvvu

264 956 347 1021 VIII
369 956 445 1021 Kal.
476 955 591 1037 Iulias,
616 977 678 1042 quo
701 955 749 1020 sol
771 966 835 1018 stat
857 965 889 1018 et
917 965 1068 1020 crescunt
1089 965 1211 1020 noctes.
1254 955 1306 1019 his
1330 977 1427 1020 con-a

263 1060 364 1122 traria
393 1059 457 1123 duo
485 1073 722 1132 asquuocrm
754 1067 844 1121 sunt:
895 1081 994 1122 unum
1031 1073 1193 1120 versans
1220 1055 1301 1119 VIII
1328 1055 1405 1119 Kal.

263 1161 404 1247 Aprilis,
427 1180 490 1245 quo
512 1159 582 1222 dies
605 1169 770 1222 crescunt:
803 1157 939 1222 alterum
963 1175 1201 1222 aurvuruana
1226 1157 1308 1220 VIII
1330 1156 1404 1220 Kal.

176 1337 180 1346 .
263 1261 432 1342 Octobris,
456 1282 519 1344 quo
536 1259 605 1326 dies
626 1263 825 1324 minuuntur.
863 1260 1038 1326 solstitium
1055 1269 1163 1324 autem
1179 1260 1297 1324 dicitur
1311 1260 1406 1342 quasi

265 1504 435 1569 alterumque
455 1501 658 1564 aequinoctium
677 1503 778 1562 librae,
803 1501 851 1564 qui
869 1502 966 1566 stipsi
986 1502 1044 1552 dies
1062 1516 1124 1550 raro
1142 1515 1195 1550 non
1214 1499 1320 1564 aliquos
1339 1503 1407 1548 tem»

264 1577 402 1638 pestutum
419 1569 592 1636 significatus
610 1570 720 1620 habeut.
757 1583 849 1619 rursus
866 1568 895 1618 hi
911 1569 1038 1618 cardines
1056 1569 1172 1634 singulis
1195 1569 1344 1616 etiamnum
1363 1583 1407 1616 ar·

265 1640 357 1690 ticuIIs
375 1646 525 1703 temporum
544 1637 714 1700 diuiduntur,
737 1653 787 1702 per
810 1637 901 1686 media
919 1652 1013 1686 omnes
1031 1635 1135 1686 dierum
1153 1636 1259 1701 spatia,
1279 1635 1407 1699 quoniam

265 1709 336 1757 Inter
359 1706 505 1756 solstItium
529 1711 557 1754 et
579 1705 782 1768 aequinoctium
805 1706 926 1754 autumni
950 1703 1078 1754 fidiculae
1108 1719 1224 1754 occasus
1248 1708 1407 1752 autumnum

265 1775 377 1824 inchoat
395 1774 439 1823 die
457 1773 559 1832 XLVI,
580 1779 609 1821 at
633 1773 667 1822 ab
687 1773 861 1838 aequinoctio
880 1787 912 1822 eo
931 1773 966 1822 ad
983 1772 1106 1822 brumam
1124 1771 1302 1836 uergiIiarum
1320 1775 1409 1820 matu·

265 1844 338 1892 tinus
361 1857 476 1892 occasus
495 1840 612 1891 hiemem
636 1841 679 1890 dic
698 1841 819 1902 XLIIII‚
844 1841 918 1889 iuter.
940 1841 1063 1890 brumam
1087 1844 1114 1888 et
1136 1839 1339 1904 aequinoctium
1362 1837 1407 1888 die

265 1911 338 1960 XLV
357 1910 438 1958 flatus
457 1909 550 1958 tanoni
568 1923 680 1958 uernum
695 1915 808 1972 tempus,
830 1908 864 1956 ab
883 1908 1057 1972 aequiuocu'o
1075 1922 1159 1956 uerno
1171 1907 1277 1956 initium
1290 1906 1409 1956 aestatis

265 1979 309 2027 die
328 1977 445 2028 XLVIII
463 1975 640 2041 uergiliarum
659 1981 752 2026 exortu
770 1973 924 2024 matutino)
948 1975 1011 2025 237:
1032 1975 1063 2024 ‘A
1081 1975 1193 2024 fauente
1212 1975 1240 2022 in
1259 1973 1407 2038 aequinoc-

265 2047 332 2094 tium
355 2059 468 2094 uernum
486 2043 601 2093 Caesari
623 2044 778 2109 significat,
802 2043 885 2092 XIIII
909 2043 1049 2093 Kalendas
1073 2044 1155 2092 Mart.
1178 2042 1296 2091 triduum
1319 2040 1408 2096 name.

266 2118 294 2162 et
311 2111 452 2162 Kalendas
470 2111 624 2161 hirundinis
648 2113 709 2161 uisu
732 2117 761 2162 et
783 2117 890 2175 postero
914 2111 959 2160 die
982 2111 1084 2160 arcturi
1109 2115 1204 2159 exortu
1225 2105 1406 2173 uespertiuo.'

265 2179 328 2232 239:
350 2180 470 2230 ‘interim
490 2180 525 2228 ab
544 2195 576 2228 eo
589 2179 632 2229 die
653 2180 776 2244 quisquis
790 2177 837 2228 ille
851 2179 942 2240 fauerit,
961 2193 1014 2242 quo
1031 2179 1097 2228 flare
1117 2177 1254 2241 (sarreriae)
1274 2177 1406 2241 coeperit,

266 2264 319 2298 non
331 2248 424 2312 utique
437 2246 490 2296 VII
509 2247 569 2296 idus
581 2248 662 2297 Febr.
688 2248 736 2296 sed
749 2247 808 2296 siue
822 2253 900 2306 ante,
915 2247 1022 2311 quaudo
1035 2251 1210 2310 prasumat,
1229 2245 1288 2294 siue
1301 2251 1407 2308 postea,

266 2316 374 2382 quando
393 2315 496 2365 hiemat
514 2320 574 2380 post
592 2315 665 2364 diem
683 2313 800 2364 certum’
821 2330 844 2363 e.
865 2331 890 2378 q.
910 2329 932 2364 s.
968 2313 1032 2363 teu:
1060 2313 1275 2378 ‘aequinoctium
1294 2325 1409 2360 uernum

267 2401 292 2434 a.
312 2384 337 2433 d.
356 2384 423 2432 VIII
442 2383 583 2432 Kalendas
601 2383 686 2447 April.
710 2383 807 2448 peragi
830 2380 955 2431 uidetur!
991 2380 1053 2430 ²48:
1080 2381 1133 2431 ‘sic
1158 2381 1215 2430 lere
1239 2381 1268 2429 in
1290 2380 1328 2428 Vl
1346 2379 1409 2428 idus

267 2452 387 2516 (Maias),
407 2451 453 2516 qui
472 2456 514 2500 est
531 2451 710 2515 uergiliarum
728 2455 845 2509 exortus,
865 2449 1012 2500 decurrunt
1023 2447 1135 2499 sidera)
1171 2448 1234 2497 255:
1254 2448 1291 2496 XI
1306 2445 1408 2496 Kalen-

267 2521 317 2570 das
336 2519 447 2583 (Iunias)
466 2519 581 2568 Caesari
600 2517 709 2568 Orionis
728 2517 836 2583 gladius
859 2517 986 2567 occidere
1010 2515 1132 2581 incipit.'
1169 2513 1231 2564 too:
1256 2515 1333 2563 ‘VIII
1351 2515 1408 2564 Ka·

267 2587 364 2638 lendes
382 2585 470 2636 lullae
487 2601 551 2634 uero
569 2585 745 2650 longissimus
768 2585 828 2635 dies
851 2585 935 2634 totius
960 2585 1025 2634 anni
1049 2589 1077 2634 et
1101 2599 1154 2634 uox
1173 2583 1336 2634 breuissima
1354 2581 1407 2632 aol-

267 2655 371 2706 stItium
390 2650 555 2703 conficiunt.¹
591 2652 653 2701 271:
674 2654 725 2703 ‘III
743 2653 804 2703 idus
822 2653 915 2717 (Asty.)
934 2651 1046 2701 fidicula
1064 2667 1165 2701 occasu
1183 2667 1231 2702 suo
1250 2657 1408 2700 autumnum

268 2722 380 2772 inchoat
398 2721 438 2770 nti
455 2721 479 2770 is
498 2721 619 2783 (Caesar)
639 2721 760 2770 adnotat.
797 2721 845 2770 sed
863 2735 931 2769 uera
949 2721 1019 2770 ratio
1037 2719 1064 2770 id
1083 2720 1142 2769 lieri
1162 2719 1269 2768 inuenit
1287 2717 1323 2766 v1
1347 2718 1409 2766 idus

268 2786 398 2840 easdem)
431 2789 468 2838 ct'.
487 2787 546 2836 289.
581 2786 644 2837 309:
664 2788 791 2836 ‘Kalend
811 2789 980 2853 Septembris
999 2788 1113 2837 Caesari
1132 2791 1160 2836 et
1178 2787 1308 2850 Assyriae
1327 2785 1410 2834 stella

268 2871 338 2922 quae
357 2855 521 2906 uindemitor
539 2854 695 2920 appellatur
713 2856 812 2905 exoriri
831 2871 909 2905 mane
928 2856 1027 2920 incipit
1048 2855 1204 2904 uindemIee
1222 2853 1408 2903 maturitatem

268 2921 447 2990 promittens.'
484 2921 546 2972 311:
573 2923 724 2988 ‘ipsumque
745 2923 901 2987 aequinocti
922 2924 996 2973 sidus
1014 2923 1082 2972 VIII
1101 2922 1242 2972 Kalendas
1259 2920 1408 2970 Octobris)

268 2991 331 3042 314:
351 2990 402 3040 ‘III
420 2989 481 3040 idus
494 2991 585 3053 (Neu.)
599 2991 733 3055 uergiliae
746 2989 893 3040 occidunt'
907 3017 937 3028 -
948 2990 1101 3040 Columella
1113 2991 1151 3040 XI
1164 2991 1188 3049 2,
1205 2989 1248 3040 15:
1269 2989 1299 3036 ‘V
1302 2990 1329 3038 II
1342 2989 1409 3038 Idne

267 3060 350 3109 Febr.
369 3057 475 3108 fauonii
493 3058 598 3122 spirare
617 3056 774 3123 Incipiunt)
812 3058 858 3107 21:
884 3059 950 3108 ‘VII
968 3059 1028 3108 Cal.
1046 3059 1141 3107 Martii
1163 3057 1279 3106 hirundo
1301 3057 1410 3121 conspi-

194 3159 201 3168 ·
269 3124 357 3176 citur)
394 3123 439 3174 36:
460 3126 583 3176 ‘DeeImo
601 3125 661 3174 Cal.
680 3127 771 3176 Maias
789 3126 928 3192 Vergiliae
948 3141 1007 3176 eum
1026 3126 1084 3176 sole
1103 3123 1245 3175 oriuntur.’
1274 3123 1326 3174 ⁶39:
1347 3125 1409 3173 ‘VII

268 3194 332 3244 Idus
351 3193 440 3243 Maias
459 3193 574 3242 aestatis
596 3193 725 3243 initium'
761 3195 808 3243 40:
836 3195 887 3244 ‘VI
910 3195 975 3243 Idae
994 3194 1134 3259 Vergiliae
1158 3199 1233 3242 totae
1253 3190 1409 3258 apparent.'

269 3263 314 3311 57:
335 3261 437 3310 ‘Pridie
449 3261 515 3310 Idus
527 3260 596 3326 Aug.
609 3261 687 3310 Fidis
700 3262 801 3311 occidit
813 3277 893 3312 mane
907 3267 934 3312 et
953 3267 1099 3311 autumnus
1110 3259 1227 3325 incipit!
1263 3261 1310 3310 tt:
1330 3259 1410 3310 ‘XIII

269 3329 329 3379 Cal.
355 3329 430 3393 Sept.
547 3328 609 3378 lidie
628 3330 737 3380 occidit.
766 3330 873 3380 decimo
895 3329 959 3378 Kal.
982 3329 1120 3394 Septemb.
1144 3343 1177 3378 ex
1201 3329 1295 3378 eodem
1319 3327 1410 3378 sidere

269 3403 419 3462 tempestas
437 3395 593 3461 plerumque
613 3397 699 3448 oritur
716 3403 745 3446 et
762 3396 875 3462 pluuia.’
911 3397 956 3446 84:
977 3397 1064 3447 ‘sexto
1083 3398 1147 3447 Idus
1165 3396 1326 3446 Nouembris
1344 3395 1410 3444 Ver-

269 3465 353 3528 giliae
377 3479 457 3514 mane
480 3465 611 3514 occidunt
723 3467 817 3529 quinto
836 3465 948 3529 (quarto
973 3466 1136 3526 Pontedera)
1160 3464 1225 3514 Idus
1248 3463 1411 3514 Nouembris

268 3533 365 3582 hiemis
383 3529 510 3582 Initium!

261 3598 272 3605 “
357 3597 427 3652 123*
444 3599 565 3650 Isidorus
583 3599 616 3650 de
635 3605 736 3650 natura
753 3615 843 3650 rerum
862 3601 941 3650 VIII:
962 3601 1017 3650 ‘De
1036 3601 1156 3650 solstitio
1174 3605 1203 3649 et
1226 3599 1411 3664 aequinoctio.

270 3669 436 3719 Solstitia
449 3667 511 3717 duo
524 3666 612 3716 aunt'
626 3683 650 3717 e.
664 3685 689 3732 q.
703 3684 724 3716 s.
740 3695 771 3704 -
785 3669 895 3718 Servius
908 3683 1002 3734 georg.
1015 3670 1028 3718 1
1044 3667 1092 3718 100
1109 3668 1190 3730 (unde
1209 3667 1305 3717 eadem
1323 3666 1412 3716 Isido-

270 3751 315 3786 rus
338 3739 426 3801 origg.
450 3736 474 3783 V
492 3735 549 3796 uu:
587 3737 661 3785 ‘Duo
684 3741 748 3786 sarit
770 3735 903 3786 solstitia:
936 3751 1017 3786 unum
1045 3736 1179 3786 aestiuum
1201 3735 1269 3785 VIII
1294 3734 1411 3784 Kalend.

270 3805 336 3854 Iulii
354 3805 407 3864 die,
428 3819 480 3867 quo
499 3809 620 3868 tempore
633 3819 756 3852 remeare
770 3803 810 3854 sol
824 3803 859 3853 ad
871 3804 1016 3854 inferiores
1029 3805 1125 3868 incipit
1143 3803 1276 3863 circulos;
1295 3809 1324 3851 et
1336 3801 1412 3852 aliud

270 3871 389 3922 hiemale
408 3871 474 3920 VIII
493 3870 679 3920 Kalendarum
698 3871 824 3920 Ianuarii
842 3871 896 3930 die,
916 3885 968 3935 quo
986 3879 1107 3936 tempore
1121 3872 1163 3920 sol
1181 3871 1294 3920 altiores
1314 3871 1413 3936 incipit

271 3939 388 3989 circulos
405 3945 509 4006 petere.
546 3939 616 3988 unda
635 3938 761 3988 hiemalis
778 3939 891 3990 solstitii
909 3939 967 3988 dies
986 3939 1127 3996 minimus,
1145 3940 1218 3988 sient
1236 3938 1337 3988 aestiui
1354 3953 1413 3986 ma-

270 4008 359 4056 ximus
378 4007 517 4056 inuenitur
537 4040 602 4056 .....
622 4005 675 4056 duo
694 4007 870 4070 aequinoctia
883 4020 965 4057 uuum
984 4008 1096 4056 uernale
1110 4014 1138 4057 et
1150 4005 1225 4057 aliud
1238 4005 1413 4056 aucmmnale

357 4174 366 4223 1
390 4161 409 4213 <I
425 4167 448 4219 Α
463 4156 476 4243 ΙΙ
491 4159 567 4220 XCI
584 4158 635 4240 Ali
651 4161 732 4220 unde
749 4163 776 4216 B
790 4157 803 4242 li
819 4161 911 4220 efiaut
931 4167 955 4218 A
978 4163 1085 4220 liniunt
1106 4165 1134 4220 B
1148 4157 1161 4244 ll
1176 4173 1193 4226 3
1207 4160 1362 4220 solesticia
1376 4159 1412 4220 A¹

270 4249 414 4308 solistitia
425 4242 491 4304 BA²
507 4241 520 4328 ΙΙ
535 4243 695 4306 hiemalem
713 4242 899 4306 A‘Iheruale
914 4250 942 4304 B
957 4243 969 4328 ll
984 4245 1035 4306 ian
1055 4253 1078 4304 Α
1093 4247 1296 4306 ianuariarum
1312 4242 1381 4325 13²1}
1397 4258 1415 4309 d

270 4333 351 4412 quod
370 4327 407 4388 B¹
432 4329 444 4410 [Ι
465 4332 544 4393 stul.
561 4331 582 4390 k
599 4338 621 4388 A
641 4327 654 4412 ll
674 4330 755 4412 quod
772 4327 812 4388 B¹
835 4327 848 4412 ll
869 4342 886 4393 6
911 4333 1066 4392 uernalcm
1081 4337 1106 4390 A
1126 4327 1139 4414 {l
1161 4339 1176 4395 7
1196 4351 1234 4392 cx
1258 4351 1317 4410 quo
1331 4335 1384 4390 AB
1399 4331 1412 4412 Η

271 4417 444 4478 autumnale
467 4411 519 4498 ΒΙΙ
534 4427 552 4480 8
566 4417 698 4476 octubris
718 4412 758 4474 ΒΙ
775 4411 790 4497 Η
804 4416 988 4476 solesticiam
1008 4414 1045 4475 Α1
1070 4415 1245 4477 solistitium
1256 4411 1322 4478 ΒΑ9
