3138 5100
395 421 398 428 ·
496 405 524 444 r.
541 403 717 444 mrseusmr
733 403 973 446 eouuuaraarvs
1239 385 1300 446 483

162 552 285 632 rigandi
312 553 476 612 sedulitate
499 555 659 633 plurimum
686 555 827 614 vitio‘mm
849 556 1009 614 traxerint.
1054 554 1140 634 Quos
1167 575 1229 615 non
1257 565 1303 616 est

162 653 346 728 mirandum,
363 655 459 714 sicubi
475 657 674 736 apertissimis
689 657 809 716 mendis
824 657 1004 737 quibusdum
1017 671 1109 738 atque
1122 657 1201 716 adeo
1216 679 1301 716 mon-

163 758 233 816 stris
253 758 421 835 scripturae
446 758 515 836 ipse
540 767 628 816 vetus
650 759 807 818 Parisinus
832 757 877 838 (ut
900 759 1017 819 seruiit
1039 761 1070 818 in
1092 759 1150 818 hoe
1171 757 1300 838 genere)

146 858 341 938 'inquinatus
365 866 412 917 est
426 868 550 938 praeter
570 858 706 930 solitam,
731 860 785 918 tali
808 863 981 940 corruptela
1002 860 1114 920 liberos
1137 861 1301 920 mansisse:

163 979 242 1039 qnae
258 980 321 1018 non
337 961 463 1040 propria
482 961 578 1019 virtus
595 969 641 1020 est
656 961 757 1040 potius
775 981 865 1040 quam
886 964 1010 1022 fortuita
1026 964 1162 1022 vacuitas
1179 965 1301 1022 erroris.

152 1043 256 1121 ¹Velut
270 1063 302 1121 in
318 1063 371 1120 illo
387 1062 413 1120 si
428 1071 586 1141 peceatum
603 1072 649 1122 est
664 1067 731 1120 diem
747 1071 773 1120 rt
789 1065 904 1122 irrlaeur'us
919 1075 946 1122 et
961 1085 991 1144 p.
1008 1073 1050 1138 07,
1071 1075 1115 1138 10,
1132 1069 1303 1122 simiuistros

162 1169 211 1236 28,
227 1172 256 1235 4,
273 1167 415 1221 remedius
428 1167 505 1222 dedit
519 1171 569 1238 32,
595 1175 643 1240 10,
666 1173 696 1224 et
718 1165 744 1224 si
769 1185 847 1245 quae
869 1167 930 1226 alia
951 1175 1022 1226 sunt
1042 1175 1109 1225 utut
1132 1187 1189 1245 per
1209 1185 1242 1225 se
1258 1166 1302 1225 vi·

161 1264 255 1338 tiosa,
278 1273 310 1323 at
325 1264 499 1324 levidensis
519 1285 594 1344 prae
615 1265 809 1325 multitudine
831 1269 1056 1345 praeclarorum
1078 1268 1243 1328 lectionum
1264 1267 1302 1326 ab

163 1365 272 1424 eodem
296 1367 407 1425 Aeolo
430 1377 627 1426 servatarum.
670 1367 741 1426 Non
764 1376 864 1426 autem
887 1370 985 1448 ipsum
1001 1371 1117 1429 fontem
1134 1379 1303 1428 ceterorum

161 1467 334 1526 Parisinurn
350 1487 418 1555 esse
435 1468 601 1527 certissimo
617 1461 808 1546 intellegitur
827 1469 885 1529 lroe
908 1471 1107 1544 documento,
1130 1470 1213 1551 quod
1235 1489 1301 1548 gra·

161 1569 208 1628 vis
224 1569 334 1628 luouna
348 1570 416 1643 illa,
440 1589 501 1650 quo
520 1571 553 1629 in
570 1575 593 1628 Α
608 1571 716 1630 hausta
738 1580 810 1630 sunt
829 1571 924 1632 verba
944 1593 975 1652 p.
991 1581 1039 1645 08,
1056 1581 1073 1636 0
1088 1593 1156 1652 sqq.
1178 1578 1303 1630 recitare

161 1675 358 1729 adornantem
368 1689 441 1750 rcum
462 1677 586 1730 uenisset
607 1677 712 1732 dicitur
734 1677 843 1731 initium
867 1678 980 1748 quidem
1001 1676 1121 1749 subulae
1141 1679 1219 1750 quod
1239 1684 1303 1732 erut

161 1778 327 1846 corrumpti,
345 1774 383 1833 ad
400 1782 518 1834 eeteros
535 1795 640 1834 ornnes
657 1795 720 1834 non
742 1776 899 1853 pertinuit.
936 1775 986 1835 Ad
1009 1785 1179 1854 temporum
1201 1785 1303 1836 autem

161 1874 303 1932 iniuriam
330 1884 361 1933 et
385 1876 532 1934 incuriam
559 1875 714 1934 hominum
741 1875 823 1956 quod
846 1878 1012 1936 accessisse
1035 1877 1125 1936 etiam
1146 1879 1302 1936 hominurn

162 1977 303 2034 iniuriam
318 1976 503 2054 significavi,
527 1977 590 2035 eius
611 1979 656 2036 rei
674 1987 773 2036 nemus
789 1980 876 2037 testis
893 1979 991 2037 codex
1005 1978 1176 2038 Vrbinus
1194 1987 1301 2052 exstat,

161 2077 349 2156 grammatici
365 2079 491 2137 alieuius
507 2077 588 2136 haud
609 2077 726 2138 indocti
748 2088 779 2137 et
794 2099 881 2138 ouras
904 2089 935 2138 et
954 2080 1228 2158 interpolationem
1252 2101 1302 2140 ex·

162 2189 277 2258 pertus.
314 2178 406 2240 Vnde
423 2199 486 2238 non
503 2188 550 2239 est
564 2180 670 2238 mirum
697 2179 757 2238 alia
772 2180 805 2240 in
821 2181 879 2239 hoo
900 2181 976 2239 libro
993 2201 1066 2240 vere
1083 2191 1219 2241 00000000
1234 2201 1303 2241 esse

161 2292 196 2342 ut
219 2301 249 2360 p.
265 2289 313 2354 28,
334 2290 351 2343 6
371 2299 476 2355 opero,
501 2290 549 2355 28,
575 2291 607 2342 10
627 2285 752 2351 initium,
774 2287 856 2354 29,'9
872 2303 1003 2352 aramum,
1019 2302 1050 2361 p.
1066 2291 1115 2356 30,
1133 2293 1163 2344 12
1178 2287 1261 2340 laelio
1276 2293 1303 2340 et

161 2387 296 2457 scipioni,
311 2389 360 2456 34,
379 2391 410 2444 12
427 2387 590 2456 despectus,
608 2392 656 2455 35,
673 2385 847 2457 afuturam:
862 2386 992 2463 turpiter
1008 2383 1132 2442 foedata
1148 2385 1223 2457 alia,
1242 2404 1301 2465 quo

162 2495 286 2564 praeter
301 2493 404 2544 uetera
426 2485 469 2561 (in
487 2485 534 2543 his
550 2483 683 2542 deletum
699 2488 744 2543 die
760 2483 940 2544 rotabulum
956 2506 986 2565 p.
1002 2493 1049 2558 ⁶29,
1066 2482 1095 2560 8)
1118 2485 1242 2562 gravior
1256 2486 1302 2544 in·

163 2586 327 2666 terpolatio
344 2587 398 2644 illa
419 2587 555 2664 pertinet
576 2605 636 2666 qua
657 2606 688 2664 p.
705 2597 755 2658 30,
780 2595 797 2648 3
818 2586 914 2645 verba
943 2607 1022 2668 quae
1047 2595 1117 2646 stant
1137 2591 1302 2661 quibuscum

160 2689 348 2762 familiariter
375 2691 450 2744 uiuit
472 2688 621 2746 iterantur
648 2707 664 2746 e
687 2707 717 2766 p.
739 2695 788 2756 27,
812 2697 839 2750 3.
878 2687 1070 2767 Quamquam
1092 2709 1131 2747 no
1154 2709 1173 2746 a
1193 2689 1302 2748 esteris

164 2789 288 2869 quidem
303 2788 387 2874 libris
406 2787 580 2868 corrigendi
601 2787 735 2848 studium
755 2789 890 2848 alionum
916 2791 1010 2849 fuisse
1037 2790 1111 2848 talia
1134 2789 1303 2849 ostendunt

164 2892 267 2971 qualia
282 2901 353 2950 sunt
368 2893 400 2950 in
418 2890 598 2952 Vrbinati
614 2893 740 2970 Regin
751 2893 900 2972 ensique
917 2893 1094 2951 e'l'erentio
1110 2893 1239 2971 petitum
1256 2895 1305 2948 iau

163 3013 194 3072 p.
211 3003 253 3066 30,
270 3007 296 3066 5,
312 2993 364 3052 vel
379 2993 518 3052 indidem
534 2995 681 3052 insertum
696 3003 822 3067 tempore
837 2995 870 3050 in
886 2991 1084 3064 Vrbinati,
1101 2992 1302 3065 Leidensi,

164 3094 380 3172 Baginensi
403 3115 434 3174 p.
450 3103 493 3168 30,
513 3105 552 3168 ll,
577 3097 629 3153 vel
645 3104 769 3173 praeter
784 3094 1031 3156 Vrbinatenuout
1053 3095 1085 3152 in
1102 3095 1167 3152 solo
1184 3095 1212 3153 a
1223 3093 1303 3170 egi·

163 3199 277 3256 aeusi
292 3217 323 3277 p.
340 3205 389 3270 ⁶26,
411 3207 454 3258 10:
478 3197 531 3255 illa
545 3206 579 3254 nt
598 3215 722 3275 prorsus
738 3203 857 3254 taceam
877 3195 909 3254 in
926 3195 1035 3275 quibus
1052 3214 1157 3254 ournes
1173 3214 1303 3252 cousen-

163 3300 243 3358 tlunt
258 3307 364 3358 contro
380 3304 412 3357 A.

248 3402 271 3457 Ζ
295 3399 462 3459 editionem
488 3399 659 3478 principem
686 3418 753 3456 eam
775 3398 839 3458 dixi
863 3417 942 3478 quoe
964 3399 1108 3456 Romae
1129 3415 1211 3454 anno
1239 3403 1303 3456 1472

163 3501 278 3581 prodiit
294 3503 374 3581 apud
389 3500 564 3560 Conrndum
580 3499 789 3579 Sweynlreym
805 3508 836 3558 et
848 3497 1018 3558 Arnoldum
1031 3497 1197 3556 Pannnrtz.
1224 3497 1304 3554 Nam

163 3604 242 3663 hano
268 3605 439 3684 prinoipem
466 3621 534 3662 esse
555 3621 682 3680 reapse,
710 3601 880 3660 insecutam
906 3599 1026 3658 ‹lemum
1052 3599 1190 3678 proximo
1220 3618 1302 3664 0000

165 3711 232 3767 1073
248 3725 338 3786 quam
359 3706 426 3764 sine
447 3705 507 3763 loni
531 3704 645 3762 anniv'e
668 3703 829 3762 notatione
846 3701 1031 3762 Vindelinus
1048 3700 1204 3779 Spirensis
1221 3701 1302 3758 forus

165 3804 267 3880 dedit,
291 3807 377 3866 liuius
400 3805 520 3865 deinum
542 3804 698 3864 traducem
720 3824 787 3862 enm
809 3823 876 3863 esse
899 3823 978 3883 quae
1000 3803 1074 3861 item
1094 3802 1161 3862 sine
1182 3802 1249 3859 loeo
1273 3812 1303 3858 et

164 3927 247 3967 anno
264 3909 375 3968 emissa
390 3907 429 3966 ad
444 3907 624 3968 Mentelium
640 3907 935 3984 Argentoratensem
949 3905 1093 3976 refertur,
1118 3922 1181 3960 non
1197 3901 1302 3981 paucis

165 4029 231 4068 eum
246 4011 328 4069 vitiis
344 4010 553 4089 inquinatam,
575 4009 665 4068 certis
685 4008 758 4066 mihi
774 4007 959 4085 argumentis
976 4006 1157 4083 Sehopenus
1177 4023 1302 4082 persua·

164 4111 212 4170 sit.
249 4111 292 4170 Vt
307 4111 429 4172 fallatur
444 4131 509 4171 enm
530 4111 597 4170 aliis
614 4109 836 4187 bibliographis
850 4107 983 4166 Ebertus
1004 4129 1035 4166 n.
1052 4113 1122 4168 6333
1137 4123 1206 4184 sqq.
1244 4105 1303 4162 llla

163 4213 256 4292 igitur
271 4233 344 4272 vere
359 4215 518 4293 princeps,
542 4231 561 4270 a
583 4231 644 4291 qua
665 4219 768 4270 tamen
791 4230 854 4268 non
877 4209 937 4267 nisi
960 4209 1126 4287 perleviter
1141 4205 1303 4266 Vindelini

164 4315 338 4394 exemplum
359 4313 528 4392 discrepat,
557 4314 632 4392 quin
654 4331 670 4370 e
693 4311 799 4370 codiee
814 4309 1017 4370 Vrbinatis
1039 4308 1189 4366 simillimo
1212 4307 1303 4365 dueta

163 4417 217 4490 sit,
234 4417 374 4495 singulae
390 4418 455 4474 fere
471 4415 605 4494 paginae
621 4421 773 4472 testantur
788 4411 911 4496 sociatis
928 4411 978 4466 ΕΖ
991 4409 1071 4467 notis
1087 4407 1210 4466 ilustris.

1038 4508 1099 4568 31·

1172 4707 1176 4718 a
