<?xml version="1.0" encoding="UTF-8"?>
<!DOCTYPE html PUBLIC "-//W3C//DTD XHTML 1.0 Transitional//EN"
    "http://www.w3.org/TR/xhtml1/DTD/xhtml1-transitional.dtd">
<html xmlns="http://www.w3.org/1999/xhtml" xml:lang="en" lang="en">
 <head>
  <title>
</title>
<meta http-equiv="Content-Type" content="text/html;charset=utf-8" />
  <meta name='ocr-system' content='tesseract 3.04.00' />
  <meta name='ocr-capabilities' content='ocr_page ocr_carea ocr_par ocr_line ocrx_word'/>
</head>
<body>
  <div class='ocr_page' id='page_1' title='image "./csvetonitranqvi01ritsgoog_0491.png"; bbox 0 0 3190 5098; ppageno 0'>
   <div class='ocr_carea' id='block_1_1' title="bbox 258 343 1069 407">
    <p class='ocr_par' dir='ltr' id='par_1_1' title="bbox 258 343 1069 407">
     <span class='ocr_line' id='line_1_1' title="bbox 258 343 1069 407; baseline -0.006 -5"><span class='ocrx_word' id='word_1_1' title='bbox 258 343 346 406; x_wconf 79' lang='lat' dir='ltr'><strong>thtl·</strong></span> <span class='ocrx_word' id='word_1_2' title='bbox 589 357 812 407; x_wconf 76' lang='lat' dir='ltr'><strong>ovsusrronns</strong></span> <span class='ocrx_word' id='word_1_3' title='bbox 844 356 1069 398; x_wconf 78' lang='lat' dir='ltr'><strong>svsronrannn</strong></span> 
     </span>
    </p>
   </div>
   <div class='ocr_carea' id='block_1_2' title="bbox 193 499 1481 4468">
    <p class='ocr_par' dir='ltr' id='par_1_2' title="bbox 257 499 1398 1305">
     <span class='ocr_line' id='line_1_2' title="bbox 257 499 1398 586; baseline -0.006 -11"><span class='ocrx_word' id='word_1_4' title='bbox 257 535 322 575; x_wconf 88' lang='lat' dir='ltr'><strong>mus</strong></span> <span class='ocrx_word' id='word_1_5' title='bbox 338 515 443 586; x_wconf 77' lang='lat' dir='ltr'><strong>tradit,</strong></span> <span class='ocrx_word' id='word_1_6' title='bbox 462 513 569 572; x_wconf 89' lang='lat' dir='ltr'><strong>eodem</strong></span> <span class='ocrx_word' id='word_1_7' title='bbox 588 513 619 570; x_wconf 93' lang='lat' dir='ltr'><strong>ui</strong></span> <span class='ocrx_word' id='word_1_8' title='bbox 633 499 721 568; x_wconf 79' lang='lat' dir='ltr'><strong>fallor</strong></span> <span class='ocrx_word' id='word_1_9' title='bbox 737 509 946 568; x_wconf 86' lang='lat' dir='ltr'><strong>illeAfricano</strong></span> <span class='ocrx_word' id='word_1_10' title='bbox 961 528 1031 567; x_wconf 88' lang='lat' dir='ltr'><strong>usus</strong></span> <span class='ocrx_word' id='word_1_11' title='bbox 1048 507 1278 586; x_wconf 87' lang='lat' dir='ltr'><strong>quemIoannes</strong></span> <span class='ocrx_word' id='word_1_12' title='bbox 1292 507 1398 568; x_wconf 83' lang='lat' dir='ltr'><strong>Antio·</strong></span> 
     </span>
     <span class='ocr_line' id='line_1_3' title="bbox 258 610 1397 695; baseline -0.006 -20"><span class='ocrx_word' id='word_1_13' title='bbox 258 618 372 675; x_wconf 88' lang='lat' dir='ltr'><strong>chenus</strong></span> <span class='ocrx_word' id='word_1_14' title='bbox 386 616 586 695; x_wconf 77' lang='lat' dir='ltr'><strong>transcripsit.</strong></span> <span class='ocrx_word' id='word_1_15' title='bbox 616 613 725 693; x_wconf 88' lang='lat' dir='ltr'><strong>quodsi</strong></span> <span class='ocrx_word' id='word_1_16' title='bbox 744 613 949 670; x_wconf 73' lang='lat' dir='ltr'>narrationem</span> <span class='ocrx_word' id='word_1_17' title='bbox 967 611 1050 670; x_wconf 88' lang='lat' dir='ltr'><strong>illam</strong></span> <span class='ocrx_word' id='word_1_18' title='bbox 1071 610 1108 669; x_wconf 91' lang='lat' dir='ltr'><strong>de</strong></span> <span class='ocrx_word' id='word_1_19' title='bbox 1123 610 1274 688; x_wconf 81' lang='lat' dir='ltr'><strong>Tarquini</strong></span> <span class='ocrx_word' id='word_1_20' title='bbox 1291 611 1397 668; x_wconf 85' lang='lat' dir='ltr'><strong>inven-</strong></span> 
     </span>
     <span class='ocr_line' id='line_1_4' title="bbox 257 714 1398 793; baseline -0.008 -15"><span class='ocrx_word' id='word_1_21' title='bbox 257 719 295 778; x_wconf 91' lang='lat' dir='ltr'><strong>tis</strong></span> <span class='ocrx_word' id='word_1_22' title='bbox 309 717 525 776; x_wconf 83' lang='lat' dir='ltr'><strong>Suetouianam</strong></span> <span class='ocrx_word' id='word_1_23' title='bbox 541 735 607 775; x_wconf 85' lang='lat' dir='ltr'><strong>osso</strong></span> <span class='ocrx_word' id='word_1_24' title='bbox 623 715 833 793; x_wconf 86' lang='lat' dir='ltr'><strong>probavimus,</strong></span> <span class='ocrx_word' id='word_1_25' title='bbox 850 714 953 771; x_wconf 85' lang='lat' dir='ltr'><strong>secere</strong></span> <span class='ocrx_word' id='word_1_26' title='bbox 971 735 1029 772; x_wconf 91' lang='lat' dir='ltr'><strong>non</strong></span> <span class='ocrx_word' id='word_1_27' title='bbox 1045 733 1204 792; x_wconf 84' lang='lat' dir='ltr'><strong>possumus</strong></span> <span class='ocrx_word' id='word_1_28' title='bbox 1220 714 1292 790; x_wconf 91' lang='lat' dir='ltr'><strong>quin</strong></span> <span class='ocrx_word' id='word_1_29' title='bbox 1306 720 1398 770; x_wconf 86' lang='lat' dir='ltr'><strong>totam</strong></span> 
     </span>
     <span class='ocr_line' id='line_1_5' title="bbox 259 814 1397 898; baseline -0.007 -20"><span class='ocrx_word' id='word_1_30' title='bbox 259 820 296 879; x_wconf 93' lang='lat' dir='ltr'><strong>de</strong></span> <span class='ocrx_word' id='word_1_31' title='bbox 309 819 431 896; x_wconf 88' lang='lat' dir='ltr'><strong>regihus</strong></span> <span class='ocrx_word' id='word_1_32' title='bbox 442 828 557 898; x_wconf 81' lang='lat' dir='ltr'><strong>partem</strong></span> <span class='ocrx_word' id='word_1_33' title='bbox 576 817 708 876; x_wconf 78' lang='lat' dir='ltr'><strong>chronici</strong></span> <span class='ocrx_word' id='word_1_34' title='bbox 724 816 806 874; x_wconf 89' lang='lat' dir='ltr'><strong>illius</strong></span> <span class='ocrx_word' id='word_1_35' title='bbox 822 835 859 874; x_wconf 82' lang='lat' dir='ltr'><strong>ex</strong></span> <span class='ocrx_word' id='word_1_36' title='bbox 874 814 1021 874; x_wconf 85' lang='lat' dir='ltr'><strong>Suetonio</strong></span> <span class='ocrx_word' id='word_1_37' title='bbox 1034 815 1241 892; x_wconf 84' lang='lat' dir='ltr'><strong>depromptam</strong></span> <span class='ocrx_word' id='word_1_38' title='bbox 1254 834 1321 873; x_wconf 86' lang='lat' dir='ltr'><strong>esse</strong></span> <span class='ocrx_word' id='word_1_39' title='bbox 1337 823 1397 872; x_wconf 90' lang='lat' dir='ltr'><strong>sta-</strong></span> 
     </span>
     <span class='ocr_line' id='line_1_6' title="bbox 257 915 1397 1000; baseline -0.008 -18"><span class='ocrx_word' id='word_1_40' title='bbox 257 931 386 982; x_wconf 80' lang='lat' dir='ltr'><strong>tuamus.</strong></span> <span class='ocrx_word' id='word_1_41' title='bbox 403 921 481 1000; x_wconf 90' lang='lat' dir='ltr'><strong>quod</strong></span> <span class='ocrx_word' id='word_1_42' title='bbox 497 921 602 981; x_wconf 87' lang='lat' dir='ltr'><strong>nescio</strong></span> <span class='ocrx_word' id='word_1_43' title='bbox 614 939 653 976; x_wconf 88' lang='lat' dir='ltr'><strong>an</strong></span> <span class='ocrx_word' id='word_1_44' title='bbox 665 918 767 976; x_wconf 87' lang='lat' dir='ltr'><strong>verbis</strong></span> <span class='ocrx_word' id='word_1_45' title='bbox 783 916 945 976; x_wconf 86' lang='lat' dir='ltr'><strong>adiuvetur</strong></span> <span class='ocrx_word' id='word_1_46' title='bbox 957 937 1036 996; x_wconf 88' lang='lat' dir='ltr'><strong>quae</strong></span> <span class='ocrx_word' id='word_1_47' title='bbox 1052 917 1082 974; x_wconf 94' lang='lat' dir='ltr'><strong>in</strong></span> <span class='ocrx_word' id='word_1_48' title='bbox 1098 917 1293 993; x_wconf 90' lang='lat' dir='ltr'><strong>inscriptione</strong></span> <span class='ocrx_word' id='word_1_49' title='bbox 1309 915 1397 973; x_wconf 90' lang='lat' dir='ltr'><strong>huius</strong></span> 
     </span>
     <span class='ocr_line' id='line_1_7' title="bbox 257 1018 1398 1104; baseline -0.007 -24"><span class='ocrx_word' id='word_1_50' title='bbox 257 1026 353 1104; x_wconf 85' lang='lat' dir='ltr'><strong>partis</strong></span> <span class='ocrx_word' id='word_1_51' title='bbox 366 1025 523 1100; x_wconf 85' lang='lat' dir='ltr'><strong>leguntur:</strong></span> <span class='ocrx_word' id='word_1_52' title='bbox 548 1028 610 1080; x_wconf 84' lang='lat' dir='ltr'><strong>r&#39;tcm</strong></span> <span class='ocrx_word' id='word_1_53' title='bbox 625 1026 699 1094; x_wconf 75' lang='lat' dir='ltr'><strong>oripo</strong></span> <span class='ocrx_word' id='word_1_54' title='bbox 714 1025 800 1094; x_wconf 73' lang='lat' dir='ltr'><strong>peritis</strong></span> <span class='ocrx_word' id='word_1_55' title='bbox 816 1023 1004 1077; x_wconf 83' lang='lat' dir='ltr'><strong>Rornanorum</strong></span> <span class='ocrx_word' id='word_1_56' title='bbox 1021 1038 1058 1076; x_wconf 78' lang='lat' dir='ltr'><strong>eo:</strong></span> <span class='ocrx_word' id='word_1_57' title='bbox 1073 1039 1125 1093; x_wconf 84' lang='lat' dir='ltr'><strong>qno</strong></span> <span class='ocrx_word' id='word_1_58' title='bbox 1139 1024 1258 1092; x_wconf 84' lang='lat' dir='ltr'><strong>priorum</strong></span> <span class='ocrx_word' id='word_1_59' title='bbox 1275 1018 1398 1074; x_wconf 78' lang='grc'><strong>0011000</strong></span> 
     </span>
     <span class='ocr_line' id='line_1_8' title="bbox 258 1119 1397 1199; baseline -0.006 -16"><span class='ocrx_word' id='word_1_60' title='bbox 258 1144 378 1198; x_wconf 71' lang='lat' dir='ltr'><strong>regnare</strong></span> <span class='ocrx_word' id='word_1_61' title='bbox 397 1133 553 1199; x_wconf 77' lang='lat' dir='ltr'><strong>coeperunt.</strong></span> <span class='ocrx_word' id='word_1_62' title='bbox 588 1145 658 1183; x_wconf 84' lang='lat' dir='ltr'><strong>nam</strong></span> <span class='ocrx_word' id='word_1_63' title='bbox 685 1121 863 1180; x_wconf 84' lang='lat' dir='ltr'><strong>Suetonium</strong></span> <span class='ocrx_word' id='word_1_64' title='bbox 890 1141 978 1198; x_wconf 89' lang='lat' dir='ltr'><strong>reges</strong></span> <span class='ocrx_word' id='word_1_65' title='bbox 1003 1119 1167 1179; x_wconf 88' lang='lat' dir='ltr'><strong>secundum</strong></span> <span class='ocrx_word' id='word_1_66' title='bbox 1191 1128 1337 1178; x_wconf 88' lang='lat' dir='ltr'><strong>terrerum</strong></span> <span class='ocrx_word' id='word_1_67' title='bbox 1359 1119 1397 1176; x_wconf 91' lang='lat' dir='ltr'><strong>si·</strong></span> 
     </span>
     <span class='ocr_line' id='line_1_9' title="bbox 258 1223 940 1305; baseline -0.003 -21"><span class='ocrx_word' id='word_1_68' title='bbox 258 1237 320 1285; x_wconf 90' lang='lat' dir='ltr'><strong>tum</strong></span> <span class='ocrx_word' id='word_1_69' title='bbox 345 1237 534 1305; x_wconf 79' lang='lat' dir='ltr'><strong>persecutum</strong></span> <span class='ocrx_word' id='word_1_70' title='bbox 551 1247 618 1284; x_wconf 88' lang='lat' dir='ltr'><strong>esso</strong></span> <span class='ocrx_word' id='word_1_71' title='bbox 636 1243 727 1302; x_wconf 86' lang='lat' dir='ltr'><strong>supra</strong></span> <span class='ocrx_word' id='word_1_72' title='bbox 744 1223 940 1282; x_wconf 88' lang='lat' dir='ltr'><strong>ostendimus.</strong></span> 
     </span>
    </p>

    <p class='ocr_par' dir='ltr' id='par_1_3' title="bbox 193 1319 1481 4468">
     <span class='ocr_line' id='line_1_10' title="bbox 345 1319 1395 1404; baseline -0.007 -17"><span class='ocrx_word' id='word_1_73' title='bbox 345 1328 406 1387; x_wconf 79' lang='lat' dir='ltr'><strong>Sed</strong></span> <span class='ocrx_word' id='word_1_74' title='bbox 424 1329 547 1388; x_wconf 87' lang='lat' dir='ltr'><strong>miretur</strong></span> <span class='ocrx_word' id='word_1_75' title='bbox 563 1331 691 1386; x_wconf 86' lang='lat' dir='ltr'><strong>fortasse</strong></span> <span class='ocrx_word' id='word_1_76' title='bbox 706 1319 855 1404; x_wconf 77' lang='lat' dir='ltr'><strong>quispiam</strong></span> <span class='ocrx_word' id='word_1_77' title='bbox 868 1345 915 1383; x_wconf 93' lang='lat' dir='ltr'><strong>me</strong></span> <span class='ocrx_word' id='word_1_78' title='bbox 930 1325 1008 1383; x_wconf 87' lang='lat' dir='ltr'><strong>haec</strong></span> <span class='ocrx_word' id='word_1_79' title='bbox 1025 1345 1079 1402; x_wconf 88' lang='lat' dir='ltr'><strong>pro</strong></span> <span class='ocrx_word' id='word_1_80' title='bbox 1099 1345 1164 1382; x_wconf 88' lang='lat' dir='ltr'><strong>meo</strong></span> <span class='ocrx_word' id='word_1_81' title='bbox 1182 1325 1306 1381; x_wconf 89' lang='lat' dir='ltr'><strong>invento</strong></span> <span class='ocrx_word' id='word_1_82' title='bbox 1323 1343 1395 1381; x_wconf 82' lang='lat' dir='ltr'><strong>ven·</strong></span> 
     </span>
     <span class='ocr_line' id='line_1_11' title="bbox 261 1425 1398 1506; baseline -0.004 -18"><span class='ocrx_word' id='word_1_83' title='bbox 261 1429 368 1504; x_wconf 87' lang='lat' dir='ltr'><strong>ditare,</strong></span> <span class='ocrx_word' id='word_1_84' title='bbox 386 1437 452 1488; x_wconf 86' lang='lat' dir='ltr'><strong>crtrn</strong></span> <span class='ocrx_word' id='word_1_85' title='bbox 469 1431 526 1488; x_wconf 85' lang='lat' dir='ltr'><strong>ianr</strong></span> <span class='ocrx_word' id='word_1_86' title='bbox 541 1431 746 1489; x_wconf 85' lang='lat' dir='ltr'><strong>hlommsenus</strong></span> <span class='ocrx_word' id='word_1_87' title='bbox 765 1427 784 1484; x_wconf 92' lang='lat' dir='ltr'><strong>l.</strong></span> <span class='ocrx_word' id='word_1_88' title='bbox 795 1446 858 1506; x_wconf 80' lang='lat' dir='ltr'><strong>cp.</strong></span> <span class='ocrx_word' id='word_1_89' title='bbox 874 1435 926 1488; x_wconf 84' lang='grc'><strong>600</strong></span> <span class='ocrx_word' id='word_1_90' title='bbox 941 1427 1117 1487; x_wconf 84' lang='lat' dir='ltr'><strong>Suetonium</strong></span> <span class='ocrx_word' id='word_1_91' title='bbox 1136 1434 1290 1484; x_wconf 89' lang='lat' dir='ltr'><strong>auctorem</strong></span> <span class='ocrx_word' id='word_1_92' title='bbox 1309 1425 1398 1484; x_wconf 90' lang='lat' dir='ltr'><strong>huius</strong></span> 
     </span>
     <span class='ocr_line' id='line_1_12' title="bbox 259 1527 1397 1611; baseline -0.005 -20"><span class='ocrx_word' id='word_1_93' title='bbox 259 1533 356 1611; x_wconf 88' lang='lat' dir='ltr'><strong>partis</strong></span> <span class='ocrx_word' id='word_1_94' title='bbox 371 1531 587 1610; x_wconf 87' lang='lat' dir='ltr'><strong>adpelloverit.</strong></span> <span class='ocrx_word' id='word_1_95' title='bbox 619 1549 692 1590; x_wconf 87' lang='lat' dir='ltr'><strong>sane</strong></span> <span class='ocrx_word' id='word_1_96' title='bbox 710 1529 841 1587; x_wconf 88' lang='lat' dir='ltr'><strong>coniecit</strong></span> <span class='ocrx_word' id='word_1_97' title='bbox 854 1527 951 1602; x_wconf 88' lang='lat' dir='ltr'><strong>idem,</strong></span> <span class='ocrx_word' id='word_1_98' title='bbox 971 1527 1026 1587; x_wconf 87' lang='lat' dir='ltr'><strong>sed</strong></span> <span class='ocrx_word' id='word_1_99' title='bbox 1041 1537 1075 1586; x_wconf 89' lang='lat' dir='ltr'><strong>ut</strong></span> <span class='ocrx_word' id='word_1_100' title='bbox 1091 1529 1294 1606; x_wconf 87' lang='lat' dir='ltr'><strong>suspicionem</strong></span> <span class='ocrx_word' id='word_1_101' title='bbox 1314 1547 1397 1586; x_wconf 90' lang='lat' dir='ltr'><strong>snam</strong></span> 
     </span>
     <span class='ocr_line' id='line_1_13' title="bbox 262 1629 1398 1709; baseline -0.004 -16"><span class='ocrx_word' id='word_1_102' title='bbox 262 1635 407 1708; x_wconf 82' lang='lat' dir='ltr'><strong>firmaret,</strong></span> <span class='ocrx_word' id='word_1_103' title='bbox 422 1655 482 1692; x_wconf 91' lang='lat' dir='ltr'><strong>non</strong></span> <span class='ocrx_word' id='word_1_104' title='bbox 502 1634 570 1690; x_wconf 93' lang='lat' dir='ltr'><strong>loeo</strong></span> <span class='ocrx_word' id='word_1_105' title='bbox 586 1633 639 1692; x_wconf 92' lang='lat' dir='ltr'><strong>illo</strong></span> <span class='ocrx_word' id='word_1_106' title='bbox 655 1631 840 1690; x_wconf 85' lang='lat' dir='ltr'><strong>Antioeheni</strong></span> <span class='ocrx_word' id='word_1_107' title='bbox 857 1650 929 1688; x_wconf 89' lang='lat' dir='ltr'><strong>usus</strong></span> <span class='ocrx_word' id='word_1_108' title='bbox 947 1639 1002 1702; x_wconf 87' lang='lat' dir='ltr'><strong>est,</strong></span> <span class='ocrx_word' id='word_1_109' title='bbox 1017 1629 1071 1690; x_wconf 91' lang='lat' dir='ltr'><strong>sed</strong></span> <span class='ocrx_word' id='word_1_110' title='bbox 1088 1631 1220 1709; x_wconf 77' lang='lat' dir='ltr'><strong>simplex</strong></span> <span class='ocrx_word' id='word_1_111' title='bbox 1235 1631 1398 1688; x_wconf 87' lang='lat' dir='ltr'><strong>memoriae</strong></span> 
     </span>
     <span class='ocr_line' id='line_1_14' title="bbox 259 1731 1396 1814; baseline -0.004 -20"><span class='ocrx_word' id='word_1_112' title='bbox 259 1736 363 1814; x_wconf 86' lang='lat' dir='ltr'><strong>lapsus</strong></span> <span class='ocrx_word' id='word_1_113' title='bbox 380 1737 410 1794; x_wconf 91' lang='lat' dir='ltr'><strong>in</strong></span> <span class='ocrx_word' id='word_1_114' title='bbox 427 1755 519 1793; x_wconf 82' lang='lat' dir='ltr'><strong>causa</strong></span> <span class='ocrx_word' id='word_1_115' title='bbox 536 1736 601 1806; x_wconf 85' lang='lat' dir='ltr'><strong>fuit,</strong></span> <span class='ocrx_word' id='word_1_116' title='bbox 617 1743 651 1793; x_wconf 90' lang='lat' dir='ltr'><strong>ut</strong></span> <span class='ocrx_word' id='word_1_117' title='bbox 665 1733 745 1791; x_wconf 88' lang='lat' dir='ltr'><strong>hanc</strong></span> <span class='ocrx_word' id='word_1_118' title='bbox 761 1733 968 1791; x_wconf 86' lang='lat' dir='ltr'><strong>coniecturam</strong></span> <span class='ocrx_word' id='word_1_119' title='bbox 984 1733 1115 1810; x_wconf 75' lang='lat' dir='ltr'><strong>faceret3</strong></span> <span class='ocrx_word' id='word_1_120' title='bbox 1136 1731 1267 1791; x_wconf 89' lang='lat' dir='ltr'><strong>eredidit</strong></span> <span class='ocrx_word' id='word_1_121' title='bbox 1284 1733 1362 1790; x_wconf 85' lang='lat' dir='ltr'><strong>enirn</strong></span> <span class='ocrx_word' id='word_1_122' title='bbox 1378 1753 1396 1790; x_wconf 81' lang='lat' dir='ltr'><strong>c</strong></span> 
     </span>
     <span class='ocr_line' id='line_1_15' title="bbox 261 1835 1398 1898; baseline -0.004 -2"><span class='ocrx_word' id='word_1_123' title='bbox 261 1837 358 1898; x_wconf 84' lang='lat' dir='ltr'><strong>Suids</strong></span> <span class='ocrx_word' id='word_1_124' title='bbox 376 1836 522 1896; x_wconf 80' lang='lat' dir='ltr'><strong>Suetonio</strong></span> <span class='ocrx_word' id='word_1_125' title='bbox 545 1844 670 1894; x_wconf 86' lang='lat' dir='ltr'><strong>auctore</strong></span> <span class='ocrx_word' id='word_1_126' title='bbox 692 1835 800 1894; x_wconf 88' lang='lat' dir='ltr'><strong>referri</strong></span> <span class='ocrx_word' id='word_1_127' title='bbox 821 1835 950 1892; x_wconf 80' lang='lat' dir='ltr'><strong>Numam</strong></span> <span class='ocrx_word' id='word_1_128' title='bbox 972 1836 1119 1894; x_wconf 86' lang='lat' dir='ltr'><strong>scortinos</strong></span> <span class='ocrx_word' id='word_1_129' title='bbox 1145 1854 1229 1893; x_wconf 85' lang='lat' dir='ltr'><strong>asses</strong></span> <span class='ocrx_word' id='word_1_130' title='bbox 1253 1835 1398 1893; x_wconf 78' lang='lat' dir='ltr'><strong>Romanis</strong></span> 
     </span>
     <span class='ocr_line' id='line_1_16' title="bbox 193 1936 1397 2016; baseline -0.003 -18"><span class='ocrx_word' id='word_1_131' title='bbox 193 2007 196 2014; x_wconf 21' lang='lat'><strong>⁴</strong></span> <span class='ocrx_word' id='word_1_132' title='bbox 262 1941 448 2016; x_wconf 82' lang='lat' dir='ltr'><strong>congiarium</strong></span> <span class='ocrx_word' id='word_1_133' title='bbox 468 1937 599 1997; x_wconf 85' lang='lat' dir='ltr'><strong>dedisse.</strong></span> <span class='ocrx_word' id='word_1_134' title='bbox 621 1957 731 2015; x_wconf 84' lang='lat' dir='ltr'><strong>nempe</strong></span> <span class='ocrx_word' id='word_1_135' title='bbox 751 1957 817 1996; x_wconf 91' lang='lat' dir='ltr'><strong>eum</strong></span> <span class='ocrx_word' id='word_1_136' title='bbox 833 1937 912 1996; x_wconf 86' lang='lat' dir='ltr'><strong>hanc</strong></span> <span class='ocrx_word' id='word_1_137' title='bbox 927 1939 1100 1997; x_wconf 84' lang='lat' dir='ltr'><strong>memoriam</strong></span> <span class='ocrx_word' id='word_1_138' title='bbox 1117 1944 1298 2014; x_wconf 89' lang='lat' dir='ltr'><strong>agnosceret</strong></span> <span class='ocrx_word' id='word_1_139' title='bbox 1314 1936 1397 1994; x_wconf 90' lang='lat' dir='ltr'><strong>chro-</strong></span> 
     </span>
     <span class='ocr_line' id='line_1_17' title="bbox 261 2038 1400 2114; baseline -0.003 -14"><span class='ocrx_word' id='word_1_140' title='bbox 261 2043 351 2100; x_wconf 90' lang='lat' dir='ltr'><strong>nieon</strong></span> <span class='ocrx_word' id='word_1_141' title='bbox 369 2039 461 2098; x_wconf 86' lang='lat' dir='ltr'><strong>illud:</strong></span> <span class='ocrx_word' id='word_1_142' title='bbox 485 2045 654 2114; x_wconf 70' lang='lat' dir='ltr'><strong>congiarium</strong></span> <span class='ocrx_word' id='word_1_143' title='bbox 671 2043 743 2097; x_wconf 77' lang='grc'><strong>(0010</strong></span> <span class='ocrx_word' id='word_1_144' title='bbox 756 2045 893 2098; x_wconf 84' lang='lat' dir='ltr'><strong>scortinos</strong></span> <span class='ocrx_word' id='word_1_145' title='bbox 910 2058 1001 2106; x_wconf 83' lang='lat' dir='ltr'><strong>asses,</strong></span> <span class='ocrx_word' id='word_1_146' title='bbox 1035 2041 1165 2098; x_wconf 80' lang='lat' dir='ltr'><strong>evicisse</strong></span> <span class='ocrx_word' id='word_1_147' title='bbox 1181 2038 1238 2096; x_wconf 88' lang='lat' dir='ltr'><strong>eibi</strong></span> <span class='ocrx_word' id='word_1_148' title='bbox 1255 2039 1338 2097; x_wconf 88' lang='lat' dir='ltr'><strong>visus</strong></span> <span class='ocrx_word' id='word_1_149' title='bbox 1354 2048 1400 2097; x_wconf 89' lang='lat' dir='ltr'><strong>est</strong></span> 
     </span>
     <span class='ocr_line' id='line_1_18' title="bbox 261 2139 1398 2218; baseline -0.002 -17"><span class='ocrx_word' id='word_1_150' title='bbox 261 2144 352 2201; x_wconf 87' lang='lat' dir='ltr'><strong>etiam</strong></span> <span class='ocrx_word' id='word_1_151' title='bbox 373 2152 476 2200; x_wconf 85' lang='lat' dir='ltr'><strong>cetera</strong></span> <span class='ocrx_word' id='word_1_152' title='bbox 491 2141 529 2200; x_wconf 89' lang='lat' dir='ltr'><strong>de</strong></span> <span class='ocrx_word' id='word_1_153' title='bbox 544 2143 668 2218; x_wconf 81' lang='lat' dir='ltr'><strong>regibus</strong></span> <span class='ocrx_word' id='word_1_154' title='bbox 683 2142 712 2198; x_wconf 92' lang='lat' dir='ltr'><strong>in</strong></span> <span class='ocrx_word' id='word_1_155' title='bbox 734 2142 876 2200; x_wconf 87' lang='lat' dir='ltr'><strong>chronico</strong></span> <span class='ocrx_word' id='word_1_156' title='bbox 894 2142 992 2200; x_wconf 90' lang='lat' dir='ltr'><strong>eidem</strong></span> <span class='ocrx_word' id='word_1_157' title='bbox 1009 2143 1125 2201; x_wconf 89' lang='lat' dir='ltr'><strong>auctori</strong></span> <span class='ocrx_word' id='word_1_158' title='bbox 1140 2139 1171 2200; x_wconf 91' lang='lat' dir='ltr'><strong>id</strong></span> <span class='ocrx_word' id='word_1_159' title='bbox 1188 2149 1235 2200; x_wconf 85' lang='lat' dir='ltr'><strong>est</strong></span> <span class='ocrx_word' id='word_1_160' title='bbox 1252 2139 1398 2200; x_wconf 86' lang='lat' dir='ltr'><strong>Suetonio</strong></span> 
     </span>
     <span class='ocr_line' id='line_1_19' title="bbox 261 2241 1397 2304; baseline -0.001 -1"><span class='ocrx_word' id='word_1_161' title='bbox 261 2244 451 2304; x_wconf 80' lang='lat' dir='ltr'><strong>restituenda</strong></span> <span class='ocrx_word' id='word_1_162' title='bbox 470 2265 547 2304; x_wconf 84' lang='lat' dir='ltr'><strong>esse.</strong></span> <span class='ocrx_word' id='word_1_163' title='bbox 580 2243 636 2303; x_wconf 87' lang='lat' dir='ltr'><strong>sed</strong></span> <span class='ocrx_word' id='word_1_164' title='bbox 652 2264 711 2301; x_wconf 92' lang='lat' dir='ltr'><strong>non</strong></span> <span class='ocrx_word' id='word_1_165' title='bbox 727 2244 846 2302; x_wconf 87' lang='lat' dir='ltr'><strong>rettulit</strong></span> <span class='ocrx_word' id='word_1_166' title='bbox 869 2245 922 2302; x_wconf 88' lang='lat' dir='ltr'><strong>illa</strong></span> <span class='ocrx_word' id='word_1_167' title='bbox 938 2244 1050 2304; x_wconf 87' lang='lat' dir='ltr'><strong>Suidos</strong></span> <span class='ocrx_word' id='word_1_168' title='bbox 1066 2245 1153 2303; x_wconf 90' lang='lat' dir='ltr'><strong>immo</strong></span> <span class='ocrx_word' id='word_1_169' title='bbox 1177 2241 1250 2302; x_wconf 88' lang='lat' dir='ltr'><strong>dicit</strong></span> <span class='ocrx_word' id='word_1_170' title='bbox 1267 2243 1397 2302; x_wconf 85' lang='lat' dir='ltr'><strong>Numam</strong></span> 
     </span>
     <span class='ocr_line' id='line_1_20' title="bbox 260 2346 1399 2424; baseline 0 -20"><span class='ocrx_word' id='word_1_171' title='bbox 260 2347 386 2424; x_wconf 88' lang='lat' dir='ltr'><strong>primum</strong></span> <span class='ocrx_word' id='word_1_172' title='bbox 405 2347 521 2405; x_wconf 86' lang='lat' dir='ltr'><strong>ferreos</strong></span> <span class='ocrx_word' id='word_1_173' title='bbox 544 2356 574 2405; x_wconf 92' lang='lat' dir='ltr'><strong>et</strong></span> <span class='ocrx_word' id='word_1_174' title='bbox 592 2366 698 2404; x_wconf 87' lang='lat' dir='ltr'><strong>aereos</strong></span> <span class='ocrx_word' id='word_1_175' title='bbox 720 2367 804 2405; x_wconf 87' lang='lat' dir='ltr'><strong>asses</strong></span> <span class='ocrx_word' id='word_1_176' title='bbox 822 2347 1007 2423; x_wconf 74' lang='lat' dir='ltr'><strong>congiarium</strong></span> <span class='ocrx_word' id='word_1_177' title='bbox 1035 2346 1172 2418; x_wconf 83' lang='lat' dir='ltr'><strong>dedisse,</strong></span> <span class='ocrx_word' id='word_1_178' title='bbox 1202 2347 1399 2404; x_wconf 88' lang='lat' dir='ltr'><strong>scortinorum</strong></span> 
     </span>
     <span class='ocr_line' id='line_1_21' title="bbox 262 2427 1434 2542; baseline -0.001 -36"><span class='ocrx_word' id='word_1_179' title='bbox 262 2469 336 2507; x_wconf 87' lang='lat' dir='ltr'><strong>vero</strong></span> <span class='ocrx_word' id='word_1_180' title='bbox 355 2451 467 2508; x_wconf 77' lang='lat' dir='ltr'><strong>assium</strong></span> <span class='ocrx_word' id='word_1_181' title='bbox 488 2427 625 2507; x_wconf 81' lang='lat' dir='ltr'><strong>meminit</strong></span> <span class='ocrx_word' id='word_1_182' title='bbox 638 2469 700 2506; x_wconf 90' lang='lat' dir='ltr'><strong>non</strong></span> <span class='ocrx_word' id='word_1_183' title='bbox 720 2447 832 2508; x_wconf 80' lang='lat' dir='ltr'><strong>Suitlos</strong></span> <span class='ocrx_word' id='word_1_184' title='bbox 853 2447 1400 2534; x_wconf 53' lang='grc' dir='ltr'><strong>00010000010001.104κο1000οο</strong></span> <span class='ocrx_word' id='word_1_185' title='bbox 1428 2525 1434 2542; x_wconf 26' lang='grc' dir='ltr'>ἱ</span> 
     </span>
     <span class='ocr_line' id='line_1_22' title="bbox 261 2543 1399 2630; baseline -0.001 -22"><span class='ocrx_word' id='word_1_186' title='bbox 261 2551 411 2628; x_wconf 84' lang='lat' dir='ltr'><strong>interpres</strong></span> <span class='ocrx_word' id='word_1_187' title='bbox 422 2551 637 2630; x_wconf 85' lang='lat' dir='ltr'><strong>Hieronymus.</strong></span> <span class='ocrx_word' id='word_1_188' title='bbox 663 2549 769 2608; x_wconf 87' lang='lat' dir='ltr'><strong>eadem</strong></span> <span class='ocrx_word' id='word_1_189' title='bbox 786 2550 897 2610; x_wconf 91' lang='lat' dir='ltr'><strong>deinde</strong></span> <span class='ocrx_word' id='word_1_190' title='bbox 914 2571 951 2610; x_wconf 83' lang='lat' dir='ltr'><strong>cx</strong></span> <span class='ocrx_word' id='word_1_191' title='bbox 966 2550 1071 2609; x_wconf 87' lang='lat' dir='ltr'><strong>eodem</strong></span> <span class='ocrx_word' id='word_1_192' title='bbox 1087 2551 1170 2609; x_wconf 85' lang='lat' dir='ltr'><strong>fonte</strong></span> <span class='ocrx_word' id='word_1_193' title='bbox 1186 2543 1304 2608; x_wconf 68' lang='lat' dir='ltr'><strong>scilicet</strong></span> <span class='ocrx_word' id='word_1_194' title='bbox 1320 2549 1399 2607; x_wconf 81' lang='lat' dir='ltr'><strong>Airi-</strong></span> 
     </span>
     <span class='ocr_line' id='line_1_23' title="bbox 262 2652 1399 2732; baseline 0.002 -22"><span class='ocrx_word' id='word_1_195' title='bbox 262 2673 338 2710; x_wconf 88' lang='lat' dir='ltr'><strong>eano</strong></span> <span class='ocrx_word' id='word_1_196' title='bbox 353 2652 517 2732; x_wconf 85' lang='lat' dir='ltr'><strong>Synecllus</strong></span> <span class='ocrx_word' id='word_1_197' title='bbox 530 2673 560 2730; x_wconf 87' lang='lat' dir='ltr'><strong>p.</strong></span> <span class='ocrx_word' id='word_1_198' title='bbox 574 2663 626 2716; x_wconf 83' lang='grc'><strong>308</strong></span> <span class='ocrx_word' id='word_1_199' title='bbox 637 2653 676 2712; x_wconf 85' lang='lat' dir='ltr'><strong>ef.</strong></span> <span class='ocrx_word' id='word_1_200' title='bbox 691 2652 793 2712; x_wconf 85' lang='lat' dir='ltr'><strong>chron.</strong></span> <span class='ocrx_word' id='word_1_201' title='bbox 805 2653 908 2730; x_wconf 86' lang='lat' dir='ltr'><strong>pasch.</strong></span> <span class='ocrx_word' id='word_1_202' title='bbox 921 2672 950 2731; x_wconf 90' lang='lat' dir='ltr'><strong>p.</strong></span> <span class='ocrx_word' id='word_1_203' title='bbox 963 2652 1160 2730; x_wconf 75' lang='lat' dir='ltr'><strong>218praehet,</strong></span> <span class='ocrx_word' id='word_1_204' title='bbox 1174 2673 1299 2732; x_wconf 88' lang='lat' dir='ltr'><strong>qnorum</strong></span> <span class='ocrx_word' id='word_1_205' title='bbox 1311 2671 1399 2712; x_wconf 89' lang='lat' dir='ltr'><strong>nemo</strong></span> 
     </span>
     <span class='ocr_line' id='line_1_24' title="bbox 262 2753 1399 2833; baseline 0 -20"><span class='ocrx_word' id='word_1_206' title='bbox 262 2753 441 2813; x_wconf 88' lang='lat' dir='ltr'><strong>Suetonium</strong></span> <span class='ocrx_word' id='word_1_207' title='bbox 461 2763 613 2813; x_wconf 82' lang='lat' dir='ltr'><strong>auctorem</strong></span> <span class='ocrx_word' id='word_1_208' title='bbox 632 2755 716 2814; x_wconf 91' lang='lat' dir='ltr'><strong>dicit.</strong></span> <span class='ocrx_word' id='word_1_209' title='bbox 744 2755 847 2833; x_wconf 81' lang='lat' dir='ltr'><strong>itaque</strong></span> <span class='ocrx_word' id='word_1_210' title='bbox 867 2763 982 2814; x_wconf 85' lang='lat' dir='ltr'><strong>tanturn</strong></span> <span class='ocrx_word' id='word_1_211' title='bbox 999 2755 1086 2813; x_wconf 83' lang='lat' dir='ltr'><strong>abest</strong></span> <span class='ocrx_word' id='word_1_212' title='bbox 1101 2765 1133 2814; x_wconf 91' lang='lat' dir='ltr'><strong>ut</strong></span> <span class='ocrx_word' id='word_1_213' title='bbox 1146 2756 1342 2814; x_wconf 89' lang='lat' dir='ltr'><strong>scortinorum</strong></span> <span class='ocrx_word' id='word_1_214' title='bbox 1354 2775 1399 2813; x_wconf 90' lang='lat' dir='ltr'><strong>as·</strong></span> 
     </span>
     <span class='ocr_line' id='line_1_25' title="bbox 262 2834 1403 2936; baseline 0.002 -22"><span class='ocrx_word' id='word_1_215' title='bbox 262 2857 339 2914; x_wconf 89' lang='lat' dir='ltr'><strong>sium</strong></span> <span class='ocrx_word' id='word_1_216' title='bbox 357 2858 387 2914; x_wconf 91' lang='lat' dir='ltr'><strong>in</strong></span> <span class='ocrx_word' id='word_1_217' title='bbox 407 2855 550 2914; x_wconf 89' lang='lat' dir='ltr'><strong>chronico</strong></span> <span class='ocrx_word' id='word_1_218' title='bbox 569 2857 652 2914; x_wconf 86' lang='lat' dir='ltr'><strong>urhis</strong></span> <span class='ocrx_word' id='word_1_219' title='bbox 671 2834 823 2915; x_wconf 64' lang='lat' dir='ltr'><strong>mentione</strong></span> <span class='ocrx_word' id='word_1_220' title='bbox 844 2856 1006 2915; x_wconf 88' lang='lat' dir='ltr'><strong>Suetonius</strong></span> <span class='ocrx_word' id='word_1_221' title='bbox 1030 2865 1133 2916; x_wconf 89' lang='lat' dir='ltr'><strong>auctor</strong></span> <span class='ocrx_word' id='word_1_222' title='bbox 1149 2855 1292 2936; x_wconf 82' lang='lat' dir='ltr'><strong>prodetur</strong></span> <span class='ocrx_word' id='word_1_223' title='bbox 1316 2865 1348 2915; x_wconf 92' lang='lat' dir='ltr'><strong>ut</strong></span> <span class='ocrx_word' id='word_1_224' title='bbox 1364 2875 1403 2916; x_wconf 84' lang='lat' dir='ltr'><strong>ea</strong></span> 
     </span>
     <span class='ocr_line' id='line_1_26' title="bbox 262 2958 1402 3036; baseline 0.003 -20"><span class='ocrx_word' id='word_1_225' title='bbox 262 2967 383 3016; x_wconf 86' lang='lat' dir='ltr'><strong>nostrae</strong></span> <span class='ocrx_word' id='word_1_226' title='bbox 397 2977 518 3036; x_wconf 92' lang='lat' dir='ltr'><strong>qnoque</strong></span> <span class='ocrx_word' id='word_1_227' title='bbox 530 2959 782 3034; x_wconf 81' lang='lat' dir='ltr'><strong>argumentationi</strong></span> <span class='ocrx_word' id='word_1_228' title='bbox 795 2959 918 3018; x_wconf 84' lang='lat' dir='ltr'><strong>officere</strong></span> <span class='ocrx_word' id='word_1_229' title='bbox 932 2959 1083 3017; x_wconf 81' lang='lat' dir='ltr'><strong>videatur.</strong></span> <span class='ocrx_word' id='word_1_230' title='bbox 1107 2958 1161 3018; x_wconf 89' lang='lat' dir='ltr'><strong>sed</strong></span> <span class='ocrx_word' id='word_1_231' title='bbox 1174 2959 1341 3018; x_wconf 85' lang='lat' dir='ltr'><strong>cavendum</strong></span> <span class='ocrx_word' id='word_1_232' title='bbox 1355 2967 1402 3019; x_wconf 89' lang='lat' dir='ltr'><strong>est</strong></span> 
     </span>
     <span class='ocr_line' id='line_1_27' title="bbox 262 3059 1400 3140; baseline 0.001 -21"><span class='ocrx_word' id='word_1_233' title='bbox 262 3079 301 3119; x_wconf 92' lang='lat' dir='ltr'><strong>nc</strong></span> <span class='ocrx_word' id='word_1_234' title='bbox 318 3059 445 3118; x_wconf 84' lang='lat' dir='ltr'><strong>calidius</strong></span> <span class='ocrx_word' id='word_1_235' title='bbox 465 3080 530 3118; x_wconf 88' lang='lat' dir='ltr'><strong>earn</strong></span> <span class='ocrx_word' id='word_1_236' title='bbox 547 3081 625 3140; x_wconf 85' lang='lat' dir='ltr'><strong>quae</strong></span> <span class='ocrx_word' id='word_1_237' title='bbox 642 3062 809 3120; x_wconf 84' lang='lat' dir='ltr'><strong>certissimo</strong></span> <span class='ocrx_word' id='word_1_238' title='bbox 829 3061 1027 3120; x_wconf 83' lang='lat' dir='ltr'><strong>fundamento</strong></span> <span class='ocrx_word' id='word_1_239' title='bbox 1038 3062 1143 3120; x_wconf 90' lang='lat' dir='ltr'><strong>nititur</strong></span> <span class='ocrx_word' id='word_1_240' title='bbox 1161 3081 1299 3119; x_wconf 88' lang='lat' dir='ltr'><strong>eversam</strong></span> <span class='ocrx_word' id='word_1_241' title='bbox 1314 3071 1400 3140; x_wconf 88' lang='lat' dir='ltr'><strong>pute-</strong></span> 
     </span>
     <span class='ocr_line' id='line_1_28' title="bbox 263 3161 1400 3242; baseline 0 -20"><span class='ocrx_word' id='word_1_242' title='bbox 263 3184 336 3222; x_wconf 87' lang='lat' dir='ltr'><strong>mus.</strong></span> <span class='ocrx_word' id='word_1_243' title='bbox 358 3162 551 3242; x_wconf 83' lang='lat' dir='ltr'><strong>quidecim?</strong></span> <span class='ocrx_word' id='word_1_244' title='bbox 574 3183 675 3221; x_wconf 90' lang='lat' dir='ltr'><strong>nonne</strong></span> <span class='ocrx_word' id='word_1_245' title='bbox 694 3161 858 3223; x_wconf 89' lang='lat' dir='ltr'><strong>Suetonius</strong></span> <span class='ocrx_word' id='word_1_246' title='bbox 874 3185 997 3222; x_wconf 88' lang='lat' dir='ltr'><strong>narrare</strong></span> <span class='ocrx_word' id='word_1_247' title='bbox 1013 3173 1133 3242; x_wconf 86' lang='lat' dir='ltr'><strong>poterat</strong></span> <span class='ocrx_word' id='word_1_248' title='bbox 1148 3163 1278 3222; x_wconf 89' lang='lat' dir='ltr'><strong>Numam</strong></span> <span class='ocrx_word' id='word_1_249' title='bbox 1296 3167 1400 3223; x_wconf 88' lang='lat' dir='ltr'><strong>scorti-</strong></span> 
     </span>
     <span class='ocr_line' id='line_1_29' title="bbox 263 3265 1400 3345; baseline 0.001 -22"><span class='ocrx_word' id='word_1_250' title='bbox 263 3286 316 3324; x_wconf 89' lang='lat' dir='ltr'><strong>nos</strong></span> <span class='ocrx_word' id='word_1_251' title='bbox 331 3283 415 3324; x_wconf 87' lang='lat' dir='ltr'><strong>asses</strong></span> <span class='ocrx_word' id='word_1_252' title='bbox 430 3265 575 3324; x_wconf 83' lang='lat' dir='ltr'><strong>Romanis</strong></span> <span class='ocrx_word' id='word_1_253' title='bbox 595 3267 781 3342; x_wconf 82' lang='lat' dir='ltr'><strong>congiarium</strong></span> <span class='ocrx_word' id='word_1_254' title='bbox 797 3266 934 3340; x_wconf 86' lang='lat' dir='ltr'><strong>dedisse,</strong></span> <span class='ocrx_word' id='word_1_255' title='bbox 952 3267 1008 3326; x_wconf 89' lang='lat' dir='ltr'><strong>etsi</strong></span> <span class='ocrx_word' id='word_1_256' title='bbox 1024 3265 1104 3325; x_wconf 89' lang='lat' dir='ltr'><strong>idom</strong></span> <span class='ocrx_word' id='word_1_257' title='bbox 1122 3267 1282 3324; x_wconf 89' lang='lat' dir='ltr'><strong>memoriae</strong></span> <span class='ocrx_word' id='word_1_258' title='bbox 1300 3265 1400 3345; x_wconf 89' lang='lat' dir='ltr'><strong>prodi-</strong></span> 
     </span>
     <span class='ocr_line' id='line_1_30' title="bbox 263 3367 1402 3450; baseline 0.002 -25"><span class='ocrx_word' id='word_1_259' title='bbox 263 3368 352 3426; x_wconf 88' lang='lat' dir='ltr'><strong>derat</strong></span> <span class='ocrx_word' id='word_1_260' title='bbox 372 3387 523 3426; x_wconf 89' lang='lat' dir='ltr'><strong>nummum</strong></span> <span class='ocrx_word' id='word_1_261' title='bbox 549 3367 579 3425; x_wconf 90' lang='lat' dir='ltr'><strong>id</strong></span> <span class='ocrx_word' id='word_1_262' title='bbox 604 3377 649 3428; x_wconf 84' lang='lat' dir='ltr'><strong>est</strong></span> <span class='ocrx_word' id='word_1_263' title='bbox 673 3387 780 3427; x_wconf 88' lang='lat' dir='ltr'><strong>aereos</strong></span> <span class='ocrx_word' id='word_1_264' title='bbox 800 3389 885 3427; x_wconf 86' lang='lat' dir='ltr'><strong>asses</strong></span> <span class='ocrx_word' id='word_1_265' title='bbox 901 3369 938 3428; x_wconf 89' lang='lat' dir='ltr'><strong>ab</strong></span> <span class='ocrx_word' id='word_1_266' title='bbox 963 3389 998 3428; x_wconf 89' lang='lat' dir='ltr'><strong>eo</strong></span> <span class='ocrx_word' id='word_1_267' title='bbox 1019 3370 1160 3427; x_wconf 85' lang='lat' dir='ltr'><strong>inventos</strong></span> <span class='ocrx_word' id='word_1_268' title='bbox 1186 3370 1276 3427; x_wconf 85' lang='lat' dir='ltr'><strong>cese?</strong></span> <span class='ocrx_word' id='word_1_269' title='bbox 1310 3380 1402 3450; x_wconf 84' lang='lat' dir='ltr'><strong>atque</strong></span> 
     </span>
     <span class='ocr_line' id='line_1_31' title="bbox 264 3465 1402 3548; baseline 0.002 -20"><span class='ocrx_word' id='word_1_270' title='bbox 264 3470 426 3528; x_wconf 85' lang='lat' dir='ltr'><strong>chronicon</strong></span> <span class='ocrx_word' id='word_1_271' title='bbox 453 3469 528 3528; x_wconf 89' lang='lat' dir='ltr'><strong>illud</strong></span> <span class='ocrx_word' id='word_1_272' title='bbox 552 3469 703 3548; x_wconf 85' lang='lat' dir='ltr'><strong>duplicem</strong></span> <span class='ocrx_word' id='word_1_273' title='bbox 726 3470 805 3529; x_wconf 88' lang='lat' dir='ltr'><strong>hane</strong></span> <span class='ocrx_word' id='word_1_274' title='bbox 825 3465 1001 3530; x_wconf 88' lang='lat' dir='ltr'><strong>m&#39;emoriam</strong></span> <span class='ocrx_word' id='word_1_275' title='bbox 1025 3472 1115 3530; x_wconf 84' lang='lat' dir='ltr'><strong>ctiam</strong></span> <span class='ocrx_word' id='word_1_276' title='bbox 1137 3491 1216 3528; x_wconf 90' lang='lat' dir='ltr'><strong>nune</strong></span> <span class='ocrx_word' id='word_1_277' title='bbox 1234 3491 1402 3548; x_wconf 87' lang='lat' dir='ltr'><strong>agnoscere</strong></span> 
     </span>
     <span class='ocr_line' id='line_1_32' title="bbox 261 3570 1403 3646; baseline 0.004 -18"><span class='ocrx_word' id='word_1_278' title='bbox 261 3570 397 3642; x_wconf 77' lang='lat' dir='ltr'><strong>videtur:</strong></span> <span class='ocrx_word' id='word_1_279' title='bbox 425 3577 596 3646; x_wconf 69' lang='lat' dir='ltr'><strong>congiarium</strong></span> <span class='ocrx_word' id='word_1_280' title='bbox 613 3575 723 3630; x_wconf 69' lang='lat' dir='ltr'><strong>{lectitet</strong></span> <span class='ocrx_word' id='word_1_281' title='bbox 738 3577 864 3630; x_wconf 81' lang='lat' dir='ltr'><strong>militibus</strong></span> <span class='ocrx_word' id='word_1_282' title='bbox 879 3577 1037 3632; x_wconf 84' lang='lat' dir='ltr'><strong>donatiuum</strong></span> <span class='ocrx_word' id='word_1_283' title='bbox 1052 3591 1119 3631; x_wconf 81' lang='lat' dir='ltr'><strong>nere</strong></span> <span class='ocrx_word' id='word_1_284' title='bbox 1133 3577 1256 3646; x_wconf 80' lang='lat' dir='ltr'><strong>incisum.</strong></span> <span class='ocrx_word' id='word_1_285' title='bbox 1287 3582 1317 3631; x_wconf 91' lang='lat' dir='ltr'><strong>et</strong></span> <span class='ocrx_word' id='word_1_286' title='bbox 1329 3591 1403 3632; x_wconf 87' lang='lat' dir='ltr'><strong>vero</strong></span> 
     </span>
     <span class='ocr_line' id='line_1_33' title="bbox 263 3673 1481 3754; baseline 0.002 -23"><span class='ocrx_word' id='word_1_287' title='bbox 263 3673 469 3732; x_wconf 84' lang='lat' dir='ltr'><strong>demonstrare</strong></span> <span class='ocrx_word' id='word_1_288' title='bbox 493 3674 566 3732; x_wconf 91' lang='lat' dir='ltr'><strong>lieet</strong></span> <span class='ocrx_word' id='word_1_289' title='bbox 595 3675 626 3732; x_wconf 91' lang='lat' dir='ltr'><strong>in</strong></span> <span class='ocrx_word' id='word_1_290' title='bbox 647 3675 818 3754; x_wconf 87' lang='lat' dir='ltr'><strong>antiquiore</strong></span> <span class='ocrx_word' id='word_1_291' title='bbox 840 3675 976 3734; x_wconf 89' lang='lat' dir='ltr'><strong>chronici</strong></span> <span class='ocrx_word' id='word_1_292' title='bbox 1001 3675 1143 3754; x_wconf 81' lang='lat' dir='ltr'><strong>exemplo</strong></span> <span class='ocrx_word' id='word_1_293' title='bbox 1171 3674 1338 3752; x_wconf 86' lang='lat' dir='ltr'><strong>pleniorem</strong></span> <span class='ocrx_word' id='word_1_294' title='bbox 1363 3675 1402 3735; x_wconf 89' lang='lat' dir='ltr'><strong>de</strong></span> <span class='ocrx_word' id='word_1_295' title='bbox 1476 3738 1481 3746; x_wconf 57' lang='grc'>,</span> 
     </span>
     <span class='ocr_line' id='line_1_34' title="bbox 262 3776 1402 3858; baseline 0.004 -25"><span class='ocrx_word' id='word_1_296' title='bbox 262 3776 390 3834; x_wconf 87' lang='lat' dir='ltr'><strong>nummis</strong></span> <span class='ocrx_word' id='word_1_297' title='bbox 406 3776 525 3834; x_wconf 88' lang='lat' dir='ltr'><strong>Numae</strong></span> <span class='ocrx_word' id='word_1_298' title='bbox 540 3777 745 3836; x_wconf 88' lang='lat' dir='ltr'><strong>narrationem</strong></span> <span class='ocrx_word' id='word_1_299' title='bbox 763 3778 912 3837; x_wconf 84' lang='lat' dir='ltr'><strong>extitisse.</strong></span> <span class='ocrx_word' id='word_1_300' title='bbox 947 3777 1086 3836; x_wconf 85' lang='lat' dir='ltr'><strong>Isidorus</strong></span> <span class='ocrx_word' id='word_1_301' title='bbox 1109 3777 1204 3848; x_wconf 86' lang='lat' dir='ltr'><strong>enim,</strong></span> <span class='ocrx_word' id='word_1_302' title='bbox 1230 3779 1281 3858; x_wconf 91' lang='lat' dir='ltr'><strong>qui</strong></span> <span class='ocrx_word' id='word_1_303' title='bbox 1305 3778 1402 3854; x_wconf 86' lang='lat' dir='ltr'><strong>origg.</strong></span> 
     </span>
     <span class='ocr_line' id='line_1_35' title="bbox 262 3876 1404 3958; baseline 0.004 -24"><span class='ocrx_word' id='word_1_304' title='bbox 262 3876 291 3934; x_wconf 91' lang='lat' dir='ltr'>V</span> <span class='ocrx_word' id='word_1_305' title='bbox 313 3885 362 3950; x_wconf 76' lang='grc'><strong>27,</strong></span> <span class='ocrx_word' id='word_1_306' title='bbox 388 3887 422 3940; x_wconf 72' lang='lat'><strong>23</strong></span> <span class='ocrx_word' id='word_1_307' title='bbox 441 3877 591 3957; x_wconf 87' lang='lat' dir='ltr'><strong>Tarquini</strong></span> <span class='ocrx_word' id='word_1_308' title='bbox 613 3879 739 3936; x_wconf 84' lang='lat' dir='ltr'><strong>inventa</strong></span> <span class='ocrx_word' id='word_1_309' title='bbox 760 3879 899 3938; x_wconf 88' lang='lat' dir='ltr'><strong>reserens</strong></span> <span class='ocrx_word' id='word_1_310' title='bbox 921 3889 1026 3958; x_wconf 85' lang='lat' dir='ltr'><strong>aperte</strong></span> <span class='ocrx_word' id='word_1_311' title='bbox 1055 3881 1121 3957; x_wconf 86' lang='lat' dir='ltr'><strong>ipsa</strong></span> <span class='ocrx_word' id='word_1_312' title='bbox 1137 3880 1284 3951; x_wconf 87' lang='lat' dir='ltr'><strong>chronici</strong></span> <span class='ocrx_word' id='word_1_313' title='bbox 1307 3881 1404 3939; x_wconf 91' lang='lat' dir='ltr'><strong>nostri</strong></span> 
     </span>
     <span class='ocr_line' id='line_1_36' title="bbox 263 3979 1404 4058; baseline 0.004 -23"><span class='ocrx_word' id='word_1_314' title='bbox 263 3979 358 4038; x_wconf 86' lang='lat' dir='ltr'><strong>verba</strong></span> <span class='ocrx_word' id='word_1_315' title='bbox 379 3979 543 4052; x_wconf 84' lang='lat' dir='ltr'><strong>exscribit,</strong></span> <span class='ocrx_word' id='word_1_316' title='bbox 561 3980 641 4040; x_wconf 89' lang='lat' dir='ltr'><strong>idem</strong></span> <span class='ocrx_word' id='word_1_317' title='bbox 665 3982 760 4058; x_wconf 88' lang='lat' dir='ltr'><strong>origg.</strong></span> <span class='ocrx_word' id='word_1_318' title='bbox 789 3979 867 4040; x_wconf 87' lang='lat' dir='ltr'><strong>XVI</strong></span> <span class='ocrx_word' id='word_1_319' title='bbox 891 3991 937 4053; x_wconf 88' lang='grc'><strong>18,</strong></span> <span class='ocrx_word' id='word_1_320' title='bbox 965 3992 996 4042; x_wconf 88' lang='grc'><strong>10</strong></span> <span class='ocrx_word' id='word_1_321' title='bbox 1015 3981 1053 4040; x_wconf 89' lang='lat' dir='ltr'><strong>de</strong></span> <span class='ocrx_word' id='word_1_322' title='bbox 1072 3981 1172 4039; x_wconf 82' lang='lat' dir='ltr'><strong>Numa</strong></span> <span class='ocrx_word' id='word_1_323' title='bbox 1190 3981 1267 4040; x_wconf 87' lang='lat' dir='ltr'><strong>haee</strong></span> <span class='ocrx_word' id='word_1_324' title='bbox 1287 3979 1404 4040; x_wconf 88' lang='lat' dir='ltr'><strong>habet:</strong></span> 
     </span>
     <span class='ocr_line' id='line_1_37' title="bbox 263 4083 1403 4159; baseline 0 -19"><span class='ocrx_word' id='word_1_325' title='bbox 263 4085 367 4140; x_wconf 78' lang='lat' dir='ltr'><strong>nummi</strong></span> <span class='ocrx_word' id='word_1_326' title='bbox 388 4093 478 4140; x_wconf 85' lang='lat' dir='ltr'><strong>nutem</strong></span> <span class='ocrx_word' id='word_1_327' title='bbox 501 4102 518 4139; x_wconf 89' lang='grc'><strong>0</strong></span> <span class='ocrx_word' id='word_1_328' title='bbox 540 4083 633 4141; x_wconf 83' lang='lat' dir='ltr'><strong>Numa</strong></span> <span class='ocrx_word' id='word_1_329' title='bbox 650 4086 839 4142; x_wconf 82' lang='lat' dir='ltr'><strong>Romanorum</strong></span> <span class='ocrx_word' id='word_1_330' title='bbox 857 4101 921 4159; x_wconf 76' lang='lat' dir='ltr'><strong>rege</strong></span> <span class='ocrx_word' id='word_1_331' title='bbox 943 4089 1036 4141; x_wconf 79' lang='lat' dir='ltr'><strong>uocati</strong></span> <span class='ocrx_word' id='word_1_332' title='bbox 1055 4093 1132 4156; x_wconf 70' lang='lat' dir='ltr'><strong>sient,</strong></span> <span class='ocrx_word' id='word_1_333' title='bbox 1154 4088 1201 4159; x_wconf 82' lang='lat' dir='ltr'><strong>qui</strong></span> <span class='ocrx_word' id='word_1_334' title='bbox 1225 4101 1268 4141; x_wconf 87' lang='lat' dir='ltr'><strong>eos</strong></span> <span class='ocrx_word' id='word_1_335' title='bbox 1279 4089 1403 4158; x_wconf 84' lang='lat' dir='ltr'><strong>primurn</strong></span> 
     </span>
     <span class='ocr_line' id='line_1_38' title="bbox 264 4183 1405 4260; baseline 0.004 -21"><span class='ocrx_word' id='word_1_336' title='bbox 264 4185 342 4256; x_wconf 80' lang='lat' dir='ltr'><strong>apud</strong></span> <span class='ocrx_word' id='word_1_337' title='bbox 357 4185 470 4242; x_wconf 81' lang='lat' dir='ltr'><strong>Latinos</strong></span> <span class='ocrx_word' id='word_1_338' title='bbox 485 4187 647 4260; x_wconf 74' lang='lat' dir='ltr'><strong>ironyr&#39;nihus</strong></span> <span class='ocrx_word' id='word_1_339' title='bbox 664 4191 770 4244; x_wconf 82' lang='grc'><strong>001000</strong></span> <span class='ocrx_word' id='word_1_340' title='bbox 784 4195 809 4244; x_wconf 84' lang='lat' dir='ltr'><strong>et</strong></span> <span class='ocrx_word' id='word_1_341' title='bbox 825 4189 901 4243; x_wconf 84' lang='lat' dir='ltr'><strong>titulo</strong></span> <span class='ocrx_word' id='word_1_342' title='bbox 917 4191 1034 4243; x_wconf 84' lang='lat' dir='ltr'><strong>nominis</strong></span> <span class='ocrx_word' id='word_1_343' title='bbox 1047 4189 1094 4242; x_wconf 86' lang='lat' dir='ltr'><strong>sui</strong></span> <span class='ocrx_word' id='word_1_344' title='bbox 1103 4190 1300 4260; x_wconf 78' lang='lat' dir='ltr'><strong>praescripsit.</strong></span> <span class='ocrx_word' id='word_1_345' title='bbox 1321 4183 1405 4243; x_wconf 88' lang='lat' dir='ltr'><strong>unde</strong></span> 
     </span>
     <span class='ocr_line' id='line_1_39' title="bbox 266 4283 1402 4368; baseline 0 -26"><span class='ocrx_word' id='word_1_346' title='bbox 266 4284 331 4344; x_wconf 86' lang='lat' dir='ltr'><strong>iure</strong></span> <span class='ocrx_word' id='word_1_347' title='bbox 349 4283 497 4343; x_wconf 91' lang='lat' dir='ltr'><strong>concludo</strong></span> <span class='ocrx_word' id='word_1_348' title='bbox 513 4283 661 4346; x_wconf 83' lang='lat' dir='ltr'><strong>isidorum</strong></span> <span class='ocrx_word' id='word_1_349' title='bbox 680 4303 778 4368; x_wconf 80' lang='lat' dir='ltr'><strong>aeque</strong></span> <span class='ocrx_word' id='word_1_350' title='bbox 795 4296 886 4366; x_wconf 89' lang='lat' dir='ltr'><strong>atque</strong></span> <span class='ocrx_word' id='word_1_351' title='bbox 902 4289 1124 4366; x_wconf 85' lang='lat' dir='ltr'><strong>Hieronymum</strong></span> <span class='ocrx_word' id='word_1_352' title='bbox 1151 4285 1206 4365; x_wconf 84' lang='lat' dir='ltr'><strong>(cf.</strong></span> <span class='ocrx_word' id='word_1_353' title='bbox 1223 4287 1402 4344; x_wconf 86' lang='lat' dir='ltr'><strong>Mommsen.</strong></span> 
     </span>
     <span class='ocr_line' id='line_1_40' title="bbox 264 4385 1403 4468; baseline -0.005 -19"><span class='ocrx_word' id='word_1_354' title='bbox 264 4385 286 4442; x_wconf 87' lang='lat' dir='ltr'><strong>l·</strong></span> <span class='ocrx_word' id='word_1_355' title='bbox 304 4405 329 4442; x_wconf 79' lang='lat' dir='ltr'><strong>e·</strong></span> <span class='ocrx_word' id='word_1_356' title='bbox 354 4407 383 4464; x_wconf 84' lang='lat' dir='ltr'><strong>p.</strong></span> <span class='ocrx_word' id='word_1_357' title='bbox 402 4396 449 4449; x_wconf 86' lang='grc'><strong>681</strong></span> <span class='ocrx_word' id='word_1_358' title='bbox 471 4406 515 4465; x_wconf 85' lang='lat' dir='ltr'><strong>sq.</strong></span> <span class='ocrx_word' id='word_1_359' title='bbox 538 4386 602 4463; x_wconf 82' lang='grc'><strong>603)</strong></span> <span class='ocrx_word' id='word_1_360' title='bbox 626 4388 764 4465; x_wconf 90' lang='lat' dir='ltr'><strong>pleniore</strong></span> <span class='ocrx_word' id='word_1_361' title='bbox 787 4389 922 4448; x_wconf 88' lang='lat' dir='ltr'><strong>chronici</strong></span> <span class='ocrx_word' id='word_1_362' title='bbox 944 4390 1025 4448; x_wconf 90' lang='lat' dir='ltr'><strong>illius</strong></span> <span class='ocrx_word' id='word_1_363' title='bbox 1050 4389 1192 4468; x_wconf 84' lang='lat' dir='ltr'><strong>exemplo</strong></span> <span class='ocrx_word' id='word_1_364' title='bbox 1215 4405 1299 4447; x_wconf 88' lang='lat' dir='ltr'><strong>usum</strong></span> <span class='ocrx_word' id='word_1_365' title='bbox 1324 4404 1403 4444; x_wconf 88' lang='lat' dir='ltr'><strong>esse.</strong></span> 
     </span>
    </p>
   </div>
   <div class='ocr_carea' id='block_1_3' title="bbox 0 0 1608 5098">
    <p class='ocr_par' dir='ltr' id='par_1_4' title="bbox 0 0 1608 5098">
     <span class='ocr_line' id='line_1_41' title="bbox 0 0 1608 5098; baseline 0 0"><span class='ocrx_word' id='word_1_366' title='bbox 0 0 1608 5098; x_wconf 95' lang='lat' dir='ltr'><strong> </strong></span> 
     </span>
    </p>
   </div>
  </div>
 </body>
</html>
