3162 5058
613 417 754 460 armena
776 419 931 462 araroant
1283 407 1340 469 sat

200 568 301 630 ulum.
344 586 428 652 quae
449 567 579 653 priuata
600 573 632 630 ot
645 567 779 652 propria
800 575 876 630 sunt
892 587 1025 650 scenae,
1049 567 1090 630 de
1112 577 1207 652 gestu
1225 577 1256 630 et
1275 589 1343 632 eor·

199 668 288 754 poris
317 666 409 730 fluxu
440 666 598 732 mollitiae
626 665 764 732 Veneris
796 677 830 732 et
857 667 970 732 Liberi
1003 667 1172 733 immolant
1205 669 1252 732 illi
1284 691 1343 756 per

199 791 313 833 sexum
341 768 387 832 illi
417 790 475 856 per
501 767 627 832 fluxum
657 767 824 851 diasolntiq
868 791 952 856 quae
974 791 1053 834 uero
1080 791 1160 834 uoce
1183 778 1215 834 ct
1238 770 1343 834 niudis

200 881 233 935 et
252 871 386 956 organis
406 880 439 934 et
464 869 544 956 lyris
567 870 810 954 transiguntur,
834 870 1006 958 Apollines
1032 881 1064 936 et
1086 871 1199 936 Musas
1227 881 1260 935 et
1285 871 1343 935 tti-

177 993 317 1054 sneruas
340 980 373 1036 et
400 971 579 1062 Mercurios
600 973 767 1058 mancipes
790 971 921 1036 habent.

283 1141 382 1229 Apud
399 1141 537 1206 maiores
556 1139 673 1204 theatri
688 1140 812 1224 gradus
828 1151 955 1218 tanturn
976 1141 1125 1224 suerunt3
1150 1165 1225 1211 uam
1244 1135 1419 1206 seenallll

198 1243 238 1308 de
266 1243 364 1328 lignis
392 1242 434 1310 ad
463 1251 590 1329 tempus
618 1242 731 1324 fiebat,
762 1243 847 1307 unde
876 1241 1037 1330 hodieque
1067 1249 1245 1330 permansit
1267 1267 1341 1308 eon·

198 1345 336 1410 suetudo
360 1353 397 1408 ut
418 1352 655 1430 componantur
670 1354 822 1431 pegmata
843 1367 864 1409 a
886 1343 1035 1410 ludorum
1053 1345 1257 1440 theatralium
1274 1345 1341 1412 edi-

198 1445 334 1509 toribus.
381 1465 478 1508 seena
501 1455 609 1508 autem
633 1467 717 1530 quae
739 1443 838 1509 fiebat
860 1455 916 1510 aut
938 1445 1068 1510 uersilis
1091 1454 1237 1510 enatant
1265 1447 1340 1512 due·

164 1567 189 1606 ro
199 1545 277 1611 tilis.
317 1545 446 1612 uersilis
464 1554 643 1627 tenuerat,
667 1569 738 1610 eum
755 1545 863 1611 subito
881 1556 949 1613 tota
968 1547 1126 1612 machinis
1145 1546 1339 1633 quibusdam

198 1647 450 1712 conuertehatur
472 1655 505 1710 et
528 1645 623 1710 aliam
648 1649 793 1734 picturae
819 1649 934 1713 faeiem
958 1648 1167 1730 ostendebat3
1210 1649 1340 1713 ductilis

198 1759 292 1829 tune,
316 1770 388 1812 cunr
408 1750 521 1812 trectis
544 1747 701 1812 tabulatis
724 1749 785 1814 hae
812 1759 909 1837 atque
937 1750 1013 1815 illae
1042 1751 1166 1836 speeies
1193 1749 1340 1835 picturae

198 1849 384 1915 nudabatur
403 1851 549 1914 interior.
586 1849 671 1937 quod
698 1850 799 1916 Varro
821 1860 854 1915 et
878 1837 1052 1916 Suetonius
1076 1859 1339 1916 commemorant.
1411 1937 1414 1944 ⁴

282 2035 361 2099 Vias
378 2045 410 2100 et
431 2035 581 2100 cardines
600 2047 720 2101 uocant
734 2035 914 2102 balteorum
931 2061 988 2125 per
1003 2037 1160 2102 arrrbiturn
1181 2047 1213 2100 et
1225 2038 1337 2102 discri·
1351 2029 1466 2104 l92**

164 2157 187 2196 n
198 2139 285 2199 mina
307 2137 510 2224 popularium
535 2161 592 2224 per
615 2139 807 2224 procliurun.
857 2137 1012 2202 cathedra
1038 2161 1165 2226 quoque
1194 2141 1337 2204 nomina-

196 2247 247 2302 tur
269 2241 392 2325 ipsein
415 2239 564 2303 nnhuetu
586 2241 629 2303 ad
650 2263 836 2303 consessum
857 2242 947 2304 situs.

276 2407 326 2470 -Vt
348 2407 427 2472 ordo
444 2417 636 2494 peragatur,
659 2412 805 2473 ineamus
828 2431 969 2494 agonum
990 2417 1209 2473 retractatum.
1247 2405 1465 2492 origol93**

197 2510 268 2572 istis
299 2509 513 2586 deluderem
540 2512 783 2596 propinquitate
813 2521 873 2575 est.
925 2509 1001 2574 inde
1030 2520 1062 2573 et
1085 2511 1147 2596 ipsi
1175 2512 1257 2574 sacri
1285 2510 1337 2573 uel

196 2699 278 2749 XIIII
298 2695 345 2746 20:
365 2701 480 2766 ‘quippe
500 2706 588 2762 erunt,
609 2701 654 2765 iqui
673 2699 722 2751 (ln.
742 2717 847 2766 (quoquo
860 2702 1020 2766 Pompeium
1039 2701 1194 2750 incusatum
1213 2717 1230 2750 a
1248 2701 1337 2750 senio·

196 2768 271 2818 ribus
290 2766 402 2830 ferrent,
422 2769 492 2834 (puori
511 2785 665 2819 marrsuram
684 2769 784 2818 theatri
803 2770 895 2820 sedem
913 2767 1067 2834 posuisset.'

285 2830 326 2886 llll
355 2837 465 2886 Servius
485 2853 578 2900 georg.
600 2837 640 2886 111
659 2837 704 2885 rr:
725 2837 774 2886 Vel
794 2852 879 2887 scena
898 2843 926 2886 ut
945 2835 1043 2902 uersisl
1071 2836 1171 2901 ‘apud
1191 2837 1339 2886 maiores

242 2903 399 2952 interior.
437 2905 506 2954 unde
521 2905 608 2969 perite
622 2911 764 2968 utrumque
778 2905 869 2968 tetigit
887 2905 994 2954 dicens:
1019 2905 1113 2954 Vereis
1126 2903 1252 2954 discedat
1265 2905 1337 2954 iron-

196 2971 282 3032 tibns;
301 2971 410 3036 singula
422 2972 536 3034 singulis
555 2971 740 3038 complectens
754 2973 932 3022 sermonibus.
969 2973 1053 3036 quod
1078 2973 1184 3022 Varro
1251 2989 1338 3022 eom-

196 3037 401 3088 ιιιειιιοῐειιιῑ.9
439 3039 564 3089 l'nlcrins
583 3041 716 3090 hlusirnus
736 3041 762 3088 II
781 3041 811 3102 4,
830 3041 857 3089 u:
879 3040 1047 3092 ‘versatilem
1068 3041 1194 3090 iecerunt
1212 3037 1335 3103 (acerram)

196 3104 304 3158 Luculli
324 3108 432 3168 (aenum
450 3125 474 3156 u.
495 3106 575 3170 675ss

285 3171 330 3226 192
341 3172 372 3206 **
390 3175 578 3224 TertnIIIanns
591 3175 623 3224 de
637 3175 806 3240 spectaculis
819 3175 847 3226 3:
873 3175 937 3224 ‘Sed
956 3175 1108 3226 lnuenimus
1127 3176 1162 3226 ad
1180 3175 1252 3226 hune
1271 3191 1335 3239 qno·

197 3259 247 3307 que
272 3243 393 3308 speciem
416 3243 554 3308 pertinere
577 3242 653 3291 illurn
677 3244 792 3308 primurn
817 3258 912 3292 nocent
932 3243 1032 3293 Dauid.
1069 3243 1149 3292 Felix
1167 3244 1218 3302 uir,
1237 3243 1337 3306 inquit,

196 3311 242 3376 qni
264 3327 319 3360 non
342 3310 413 3360 abiit
436 3311 464 3358 in
489 3309 634 3360 concilium
658 3311 800 3375 impiorum
825 3321 852 3360 et
876 3312 903 3359 in
921 3312 969 3358 uia
987 3319 1163 3375 peccatorum
1187 3326 1240 3359 non
1259 3311 1338 3360 stetit

196 3395 246 3428 nee
272 3379 299 3428 ln
323 3378 455 3427 cathedra
480 3379 597 3444 pestium
621 3377 761 3428 sedit
782 3378 864 3442 quior
900 3377 971 3442 quod
995 3383 1023 3426 et
1047 3385 1142 3426 ectcra
1166 3379 1336 3440 congruunt?

196 3463 258 3494 narn
273 3446 345 3510 apud
358 3445 547 3510 spectaculum
562 3447 630 3496 etin
644 3447 690 3496 uis
703 3451 800 3494 statur.
825 3445 900 3494 trias
914 3445 986 3494 enirn
1001 3449 1033 3494 et
1046 3443 1220 3494 cardines’
1235 3461 1258 3492 e.
1272 3461 1298 3508 q.
1312 3461 1334 3494 s.

196 3514 232 3562 cf.
253 3513 403 3563 Salmasius
423 3529 511 3562 exere.
532 3513 601 3562 Plin.
622 3511 1008 3578 p.tttnn1azoclnuscomu1.
1029 3513 1161 3576 Cotnpun.
1182 3511 1283 3560 theatri
1303 3513 1336 3562 ti-

195 3581 243 3630 tul.
263 3583 291 3631 in
310 3581 406 3632 Poleni
425 3581 513 3646 suppl.
535 3581 602 3630 thes.
624 3587 680 3630 unt.
700 3581 723 3629 V
741 3597 804 3644 pag.
824 3579 881 3628 ins.

282 3646 367 3702 llll*
379 3649 565 3698 'I'crtullianus
578 3649 611 3698 de
624 3647 792 3714 spectaculis
809 3646 851 3696 ll:
868 3647 916 3696 ‘Vt
929 3647 1010 3698 erdo
1023 3645 1219 3711 peragatur'
1235 3663 1260 3699 e.
1273 3651 1298 3712 q.
1313 3663 1334 3696 s.

196 3743 226 3754 —-
247 3717 393 3768 Suetonius
412 3717 476 3766 Ner.
497 3715 538 3764 12:
568 3715 702 3766 ‘Instituit
725 3720 753 3764 ct
770 3713 973 3779 quinquennale
997 3719 1136 3764 certarnen
1161 3715 1263 3778 primus
1281 3731 1336 3764 orn·

196 3787 270 3834 nium
290 3787 392 3836 Itomae
416 3801 489 3834 moro
509 3785 616 3834 Graeco
640 3783 754 3847 triplex„
779 3784 910 3832 musicum
935 3782 1089 3844 gymnicum
1109 3788 1245 3846 equestre,
1266 3783 1337 3846 quod

196 3853 348 3918 appellauit
366 3853 501 3914 Nerouiu;
525 3851 717 3913 dedicatisque
742 3850 853 3900 thermis
877 3855 959 3915 utque
979 3851 1123 3916 gymnasio
1141 3852 1252 3900 serratui
1270 3865 1335 3914 quo·

279 4017 296 4069 2
311 4008 467 4066 mollitiam
483 4006 596 4064 Veneri
612 4015 643 4062 et
658 4004 768 4063 Libero
787 4009 870 4079 eulpa
884 4001 896 4082 l}
913 4015 930 4066 3
947 4003 990 4062 illi
1006 4023 1060 4081 per
1076 4005 1187 4062 lirrxum
1204 4023 1258 4062 eru.
1276 4008 1300 4060 Α
1319 4000 1333 4084 ll

196 4093 335 4150 dissoluti
352 4112 430 4172 quae
448 4094 596 4148 Heroides
610 4107 649 4148 ex
664 4092 775 4148 Isidoro
792 4096 880 4163 orr'pp.
896 4091 1009 4147 XVIII
1022 4095 1073 4145 st:
1104 4087 1242 4148 ‹lissoluti
1259 4109 1336 4168 sque

196 4182 241 4236 Ab
260 4177 424 4238 dissolutis.
454 4179 542 4253 Quae
563 4179 617 4233 Aa
634 4171 646 4254 ll
661 4185 677 4234 t
694 4175 768 4253 lyris
784 4177 933 4232 Heroides
951 4175 1150 4232 sciciderat.
1166 4193 1209 4230 c.:
1225 4173 1334 4232 litteris

195 4257 382 4344 alletensi
399 4265 492 4319 Poris.
510 4267 583 4318 7959
596 4279 618 4317 s.
637 4263 667 4316 X
681 4255 694 4338 ll
709 4259 820 4334 grados
840 4261 900 4316 Vol.
916 4266 989 4316 3317
1005 4276 1027 4314 s.
1044 4261 1093 4316 XI
1105 4254 1118 4338 ll
1133 4258 1247 4316 sehena
1261 4259 1334 4316 Por.

195 4345 208 4428 ll
226 4355 241 4408 'l
262 4357 378 4406 tanturn
398 4347 437 4404 ad
456 4356 573 4424 tempus
591 4347 694 4402 Daniel
716 4339 850 4424 lliebnnt
866 4347 934 4400 Par.
952 4340 964 4422 ἱΙ
979 4353 997 4404 8
1011 4344 1184 4402 teatralium
1201 4345 1272 4402 Pur.
1290 4339 1334 4426 ll⁹

196 4433 311 4492 schena
328 4435 396 4490 Pur.
414 4427 427 4513 ΙΙ
446 4441 472 4492 ΙΙ
489 4433 606 4510 picture
631 4433 691 4488 Vnt.
717 4426 721 4510 l
741 4439 771 4490 14
793 4427 877 4488 balta
887 4449 972 4488 sarus
989 4433 1037 4486 Aa
