3138 5100
510 413 538 452 r.
552 409 732 454 nrrscrrmu
748 411 989 455 eouurnrsnrvs
1040 385 1049 400 '
1256 390 1319 454 493

183 562 234 642 plo
258 561 351 622 valde
376 560 546 622 delectatur
566 564 623 622 hac
647 564 795 624 societate
821 565 992 638 nominum,
1020 563 1157 624 Gellius:
1183 567 1211 622 in
1240 571 1322 622 terra

184 666 307 722 Graecia
322 675 351 737 1,
369 675 394 726 1.
411 675 500 737 xvll,
517 673 543 728 3.
574 677 663 732 XVII,
684 673 714 727 21
734 665 754 742 ξ
773 675 804 728 16
825 674 857 726 et
871 676 919 739 23,
942 670 1067 723 interra
1089 667 1203 724 Vmbria
1219 676 1272 738 111,
1294 673 1320 738 2,

182 768 212 824 in
233 773 314 822 terra
329 767 431 839 Africa
447 779 492 839 lv,
516 776 558 830 18.
587 779 664 840 xvi,
684 777 729 840 11,
751 770 781 826 in
801 777 882 826 terra
896 771 998 841 Italia,
1022 773 1050 824 in
1071 777 1180 826 terram
1204 771 1322 826 Laconi·

182 885 246 926 conr
268 878 344 940 xvl,
373 877 422 940 19,
448 887 487 926 en
513 877 594 928 terra
615 871 760 942 Hispania
784 881 874 944 XVII,
900 880 931 944 3,
958 879 1077 928 eterra
1096 872 1164 928 Asia
1191 881 1268 942 xlx,
1294 877 1320 932 9.

185 967 301 1028 Contra
316 971 437 1049 poetico
454 971 558 1030 colore
573 971 685 1031 tinctus
697 971 798 1030 Taciti
814 991 912 1032 sermo
928 992 990 1031 non
1006 971 1179 1049 refugiebat
1195 973 1323 1045 Capreas

183 1089 213 1129 re
230 1076 258 1130 in
277 1076 398 1130 insulam
413 1077 520 1132 abdidit
536 1074 621 1133 Ana.
635 1085 687 1156 JV,
710 1081 761 1140 67,
790 1082 821 1133 et
841 1076 866 1134 si
890 1083 1060 1154 quaesunt
1080 1075 1219 1134 similiter
1241 1073 1322 1131 dicta

184 1175 307 1234 inverso
330 1174 438 1234 ordine
458 1183 491 1234 ut
510 1179 614 1248 oppida
635 1197 652 1234 a
670 1176 785 1250 Canopo
811 1188 853 1250 11,
875 1185 923 1244 60,
950 1185 1070 1234 montem
1095 1181 1175 1251 apud
1195 1179 1322 1248 Erycum

120 1269 126 1282 ⁸
184 1259 290 1349 lv,43.
327 1276 469 1337 Ceterum
485 1297 545 1336 uno
561 1257 655 1336 verbo
672 1277 846 1356 repellendi
861 1288 933 1338 sunt
948 1279 1000 1358 qui
1017 1281 1156 1336 Graeciae
1171 1283 1199 1336 ia
1214 1287 1322 1336 terram

184 1378 436 1438 commendarunt
465 1399 528 1438 non
559 1388 723 1460 perspecta
748 1381 780 1439 vi
806 1381 1010 1460 appositionis
1040 1399 1129 1460 quarn
1159 1380 1319 1440 sanissimo

182 1481 296 1540 iudicio
319 1480 447 1541 Carolus
468 1481 679 1560 Nipperdeius
705 1502 804 1560 nuper
832 1483 998 1561 explicavit
1024 1481 1170 1561 Spicilrg.
1197 1482 1262 1540 orit.
1289 1483 1320 1540 in

184 1582 308 1642 Carmel.
324 1584 405 1662 Nep.
422 1603 452 1662 p.
467 1592 499 1646 35
516 1603 562 1663 sq.
576 1617 618 1640 .—
632 1584 735 1643 Vnum
749 1593 859 1658 restat,
877 1582 959 1664 quod
978 1583 1034 1642 etsi
1054 1582 1236 1643 dubitationi
1253 1604 1320 1643 esse

184 1683 349 1746 obnoxium
374 1685 491 1758 sentio,
522 1694 625 1744 tamen
650 1686 774 1745 silentio
800 1685 1043 1766 praetermittere
1069 1685 1211 1763 religioni
1238 1685 1320 1745 duxi.

181 1787 306 1846 Etenim
321 1805 486 1866 numquam
501 1807 565 1846 nou
582 1788 745 1847 offensioni
761 1788 855 1848 fuisse
871 1788 970 1848 fateor
986 1786 1084 1868 quod,
1107 1807 1167 1867 quo
1188 1807 1222 1846 se
1238 1807 1320 1846 reee-

183 1889 265 1968 perit
279 1888 460 1961 Terentius,
483 1887 615 1949 Graecia
630 1895 765 1948 ultima
784 1889 907 1949 dicitur:
930 1891 1012 1950 cuius
1030 1888 1154 1969 quidem
1170 1888 1321 1948 definitio·

184 1991 231 2050 nis
246 2009 357 2050 vereor
371 1999 404 2050 ut
418 1991 513 2050 ullam
525 2001 637 2050 certam
652 1993 810 2052 notionem
822 1993 916 2051 menti
933 2011 1007 2052 suae
1022 1991 1188 2052 informare
1198 2001 1320 2052 veteres

183 2093 243 2178 ipsi
259 2093 430 2172 potuerint:
456 2100 518 2152 tam
543 2094 597 2153 illa
618 2103 648 2153 et
668 2094 706 2153 ab
726 2115 782 2154 usu
804 2093 921 2154 recedit
942 2103 986 2166 et,
1013 2094 1103 2152 situm
1125 2095 1273 2154 Graeciae
1295 2093 1322 2152 si

184 2195 283 2274 qualis
304 2195 345 2254 sit
365 2197 572 2273 reputaveris,
594 2204 703 2275 suapte
725 2205 833 2256 natura
857 2196 962 2254 mirum
982 2196 1014 2254 in
1037 2195 1157 2254 modum
1184 2202 1320 2272 vagatur.

183 2297 417 2356 Remotissimae
434 2296 472 2354 ab
494 2296 568 2356 urbe
583 2297 680 2356 Roma
702 2297 766 2375 (vel
787 2298 879 2356 etiam
899 2295 1077 2372 Brundisio)
1101 2305 1203 2374 partes
1226 2295 1321 2358 Grae·

184 2399 250 2458 ciac
266 2397 484 2476 navigantibus
501 2398 624 2478 quidem
640 2419 704 2458 non
720 2401 844 2458 fuerunt
864 2398 944 2457 aliae
968 2399 1027 2457 nisi
1043 2399 1160 2470 Attica,
1182 2397 1319 2470 Euboea,

183 2501 362 2560 Thessalia:
389 2520 515 2579 quarum
541 2501 609 2560 illue
633 2499 723 2574 duas,
751 2502 802 2581 qui
826 2499 1007 2560 delitescere
1029 2499 1139 2573 vellet,
1167 2519 1229 2558 non
1251 2519 1321 2577 pro·

183 2603 264 2661 fecto
280 2603 428 2680 petiturus
446 2609 511 2661 erat
532 2613 655 2681 praeter
675 2603 765 2675 alias,
788 2623 889 2661 rursus
913 2612 1013 2661 autem
1033 2601 1123 2674 baec,
1146 2601 1318 2674 Thessalia,

183 2724 240 2782 per
253 2704 381 2784 Epirum
401 2704 459 2762 iter
485 2703 667 2763 facientibus
688 2704 781 2763 multo
805 2723 894 2784 quam
916 2705 985 2784 ipsa
999 2704 1102 2762 Attica
1122 2703 1172 2761 vel
1192 2701 1321 2761 Euboea

183 2806 386 2886 propinquior
414 2814 487 2864 erat.
537 2807 620 2884 Ergo
652 2825 842 2886 quocumque
868 2815 899 2865 te
930 2807 1076 2878 verteris,
1106 2825 1172 2864 eum
1198 2823 1321 2884 semper

184 2908 300 2988 aliquid
321 2906 437 2968 insoliti
460 2907 645 2987 multumque
666 2908 799 2987 ambigui
822 2907 935 2968 babeat
957 2911 1096 2966 Graeciae
1119 2911 1244 2964 ullamne
1267 2925 1321 2985 ap-

183 3011 326 3089 pellatio,
344 3029 406 3068 non
422 3009 498 3070 levis
514 3010 643 3088 suspitio
660 3013 794 3070 nascitur
814 3015 843 3069 in
861 3013 1010 3068 Graeciam
1028 3019 1137 3068 terram
1151 3013 1320 3068 intumum

183 3113 298 3191 petius,
317 3131 380 3190 quo
398 3119 416 3169 e'
430 3121 598 3190 conspectu
614 3113 747 3172 omnium
762 3131 795 3172 se
811 3111 1008 3185 subduceret,
1026 3112 1205 3171 Terentium
1220 3130 1320 3170 reces-

183 3215 260 3272 sisse
282 3223 405 3272 auctore
426 3213 536 3272 Porcio
559 3215 589 3272 h.
613 3233 639 3273 e.
665 3235 732 3272 eam
756 3215 789 3272 in
813 3222 924 3273 terram
944 3213 976 3271 in
999 3233 1059 3292 qua
1083 3214 1174 3272 etiam
1194 3221 1320 3271 mortem

183 3314 276 3388 obiit,
305 3335 383 3394 quae
406 3314 464 3373 luit
485 3315 629 3374 Arcadia.
666 3317 745 3374 Nam
766 3315 842 3374 nibil
868 3315 926 3374 bac
951 3317 1099 3393 pertinet,
1128 3313 1211 3393 quod
1237 3313 1320 3372 illum

182 3416 237 3475 alii
251 3417 376 3476 omnino
393 3437 456 3475 non
471 3415 504 3474 in
521 3415 698 3489 Graeciam,
721 3415 777 3475 sed
797 3418 829 3474 in
845 3417 951 3475 Asiam
966 3417 1136 3495 profectum
1153 3414 1319 3486 tradidere,

182 3526 216 3578 ut
232 3518 386 3578 Volcatius
403 3517 560 3596 Sedigitas
576 3517 657 3576 inira
673 3527 921 3578 commemoratus
937 3537 955 3576 a
971 3519 1128 3576 Suetonio.

152 3682 156 3690 ,
266 3620 341 3697 Peg.
364 3618 420 3692 28,
442 3619 462 3680 3
484 3619 528 3679 sic
543 3619 700 3679 Parisinus
718 3625 755 3678 rl:
778 3630 906 3678 rrrorlmrs
925 3629 967 3678 est
981 3621 1073 3693 infala
1095 3621 1252 3676 archadius
1270 3639 1319 3692 op·

179 3726 249 3796 pido
271 3742 298 3780 e.
322 3743 351 3802 q.
375 3743 400 3781 s.
444 3719 505 3782 Vbi
530 3725 560 3779 in
585 3724 673 3796 paolo
699 3720 767 3781 libri
790 3721 904 3780 novicii
926 3721 1081 3801 plerique,
1111 3727 1140 3779 in
1167 3723 1319 3794 stimpbalo

183 3843 250 3882 cum
259 3822 402 3883 Vrbinati
418 3823 512 3883 editio
528 3824 692 3904 princeps,
709 3826 790 3904 turpi
805 3833 838 3883 ut
854 3832 984 3902 apparet
999 3825 1187 3885 soloecismo.
1226 3819 1318 3900 Quod

183 3925 369 4004 intellegens
385 3926 514 3986 Rothius
530 3926 742 3986 soloecismum
758 3937 862 3996 tamen
879 3945 918 3984 ne
934 3928 1001 4006 ipsc
1018 3927 1142 4007 quidem
1158 3927 1239 3985 cavit
1254 3945 1321 3984 cum

183 4029 294 4088 Porcio
309 4028 386 4086 haec
401 4027 496 4086 verba
510 4027 631 4088 tribuit:
653 4029 798 4087 Mirumst
812 4029 979 4102 Stpmpircilo
997 4033 1137 4087 Arcadiae
1158 4033 1187 4086 in
1207 4030 1320 4100 dppide.

183 4129 324 4190 Tolerari
340 4139 455 4209 potest,
474 4151 565 4210 quam
580 4130 634 4189 ille
648 4131 854 4190 necessariam
871 4129 948 4188 dixit
963 4141 1086 4209 praeter
1100 4131 1275 4203 veritatem,
1291 4135 1321 4188 ia

183 4233 389 4312 praepositio:
406 4251 468 4290 non
485 4240 588 4310 potest
603 4232 733 4290 inbono
751 4233 899 4312 scriptore
917 4235 1082 4306 Slpmplmio
1098 4235 1195 4293 forma
1211 4253 1266 4312 pro
1284 4251 1320 4291 oa

184 4354 273 4413 quam
296 4333 462 4412 antiquitas
484 4335 580 4392 solam
601 4333 743 4414 probavit
760 4337 933 4408 Stymphali:
955 4335 1037 4414 quod
1060 4357 1157 4414 genus
1178 4346 1318 4396 accurata

183 4444 216 4494 ut
234 4437 313 4496 solet
330 4435 469 4494 doctriua
492 4434 573 4494 idem
593 4436 646 4495 ille
662 4436 871 4516 Nipperdeius
887 4438 907 4496 l.
923 4457 947 4497 s.
963 4459 988 4496 s.
1009 4440 1151 4498 tractavit
1175 4459 1206 4518 p.
1228 4451 1255 4502 la
1271 4459 1320 4520 sq.
