3162 5058
236 327 299 389 ³70
573 345 796 392 ovmsrrosss
817 343 1045 384 svarosrasaa

235 515 314 578 quae
327 495 365 554 de
378 496 488 554 ceteris
499 513 591 573 super
603 503 673 553 sunt
685 493 921 554 conformandae
933 503 1031 554 erunt.
1048 495 1204 572 praemisit
1215 495 1306 571 igitur
1316 495 1374 553 sin-

235 599 314 676 gulis
337 596 455 656 indices
470 598 602 656 virorum
624 615 749 676 quorum
768 595 861 654 vitam
885 604 1060 654 narraturus
1076 605 1142 654 erat
1164 616 1202 654 ex
1220 618 1302 656 more
1323 617 1374 656 an-

235 699 381 781 tiquitatis
404 699 477 758 satis
500 705 585 772 noto;
612 696 693 776 quod
714 698 744 756 in
768 717 862 757 eausa
882 697 976 756 fnisse
997 696 1194 770 videtur,-ut
1212 700 1375 780 Byzantiui

235 802 372 862 homines
394 801 501 858 mirum
528 797 612 856 illum
638 798 757 858 titulum
784 799 841 858 sibi
864 800 1072 878 confingerent
1094 797 1207 874 στέμμα
1228 790 1376 876 Ῥωμαίων

234 891 352 978 dedetis
362 895 524 976 ἐπισήμων.
545 898 655 958 deinde
667 901 858 978 praefatione
870 903 957 960 initia
969 910 1000 962 et
1012 911 1093 960 ortus
1107 901 1145 960 de
1157 921 1218 980 quo
1229 902 1377 979 agebatur

235 1007 356 1085 generis
375 1023 516 1085 quaeque
533 1001 640 1060 eodem
658 1003 845 1080 pertinerent
860 1005 960 1062 onmia
976 1011 1123 1062 executus
1138 1013 1195 1062 est.
1239 1006 1377 1064 similiter

236 1111 266 1168 in
292 1116 450 1186 poetarum
478 1103 571 1176 libro,
601 1104 777 1184 priusquam
792 1114 913 1184 poetae
942 1106 973 1163 in
994 1104 1130 1164 ordinem
1156 1105 1376 1182 digererentur,

235 1230 300 1270 rem
327 1209 427 1286 egisse
450 1206 597 1285 reliquiae
619 1205 798 1277 ostendunt,
829 1225 908 1286 quae
931 1217 983 1266 aut
1005 1207 1063 1266 ium
1090 1207 1150 1265 hue
1171 1210 1287 1268 relatae
1309 1219 1378 1269 sunt

237 1321 290 1374 aut
309 1309 490 1370 referendae
512 1305 663 1366 videntur.
700 1308 745 1366 sio
762 1307 961 1368 Casaubouus
985 1311 1186 1387 fragmentum
1202 1310 1277 1370 illud
1292 1331 1379 1388 egre-

237 1414 335 1492 gium,
363 1431 423 1492 quo
446 1411 514 1488 ipsa
535 1410 638 1488 poesis
668 1408 752 1485 origo
783 1410 955 1488 explicatur
978 1413 1039 1491 (2),
1068 1412 1127 1470 buc
1154 1413 1306 1490 pertinere
1333 1415 1377 1472 in·

237 1516 367 1577 tellexit.
395 1510 475 1593 quod
493 1511 616 1592 quidem
633 1509 788 1589 paululum
805 1511 905 1570 differt
920 1515 1071 1573 aratione
1091 1515 1122 1571 in
1137 1513 1377 1592 praefationibus

238 1638 316 1699 quae
332 1623 505 1695 supersunt
520 1613 695 1691 conspicua.
715 1612 804 1670 iubis
821 1615 902 1672 enim
917 1616 1025 1672 artium
1039 1615 1165 1673 historia
1178 1635 1214 1673 ex
1229 1635 1267 1674 ea
1278 1623 1378 1674 aetate

238 1719 395 1802 repetitur,
411 1735 473 1794 qua
488 1733 590 1774 earum
601 1713 703 1772 studia
715 1714 841 1790 primum
857 1715 961 1774 urbem
974 1717 1070 1775 inlata
1085 1717 1155 1775 sint.
1184 1735 1264 1796 quae
1280 1715 1377 1774 diver·

239 1821 315 1878 situs
332 1819 362 1876 in
374 1818 441 1895 ipsa
458 1816 583 1892 originis
595 1815 772 1874 diversitate
785 1818 886 1894 posita
903 1827 959 1876 est.
992 1839 1062 1876 num
1075 1819 1178 1897 poesis
1192 1819 1304 1878 Latina
1319 1837 1379 1878 non

239 1919 416 1999 simpliciter
428 1936 466 1975 ex
479 1916 612 1976 Graecia
621 1915 740 1974 adscita
753 1926 799 1976 est
813 1926 846 1974 ut
863 1921 1062 1995 grarnmatica
1078 1929 1108 1978 et
1123 1919 1282 1992 rhetorica,
1302 1939 1379 2000 quae

240 2031 321 2083 artes
339 2030 370 2079 ct
384 2021 510 2078 Romam
527 2017 641 2076 inlatae
663 2027 734 2077 sunt
753 2026 784 2077 et
806 2021 926 2080 eumad
944 2031 1121 2098 argumenta
1137 2023 1247 2080 Latina
1263 2039 1379 2080 accom-

239 2121 434 2184 modarentur
448 2127 531 2178 totae
546 2116 585 2176 ad
603 2117 774 2196 exemplum
791 2121 977 2180 Graecorum
992 2122 1266 2182 conformabantur.
1299 2133 1379 2182 cete·

240 2245 306 2284 rum
331 2223 438 2284 eadem
461 2221 578 2280 ratione
598 2220 695 2280 Varro
719 2222 758 2281 de
780 2225 929 2300 poematis
950 2223 987 2282 ad
1009 2227 1149 2302 poeticae
1171 2225 1300 2284 Latinae
1323 2227 1379 2284 ori-

240 2328 328 2404 gines
350 2333 380 2384 et
407 2323 446 2384 ad
469 2322 586 2400 priscos
613 2321 681 2382 illos
708 2331 795 2388 vates
824 2325 992 2405 faunosque
1023 2326 1221 2386 descendisse
1251 2327 1379 2387 videtur.

242 2429 282 2490 cf.
304 2427 342 2486 de
365 2426 469 2502 lingua
484 2423 595 2481 Latina
614 2423 673 2482 Vll
688 2435 732 2489 36.
771 2446 832 2505 qua
854 2447 886 2485 re
903 2447 963 2486 non
976 2428 1210 2506 inprobabiliter
1224 2429 1380 2507 suspicere

242 2549 280 2590 ea
302 2545 381 2609 quae
397 2521 479 2603 apud
497 2523 649 2584 Isidorum
672 2527 873 2602 fragmentum
901 2529 976 2588 illud
998 2531 1125 2590 Suetoni
1146 2531 1302 2609 excipiunt
1325 2531 1379 2608 (ef.

240 2651 269 2710 p.
282 2628 323 2705 4),
336 2649 403 2688 cum
414 2627 452 2686 de
464 2627 543 2684 vatis
557 2626 756 2703 originatione
769 2639 870 2704 agunt,
885 2629 1030 2691 Suetonio
1044 2631 1159 2692 deberi.
1172 2653 1250 2713 quae
1263 2635 1381 2692 coniec-

242 2743 310 2792 tura
332 2750 369 2790 eo
394 2727 517 2809 quidem
536 2728 720 2802 infirmatur,
741 2729 823 2808 quod
838 2731 1017 2793 Isidorianis
1038 2733 1140 2793 verbis
1161 2737 1311 2794 Serviane
1329 2733 1383 2812 (ad

242 2833 322 2894 Aen.
344 2832 393 2890 111
414 2829 478 2904 4⁴3)
500 2839 532 2888 et
554 2831 621 2908 ipsa
642 2830 695 2889 illa
713 2851 792 2911 quac
816 2833 907 2892 citavi
930 2835 1018 2894 nitido
1043 2835 1234 2896 Varroniano
1256 2838 1382 2896 inmixta

242 2933 415 2994 videantur.
438 2931 547 3011 quibus
570 2942 672 2992 tamen
694 2933 840 2994 detractis
859 2945 996 2996 remanet
1021 2936 1102 3016 quod
1122 2937 1290 3017 pleniorem
1316 2939 1381 2997 fon·

244 3042 305 3094 tem
320 3031 437 3112 prodat.

327 3134 437 3194 Poesis
451 3134 617 3206 notatione,
634 3155 712 3215 quae
727 3136 815 3196 simul
832 3139 1004 3217 fragmento
1024 3139 1077 3199 illo
1096 3141 1286 3220 describitur,
1306 3143 1381 3202 Sue-

244 3237 362 3310 tonius,
385 3235 466 3316 quod
493 3234 615 3314 quidem
637 3237 737 3296 multis
768 3239 838 3298 aliis
861 3239 1049 3302 documentis
1080 3243 1154 3303 satis
1177 3243 1338 3322 probatur,
1364 3263 1383 3304 a

244 3337 410 3420 puerilibus
423 3338 489 3398 istis
503 3340 767 3416 grammaticorum
785 3349 921 3402 veterum
936 3345 1023 3422 nugis
1042 3365 1075 3406 se
1090 3367 1149 3405 non
1166 3347 1299 3406 alienum
1314 3365 1382 3406 esse

245 3439 395 3513 ostendit,
415 3459 451 3499 eo
465 3441 561 3518 magis
573 3441 631 3500 boc
646 3441 713 3500 loco
730 3442 899 3515 mirandus,
917 3445 997 3526 quod
1015 3467 1081 3506 oum
1096 3448 1127 3506 in
1144 3448 1188 3506 eis
1206 3467 1285 3528 quae
1298 3446 1384 3506 addit

244 3547 361 3618 eiusque
376 3543 507 3616 suctores
517 3553 621 3616 poetae
643 3564 747 3604 verum
769 3555 894 3625 etymon
914 3545 946 3604 in
970 3555 1075 3626 aperto
1096 3550 1228 3627 positum
1250 3549 1382 3608 sensisse

245 3643 400 3717 videatur,
420 3663 458 3704 ea
476 3645 562 3725 quasi
579 3646 699 3723 gemina
713 3647 799 3706 verbi
813 3647 917 3706 radice
930 3647 1049 3726 prolatu
1065 3656 1158 3709 totam
1174 3669 1238 3710 rem
1254 3650 1384 3710 maxime

245 3744 402 3824 pervertit.

331 3847 470 3906 Alterum
497 3849 694 3925 praefationis
721 3851 937 3928 fragmentum,
969 3872 1028 3930 quo
1061 3852 1126 3912 eius
1157 3852 1383 3912 reconcinnatio

247 3965 431 4025 magnopere
460 3946 637 4022 adiuvatur,
665 3949 778 4026 legitur
805 3952 886 4032 apud
913 3953 1095 4014 Diomedem
1117 3953 1176 4014 ΙΙΙ·
1195 3975 1223 4032 p.
1249 3963 1319 4030 482,
1352 3963 1384 4017 lt

250 4059 323 4110 14—
337 4057 403 4122 492,
432 4059 465 4112 14
486 4046 566 4126 (3*).
604 4057 697 4110 totam
721 4055 801 4112 enim
820 4053 899 4113 banc
923 4053 1156 4134 disputationem
1181 4054 1219 4115 de
1234 4057 1383 4134 poematis

246 4150 409 4226 generibus
421 4151 567 4212 Suetonio
581 4149 686 4210 deberi
699 4153 735 4213 O.
746 4155 870 4214 Iahnius
882 4154 1042 4214 intellexit.
1061 4155 1100 4216 cf.
1113 4177 1189 4218 mus.
1203 4159 1301 4217 Rhea.
1313 4176 1383 4218 nov.

248 4250 344 4311 VIIII
353 4271 384 4330 p.
396 4261 457 4316 629.
479 4251 691 4332 Tranquillum
706 4255 825 4315 scilieet
835 4255 865 4315 in
879 4255 938 4316 fine
957 4259 1021 4318 eins
1035 4267 1068 4317 ut
1085 4269 1238 4319 auctorem
1250 4259 1385 4319 nominat

248 4351 413 4412 Diomedes
426 4372 484 4412 nec
495 4363 565 4416 aute
576 4375 686 4418 nomeu
702 4357 833 4416 auctoris
845 4359 896 4438 qui
910 4360 1036 4440 propius
1049 4359 1087 4418 ad
1100 4362 1289 4438 grammatici
1300 4369 1384 4421 aeta·
